4009 6159
378 553 460 621 raas
806 517 1262 621 omaronmsnucan.

378 748 472 792 causa
492 728 639 791 arborum
661 733 692 790 et
714 727 875 808 stirpium,
899 726 944 788 sic
963 723 1059 787 buius
1080 722 1306 787 luctuosissimi
1326 720 1402 782 belli
1421 739 1530 782 semen
1543 727 1578 782 tu
1593 718 1692 782 luisti.

377 821 497 883 Doletis
529 829 592 884 tres
624 821 779 883 exercitus
812 820 921 904 populi
951 818 1082 882 Romani
1110 815 1308 880 interiectos:
1339 812 1497 877 interiecit
1525 812 1690 876 Antonius.

379 913 567 977 Desideratis
588 915 776 977 clarissimos
798 916 898 977 cives:
921 933 976 975 eos
992 931 1121 996 quoquo
1142 911 1235 973 nobis
1250 908 1365 991 eripuit
1379 907 1545 970 Antonius.
1576 907 1691 969 Aucto·

375 1008 451 1069 ritas
472 1007 564 1070 buius
587 1007 707 1070 ordinis
728 1007 845 1071 afflicta
866 1015 928 1069 est:
957 1006 1072 1069 afflixit
1091 1005 1257 1067 Antonius.
1295 1000 1409 1064 Omnia
1436 1000 1588 1082 denique,
1609 1018 1691 1080 quae

354 1106 486 1182 spartea
507 1101 642 1164 vidimus
663 1135 704 1174 -,-
727 1102 803 1185 quid
826 1109 929 1164 autem
952 1101 1026 1164 mali
1048 1120 1112 1162 non
1127 1097 1290 1161 vidimus?
1314 1127 1350 1138 -
1372 1096 1399 1158 si
1421 1102 1505 1157 recte
1526 1092 1691 1156 ratiocina-

194 1205 232 1318 [p‘
375 1194 491 1268 bimur,
513 1195 568 1257 uni
590 1203 720 1278 accepta
740 1195 911 1259 referemus
926 1194 1074 1257 Antonio.
1111 1194 1151 1256 Ut
1164 1191 1285 1254 llelena
1300 1190 1461 1262 Troianis,
1484 1190 1529 1251 sic
1543 1189 1603 1274 iste
1617 1188 1691 1252 buic

375 1287 585 1370 reipublicae
607 1288 681 1350 belli
703 1309 812 1363 causa,
841 1307 936 1351 causa
957 1289 1057 1371 pestis
1079 1294 1173 1369 atque
1199 1283 1288 1348 exitii
1308 1282 1378 1344 suit.
1413 1282 1566 1365 Reliquas
1588 1289 1692 1363 partes

375 1380 551 1443 tribunatus
572 1381 719 1466 principii
742 1383 872 1446 similes.
907 1382 1020 1445 Omnia
1042 1380 1190 1464 perfecit,
1213 1397 1294 1462 quae
1320 1384 1448 1439 senatus
1470 1375 1557 1439 salsa
1575 1397 1610 1439 re
1634 1397 1692 1458 pn·

374 1474 458 1536 blica
480 1494 519 1536 nc
542 1471 609 1538 ficri
631 1485 762 1557 possent
783 1477 966 1558 perfecerat.
1009 1476 1105 1538 Cuius
1127 1483 1231 1537 tamen
1254 1471 1355 1535 soclus
1384 1471 1416 1532 iu
1438 1469 1557 1537 scelere
1578 1488 1692 1552 cogno·

339 1567 462 1630 ⁴⁰scite.
506 1569 620 1630 XXlll.
648 1567 698 1631 56.
728 1571 924 1633 Restituebat
952 1571 1066 1632 multos
1098 1568 1314 1632 calamitosos:
1344 1566 1377 1627 in
1408 1565 1449 1627 iis
1475 1564 1578 1647 patrui
1605 1564 1693 1626 nulla

375 1663 502 1724 mentio.
539 1663 572 1724 Si
595 1683 739 1738 severus,
762 1684 818 1726 cur
839 1684 902 1726 non
924 1664 957 1725 in
980 1665 1113 1724 ornnes?
1137 1661 1163 1723 si
1184 1660 1378 1734 misericors,
1402 1678 1457 1721 cur
1471 1677 1533 1720 nou
1549 1658 1584 1720 in
1598 1660 1691 1720 suos?

376 1755 438 1816 Sed
460 1756 569 1818 omitto
593 1764 731 1820 ceteros:
763 1756 918 1820 Licinium
939 1755 1134 1819 Denticulam
1156 1754 1196 1816 de
1218 1753 1287 1816 alea
1307 1753 1566 1824 condemnatum,
1594 1750 1693 1814 collu-

258 1827 281 1942 έ
375 1868 478 1911 sorem
501 1869 608 1924 suum,
636 1851 790 1925 restituit,
821 1850 910 1934 quasi
933 1871 1007 1912 vero
1029 1847 1137 1911 ludere
1160 1869 1230 1910 cum
1253 1845 1461 1910 condemnato
1484 1866 1549 1908 non
1569 1845 1691 1909 liceret:

376 1919 442 2005 sed
455 1949 505 2016 ut,
529 1945 615 2026 quod
637 1944 670 2007 in
692 1944 761 2006 alea
783 1945 978 2028 perdiderat,
999 1941 1153 2004 beneficio
1176 1942 1253 2022 legis
1269 1940 1463 2003 dissolveret.
1494 1941 1597 2015 Quam
1610 1949 1693 2004 attu-

339 2045 366 2092 ⁴5
376 2037 441 2099 listi
474 2039 624 2100 rationem
658 2038 776 2120 populo
806 2039 946 2100 Romano
978 2056 1033 2098 cur
1060 2055 1130 2098 eum
1158 2036 1281 2098 restitui
1305 2037 1492 2116 oporteret?
1523 2036 1691 2098 Absentem

376 2131 471 2193 credo
494 2133 526 2193 in
547 2151 618 2194 reos
641 2132 789 2207 relatum;
820 2151 884 2193 rem
915 2131 1034 2194 indicta
1062 2149 1156 2191 causa
1178 2128 1361 2203 iudicatam
1389 2128 1512 2191 nullum
1533 2128 1631 2192 fuisso
1652 2129 1692 2190 dc

377 2223 445 2286 alea
467 2224 536 2305 lege
557 2224 722 2300 iudicium;
750 2225 779 2287 vi
803 2245 986 2308 oppressum
1009 2230 1040 2286 et
1061 2223 1171 2298 armis3
1202 2230 1379 2304 postremo,
1411 2223 1497 2305 quod
1520 2222 1560 2284 de
1580 2231 1692 2305 patruo

376 2323 430 2379 tuo
459 2317 634 2392 dicebatur,
665 2319 799 2400 pecunia
829 2318 977 2380 iudicium
1007 2337 1076 2380 esso
1099 2325 1287 2398 corruptum.
1321 2315 1406 2377 Nibil
1426 2315 1551 2379 borum.
1586 2319 1626 2379 At
1644 2318 1694 2380 vir

376 2411 478 2474 bonus
501 2418 532 2474 et
552 2432 586 2473 re
608 2412 736 2494 publica
757 2412 881 2495 dignus.
913 2412 998 2473 Nibil
1021 2411 1053 2473 id
1070 2410 1200 2492 quidem
1221 2409 1262 2471 ad
1282 2430 1367 2484 rem,
1390 2429 1450 2491 ego
1472 2419 1592 2486 tamen,
1614 2431 1694 2493 quo·

339 2507 461 2569 soniam
484 2507 722 2569 condemnatum
746 2526 814 2569 esse
837 2525 893 2590 pro
916 2506 1016 2568 nibilo
1040 2512 1103 2578 est,
1131 2505 1175 2566 ita
1196 2504 1402 2584 ignoscerem.
1439 2504 1606 2567 Hominem
1627 2525 1694 2568 om·

376 2601 461 2662 nium
485 2601 729 2682 nequissimum,
752 2602 808 2684 qui
831 2620 894 2663 non
909 2600 1068 2662 dubitaret
1081 2599 1131 2660 vel
1153 2599 1186 2680 in
1207 2597 1277 2659 ioro
1292 2597 1362 2660 alea
1376 2597 1495 2672 ludere,
1518 2598 1597 2680 lege,
1612 2619 1694 2682 quae

377 2700 426 2754 est
447 2694 485 2755 de
508 2693 592 2768 alea,
616 2695 857 2757 condemnatum
879 2696 933 2777 qui
955 2695 988 2756 in
1011 2695 1167 2776 integrum
1188 2692 1339 2765 restitnit,
1362 2691 1389 2753 is
1412 2711 1475 2753 non
1497 2695 1693 2775 apertissime

376 2787 515 2850 studium
537 2808 627 2852 suum
650 2789 718 2870 ipsc
740 2785 924 2871 profitetur?
965 2786 1016 2849 57.
1038 2788 1074 2848 lu
1097 2786 1209 2850 eodem
1232 2805 1306 2847 vero
1329 2784 1503 2859 tribunatu,
1526 2808 1595 2850 cum
1619 2788 1695 2851 Cae·

377 2899 428 2943 sar
449 2880 482 2942 in
504 2880 685 2964 Hispaniam
707 2879 907 2966 proficiscens
923 2881 997 2944 buio
1012 2881 1254 2944 conculcandam
1270 2879 1391 2942 ltaliam
1405 2880 1596 2956 tradidisset,
1603 2876 1693 2965 (quae

206 2980 302 3078 ff«
339 2973 437 3066 isfuit
458 2975 526 3037 eius
548 2976 724 3057 peragratio
748 2976 912 3037 itineruml
936 2975 1079 3038 lustratio
1101 2954 1363 3071 municipiorum)
1385 2974 1457 3062 Scio
1479 2993 1529 3036 me
1551 2974 1584 3037 in
1600 2977 1692 3039 rebus

377 3067 629 3131 celebratissimis
659 3069 799 3132 omnium
828 3089 972 3132 sermono
1002 3070 1117 3131 versari
1143 3088 1261 3151 eaque,
1292 3087 1373 3150 quae
1396 3068 1468 3129 dico
1490 3067 1692 3153 dicturusque

376 3181 461 3236 sum,
484 3162 608 3225 notiora
630 3183 699 3226 esso
722 3162 884 3237 omnibus,
907 3163 961 3246 qui
984 3163 1018 3224 in
1039 3162 1130 3225 ltalia
1151 3171 1216 3225 tum
1237 3162 1382 3237 fuerunt,
1405 3181 1498 3244 quam
1521 3163 1614 3239 mibi,
1637 3165 1692 3247 qni

376 3276 440 3321 non
460 3255 524 3319 ini:
547 3258 664 3319 notabo
687 3264 791 3320 tamen
813 3258 953 3338 singulas
974 3277 1041 3330 res,
1063 3257 1123 3318 etsi
1145 3256 1233 3318 nullo
1254 3256 1349 3319 modo
1370 3256 1488 3337 poterit
1508 3257 1607 3320 oratio
1625 3277 1693 3320 mea

376 3353 452 3414 satis
479 3350 583 3414 facere
611 3357 732 3412 restrae
759 3351 919 3413 scientiae.
964 3350 1089 3413 Etenim
1118 3351 1203 3433 qnod
1233 3371 1384 3433 umquam
1405 3351 1439 3411 in
1461 3350 1552 3412 terris
1575 3357 1693 3414 tanturn

339 3444 527 3528 andaginum
551 3443 710 3507 exstitisse
731 3443 874 3507 auditum
896 3445 966 3506 esti
989 3452 1107 3507 tantam
1128 3444 1375 3527 turpitudinem?
1397 3451 1519 3506 tantum
1535 3443 1693 3508 dedecusi

443 3673 467 3722 4.
486 3677 508 3722 st
523 3671 648 3732 iatripirsm
663 3670 686 3721 V
704 3697 730 3707 -
750 3671 914 3720 lactiosirsimi
930 3672 952 3719 V
971 3694 998 3706 -
1017 3671 1042 3719 i.
1061 3671 1107 3719 tris
1122 3671 1145 3718 V
1163 3697 1190 3707 -
1209 3671 1348 3733 interiectos
1364 3681 1418 3720 om.
1435 3683 1450 3719 e
1469 3696 1496 3705 -
1515 3671 1540 3721 3.
1558 3672 1652 3721 ciabV
1664 3699 1693 3709 -

376 3747 446 3798 nobis
462 3759 523 3798 nos:
543 3745 611 3796 bosia
627 3745 663 3805 V;
680 3745 750 3795 cobis
766 3747 830 3806 Do,
849 3746 897 3797 sed
914 3747 935 3795 D
953 3747 1044 3807 cripuit
1059 3746 1129 3794 uobis
1145 3771 1173 3782 ·-
1192 3745 1216 3796 4.
1236 3747 1339 3810 adflicta
1354 3749 1389 3795 444
1405 3747 1504 3810 addicit
1514 3747 1537 3795 V
1547 3748 1695 3810 (auctoritas

377 3823 544 3873 --Aotoaias
560 3834 612 3872 om.
632 3821 657 3882 a)
680 3848 707 3856 —
735 3823 760 3872 44.
779 3835 829 3871 coc
849 3835 902 3872 om.
921 3822 941 3869 V
966 3847 994 3858 -
1020 3822 1228 3871 ratiocincuimas
1243 3821 1266 3870 V
1284 3847 1311 3858 -
1340 3821 1363 3872 6.
1382 3821 1453 3871 clena
1469 3821 1490 3870 V
1506 3847 1540 3858 —-·
1563 3822 1693 3871 44441-

378 3899 402 3948 ’4.
422 3897 476 3947 bctii
491 3910 583 3962 causo,
601 3910 678 3947 44444
695 3895 782 3946 Klotz:
806 3897 860 3947 beili
877 3911 955 3947 44444
965 3898 999 3957 V;
1018 3910 1097 3946 causa
1114 3897 1181 3958 betti,
1199 3911 1278 3947 ccccc
1292 3898 1340 3948 Di)
1354 3923 1380 3933 -
1400 3898 1475 3947 anicii
1491 3899 1567 3960 agi:
1585 3899 1662 3948 ocimi
1672 3899 1695 3945 V

377 3999 410 4010 -
419 3977 514 4035 perires
525 3972 546 4021 V
559 3999 586 4008 -
599 3972 623 4022 8.
639 3971 759 4034 principii
769 3984 794 4034 g,
807 3973 837 4021 ut
846 3970 928 4021 voluit
940 3973 1076 4023 Garatoni:
1092 3973 1215 4034 principio
1227 3987 1257 4030 a;
1274 3973 1404 4035 principiis
1414 3971 1462 4022 Vb
1473 3973 1511 4022 t0
1525 3995 1552 4008 -
1567 3973 1607 4023 44).
1624 3973 1696 4022 reati·

377 4053 460 4098 tuerat
474 4047 495 4096 V
509 4073 536 4083 -
555 4047 581 4095 in
596 4047 633 4096 iris
649 4059 690 4110 ag
707 4071 734 4082 -
755 4048 795 4096 tt.
813 4061 897 4096 acuero
909 4044 953 4107 V¹,
972 4059 1068 4098 seueros
1084 4045 1130 4104 V²;
1148 4049 1169 4096 si
1185 4061 1284 4098 4444444
1295 4073 1330 4084 --
1342 4061 1426 4098 manas
1435 4049 1580 4099 Arusianus
1596 4061 1622 4112 p.
1635 4047 1692 4098 ili.

379 4148 407 4158 -
419 4123 446 4170 io
458 4135 510 4171 om.
524 4135 575 4171 a-
594 4123 673 4171 omnis
686 4121 707 4170 V
721 4148 748 4157 -
766 4120 959 4172 inmisericorrb
974 4148 999 4157 -
1022 4123 1061 4171 ts.
1073 4122 1202 4173 4444444444
1213 4127 1237 4183 4,
1254 4123 1381 4173 iiciroma
1396 4149 1423 4158 -
1441 4123 1692 4174 Dmticuicmet:

378 4197 530 4247 lecticulam
546 4197 628 4259 ⁸1⁸0,
647 4194 834 4259 Λεπίκουλος
852 4199 1002 4247 nominatur
1018 4198 1128 4247 ultione
1145 4197 1185 4260 is,
1197 4197 1236 4248 44.
1248 4224 1275 4233 -
1296 4199 1502 4259 condempnatur
1518 4199 1623 4248 mei-
1638 4213 1692 4248 con·

377 4273 483 4322 terrorem
493 4272 561 4334 Vag
575 4297 599 4308 —
620 4271 661 4322 43.
673 4272 806 4334 conqueri
822 4273 905 4322 tudere
916 4273 1041 4323 Muretus.
1057 4297 1085 4308 -
1102 4275 1168 4336 cam]
1185 4287 1234 4322 444
1245 4287 1261 4336 g
1274 4299 1300 4309 -
1313 4274 1522 4335 mndsmpnatou
1537 4301 1564 4310 -
1578 4273 1618 4325 tt.
1631 4275 1696 4336 qood

377 4347 418 4397 itis
433 4349 460 4396 44
472 4347 529 4397 also
540 4345 631 4397 bamb.
647 4374 674 4383 -
689 4347 913 4396 cuaiitritctioncm
926 4349 1014 4409 popuii
1028 4348 1160 4397 romeriV
1176 4349 1274 4410 (popolo
1291 4348 1370 4408 corr.)
1384 4373 1411 4384 -
1430 4350 1470 4397 ta.
1483 4351 1652 4411 oprcptsrctV
1665 4375 1692 4385 -

379 4423 419 4472 46.
437 4435 507 4472 rcum
524 4435 540 4485 g
558 4445 585 4458 ·-
604 4422 758 4472 medicalem
774 4425 827 4472 t—
840 4423 870 4472 ds
886 4436 916 4471 44
932 4424 1048 4485 satyriam
1064 4424 1086 4471 V
1102 4451 1135 4460 -
1153 4425 1192 4473 tr.
1211 4424 1329 4473 iodicium
1343 4423 1396 4487 4444
1410 4425 1422 4472 4
1438 4449 1465 4460 -
1485 4424 1526 4474 49.
1542 4426 1581 4475 rci
1594 4439 1621 4487 p.
1634 4424 1652 4475 b
1665 4451 1693 4460 -

376 4499 489 4562 publicas
505 4498 609 4547 dinusV
621 4523 648 4534 -
667 4511 712 4562 apo
728 4499 764 4548 V:
783 4504 806 4548 ct
822 4501 898 4562 4441)
911 4525 944 4535 -
960 4499 1001 4547 20.
1016 4513 1065 4560 pro
1080 4499 1190 4560 cibitort,
1207 4501 1245 4548 ita
1257 4500 1366 4563 scripsi:
1382 4513 1431 4560 pro
1447 4499 1522 4548 oibiio
1540 4501 1655 4561 (sibilocii
1665 4499 1696 4549 V’

380 4587 415 4624 m.
431 4574 486 4635 4444·
501 4575 538 4623 ita
549 4573 570 4621 V
582 4573 625 4637 (ci.
644 4573 678 4624 do
696 4587 794 4637 genere
812 4573 901 4624 mendi
917 4574 938 4622 si
955 4586 1002 4636 pro
1019 4579 1040 4622 st
1051 4573 1085 4622 od
1096 4586 1122 4637 p.
1137 4574 1209 4636 ⁴255,
1221 4575 1262 4624 20.
1282 4574 1354 4634 tros,
1368 4575 1407 4624 ta.
1426 4574 1498 4636 lidi,
1510 4574 1551 4624 23.
1569 4576 1694 4637 traaas.

381 4649 456 4706 ⁴275,
475 4647 512 4709 l};
533 4662 580 4711 pro
596 4649 671 4698 4444444
688 4655 735 4710 cri,
753 4651 775 4698 si
791 4652 827 4699 iic
843 4655 902 4699 esrai
919 4651 969 4698 ΒΟ
988 4650 1036 4712 (ita
1051 4663 1102 4698 csso
1116 4663 1286 4712 copcoscsrcm
1301 4650 1422 4699 mmiocm
1438 4651 1547 4700 44444444
1562 4652 1591 4714 at
1605 4677 1632 4686 -
1651 4652 1696 4700 bo-

379 4723 477 4785 minem]
494 4725 523 4772 14
539 4723 621 4773 codam
637 4737 697 4773 uero
713 4726 834 4775 bominem
845 4725 867 4774 V
880 4724 1021 4787 (aberravit
1037 4724 1123 4775 scriba
1141 4724 1176 4774 ed
1186 4738 1211 4774 v.
1224 4725 1279 4786 23),
1297 4738 1369 4774 nemo
1385 4727 1447 4775 44444
1463 4729 1474 4775 4
1490 4753 1523 4762 -
1538 4725 1579 4775 24.
1597 4725 1696 4787 4444444-

379 4798 439 4846 mma
457 4801 467 4846 t
483 4823 510 4833 -
530 4798 573 4860 qui
588 4811 637 4846 noo
659 4799 782 4849 dubitaret
803 4800 843 4848 444
862 4799 918 4861 foro
935 4800 990 4861 (sic)
1009 4799 1067 4849 4444
1082 4799 1165 4848 luders
1180 4800 1324 4849 Arusianus
1342 4813 1367 4863 p.
1385 4799 1434 4850 rit
1452 4802 1478 4850 4..
1498 4827 1526 4838 -
1543 4802 1584 4851 cci
1597 4802 1624 4850 irr
1640 4801 1696 4862 foro

380 4871 504 4921 dubitaret
524 4873 582 4920 t-
603 4873 654 4936 laps
671 4874 704 4922 V:
727 4873 767 4924 444
788 4875 876 4938 44441)
897 4901 923 4912 -
943 4877 982 4924 22.
1001 4875 1207 4937 condanpnatrorr
1226 4875 1247 4923 D
1266 4898 1293 4908 -
1316 4875 1343 4921 ia
1360 4887 1413 4924 om.
1432 4877 1467 4925 at
1490 4902 1517 4912 -
1540 4876 1581 4927 23.
1596 4877 1696 4926 4444444444

380 4961 434 4998 sam
450 4948 500 5008 ipsc
513 4949 672 5010 proflmetur
688 4947 710 4996 V
724 4975 750 4986 -
770 4949 933 5011 postcomm·
950 4951 975 4999 in
986 4949 1009 4998 V
1021 4962 1080 4999 voc.
1094 4959 1199 4998 erasum
1211 4949 1260 4996 est.
1275 4973 1303 4984 -
1321 4946 1362 4998 24.
1379 4949 1495 5010 hispania
1511 4953 1521 4999 t
1539 4978 1566 4988 -
1585 4951 1625 5000 25.
1637 4964 1696 5000 4444-

380 5023 520 5083 nicipomm
535 5022 585 5070 scio
601 5022 690 5072 crasV
710 5049 735 5058 -
758 5023 799 5072 26.
818 5025 927 5074 omnium
946 5037 1082 5074 ammonas
1098 5023 1133 5078 V:
1156 5035 1268 5072 rcrcroos
1287 5025 1429 5074 omisimus
1450 5053 1483 5062 -
1505 5027 1616 5076 44444444
1630 5039 1646 5076 a
1661 5051 1696 5062 -

381 5099 422 5148 27.
439 5096 714 5147 csrsomnibastt:
732 5098 908 5150 maudunense
924 5101 993 5162 ago
1013 5125 1040 5135 -
1058 5098 1123 5147 italo
1140 5099 1160 5147 V
1179 5122 1205 5134 -
1225 5104 1278 5148 tam
1294 5111 1347 5149 om.
1366 5103 1425 5148 t—
1440 5101 1481 5151 28.
1497 5101 1547 5163 fuit
1561 5097 1592 5149 V¹
1609 5127 1635 5138 -
1653 5105 1695 5149 ta-

381 5186 437 5222 4444
452 5173 479 5222 io
496 5173 516 5220 V
533 5198 566 5210 -
582 5172 720 5236 sinpoiorcs
734 5186 775 5222 res
791 5171 808 5223 b
828 5201 855 5210 —-
877 5175 918 5226 29.
935 5176 1019 5238 [acm
1034 5186 1087 5223 om.
1106 5185 1121 5222 a
1139 5197 1166 5210 ·-
1184 5178 1269 5225 4444444
1284 5179 1307 5226 44
1322 5176 1438 5227 edendos
1453 5176 1476 5224 V
1495 5201 1522 5212 -
1540 5174 1581 5225 34).
1598 5178 1695 5225 motam

381 5249 557 5315 4444444444
573 5249 676 5300 Ernesti
692 5246 804 5300 inclusit.
