4009 6159
681 581 989 649 amaru-xro.
1016 578 1230 666 §saa-aa
1534 567 1616 638 rica

330 779 335 788 ·
381 751 433 816 34.
455 755 606 826 Audbtis,
627 755 754 826 iudices,
775 761 918 835 mum
933 753 1029 817 Clodii
1050 752 1224 816 interfuerit
1238 751 1339 816 occidi
1354 751 1522 814 Milonem:
1543 767 1618 812 con-

297 849 408 913 vertite
430 850 551 912 animos
573 867 656 910 nnnc
677 845 816 910 vicissim
837 848 877 910 ad
899 847 1059 911 Milonem.
1100 846 1184 922 Quid
1207 847 1332 910 Milonis
1353 847 1503 908 intererat
1523 844 1619 905 inter·

295 941 345 1008 lici
370 941 537 1006 Clodium?
571 941 654 1017 Quid
677 950 761 1017 crat,
791 963 845 1005 cur
865 941 942 1004 Milo
964 962 1031 1004 non
1053 941 1155 1004 dicam
1177 941 1369 1014 admitteret,
1396 939 1451 1002 sed
1473 937 1617 1020 optaret?

297 1035 468 1100 «Obstabat
496 1036 529 1099 in
555 1056 612 1118 spe
634 1036 817 1100 consulatus
838 1036 949 1098 Miloni
973 1035 1131 1099 Clodius.»
1174 1037 1215 1097 At
1237 1055 1274 1098 eo
1297 1040 1492 1118 repugnante
1513 1030 1617 1104 fiebat,

295 1132 391 1196 immo
415 1149 489 1193 voro
512 1150 550 1192 eo
572 1126 666 1192 tiebat
687 1131 803 1212 magis,
826 1151 886 1192 nec
908 1151 958 1192 me
981 1131 1187 1212 suffragatore
1209 1128 1340 1192 meliore
1354 1126 1502 1190 utebatur
1523 1143 1641 1208 quomo

296 1224 419 1288 Clodio.
451 1223 584 1288 Valebat
605 1224 690 1306 apud
711 1243 786 1298 vos,
813 1223 951 1298 iudices,
982 1223 1111 1286 Milonis
1134 1242 1208 1306 erga
1237 1244 1287 1286 me
1310 1241 1439 1305 remque
1460 1219 1617 1304 publicam

295 1319 474 1383 meritorum
494 1318 661 1392 memoria,
683 1317 830 1381 valebant
844 1338 955 1400 preces
970 1327 1002 1380 et
1017 1318 1165 1380 lacrimae
1180 1324 1321 1390 nostrae,
1344 1315 1460 1399 quibus
1476 1320 1617 1397 egotam
1744 1304 1770 1396 ᾗ)

295 1433 351 1475 vos
372 1408 502 1475 mirifice
524 1411 642 1474 moveri
666 1397 856 1486 sentiebam,
885 1412 941 1474 sed
963 1412 1036 1494 plus
1057 1412 1155 1474 multo
1178 1411 1301 1474 valebat
1326 1409 1537 1493 periculorum
1560 1406 1618 1468 im-

294 1507 498 1588 pendentium
527 1506 631 1570 timor.
671 1507 750 1581 Quis
780 1507 864 1569 enim
885 1513 953 1568 erat
974 1507 1106 1580 civium,
1138 1507 1195 1590 qui
1221 1505 1282 1568 sibi
1304 1504 1438 1567 solutam
1459 1504 1493 1564 P.
1517 1498 1617 1564 Clodii

294 1607 473 1683 praeturam
495 1600 564 1661 sine
586 1601 721 1663 maximo
743 1619 847 1662 rerum
870 1619 1022 1664 novarum
1045 1607 1130 1662 metu
1151 1602 1367 1682 proponeret?
1402 1597 1543 1660 Solutum
1563 1614 1654 1660 au·to

295 1702 357 1756 tem
379 1693 446 1757 lore
470 1692 642 1766 videbatis,
665 1692 726 1755 nisi
748 1695 881 1757 essetis
903 1695 1029 1768 consul,
1052 1695 1108 1778 qui
1131 1714 1200 1757 eam
1215 1692 1346 1757 auderet
1359 1697 1528 1776 possetque
1543 1707 1619 1751 con·
1699 1767 1703 1775 ι

294 1789 457 1870 stringere.
489 1789 569 1850 Eum
591 1787 742 1850 Milonem
763 1807 860 1851 unum
883 1807 953 1851 esse
975 1809 1047 1851 cum
1069 1790 1200 1851 sentiret
1221 1788 1388 1850 universus
1404 1785 1539 1869 populus
1555 1784 1618 1844 Ro·

293 1901 421 1955 manus,
456 1881 529 1966 quis
561 1882 718 1945 dubitaret
746 1882 894 1964 suffragio
924 1902 981 1944 suo
1011 1903 1046 1945 se
1075 1891 1178 1957 metu,
1209 1881 1349 1964 periculo
1372 1877 1617 1962 rempublicam
1648 1898 1651 1904 ·

293 1976 449 2039 liberaret
471 1978 512 2038 ut
532 1995 633 2049 nunc,
657 1976 768 2039 Clodio
791 1983 927 2050 remoto,
949 1976 1071 2041 usitatis
1093 1978 1155 2040 iam
1176 1977 1270 2040 rebus
1292 1973 1476 2038 enitendum
1499 1970 1619 2034 estMi·

293 2069 372 2142 loni,
399 2077 435 2131 nt
463 2076 590 2132 tueatur
618 2068 801 2150 dignitatem
832 2089 939 2143 suam;
970 2071 1137 2153 singularis
1164 2070 1218 2134 illa
1241 2078 1272 2132 et
1297 2069 1370 2132 buic
1390 2068 1446 2132 uui
1468 2083 1654 2130 concessare

293 2162 403 2244 gloria,
426 2182 509 2246 quae
531 2164 676 2246 quotidie
699 2165 873 2246 augebatur
893 2164 1078 2247 frangendis
1099 2165 1258 2228 furoribus
1275 2161 1446 2234 Clodianis,
1468 2161 1530 2223 iam
1547 2158 1618 2221 Clo-

294 2257 338 2320 dii
366 2264 466 2319 morte
496 2256 621 2320 cecidit.
667 2259 729 2322 Vos
758 2258 865 2341 adepti
894 2259 987 2332 estis,
1020 2278 1060 2320 ne
1090 2278 1185 2342 quem
1215 2259 1314 2320 civem
1337 2253 1534 2317 metueretis:
1566 2251 1617 2314 bie

294 2350 552 2414 exercitationem
573 2351 715 2424 virtutis,
737 2353 989 2434 suffragationem
1006 2353 1203 2426 consulatus,
1225 2352 1344 2414 iontem
1365 2368 1536 2435 perennem
1551 2345 1618 2428 glo·

294 2445 360 2508 riae
382 2465 460 2508 suae
482 2443 631 2527 perdidit
664 2447 775 2530 ltaque
796 2446 924 2508 Milonis
940 2447 1133 2520 consulatus,
1155 2447 1211 2530 qui
1225 2435 1423 2509 vivo'Clodio
1438 2439 1617 2506 labefactari

294 2558 358 2602 non
385 2545 523 2622 poterat,
556 2548 679 2602 mortuo
711 2539 849 2623 denique
878 2541 1024 2624 temptari
1052 2547 1184 2623 coeptus
1214 2547 1271 2602 est.
1314 2542 1385 2602 Non
1406 2538 1500 2601 modo
1522 2536 1654 2619 igiturao

293 2631 374 2695 nibil
395 2631 541 2715 prodest,
564 2633 619 2695 sed
643 2635 733 2696 obest
754 2634 848 2697 etiam
865 2633 968 2696 Clodii
989 2654 1074 2696 mors
1089 2633 1210 2698 Miloni.
1246 2630 1296 2694 35.
1315 2634 1374 2694 rat
1386 2632 1485 2694 valuit
1499 2630 1617 2702 odium,

291 2727 367 2790 tecit
394 2728 507 2800 iratus,
539 2725 614 2788 fecit
642 2727 804 2800 inimicus,
836 2728 895 2791 fuit
921 2727 1006 2790 ultor
1031 2727 1184 2801 iniuriae,
1217 2728 1363 2812 poenitor
1393 2726 1512 2789 doloris
1536 2724 1614 2788 sui.»

295 2820 403 2896 Quid‘l
425 2820 453 2882 si
474 2819 568 2894 baec,
590 2839 654 2882 non
679 2821 749 2884 dico
772 2823 889 2885 maiora
911 2822 1037 2884 luerunt
1058 2823 1091 2885 in
1108 2821 1218 2884 Clodio
1240 2842 1334 2905 quam
1356 2824 1390 2884 in
1403 2821 1539 2894 Milone,
1561 2817 1618 2881 sed

292 2916 325 2978 in
348 2915 403 2978 illo
425 2914 579 2989 maxima,
608 2914 694 2976 nulla
717 2916 749 2977 in
771 2915 850 2991 boe,
876 2916 953 2999 quid
975 2915 1071 2979 vultis
1093 2916 1250 2999 amplius?
1284 2915 1369 2991 Quid
1391 2915 1476 2978 enim
1497 2913 1618 2976 odisset

294 3007 440 3071 Clodium
474 3009 568 3083 Milo,
602 3016 739 3092 segetem
769 3031 805 3073 ac
834 3011 997 3073 materiem
1026 3029 1102 3073 suae
1130 3011 1264 3092 gloriae,
1297 3017 1422 3093 praeter
1441 3009 1502 3072 boc
1524 3007 1654 3074 civilett

291 3101 417 3176 odium,
439 3123 503 3187 quo
522 3107 636 3166 'omnes
654 3087 819 3187 ffirobos
840 3105 988 3167 odimus?
1024 3104 1082 3167 llls
1104 3112 1171 3166 erat
1192 3112 1227 3166 ut
1248 3104 1382 3179 odisset,
1404 3104 1540 3188 primum
1562 3103 1617 3165 de·

289 3194 450 3259 tonsorem
471 3195 582 3260 salutis
604 3218 711 3272 meae,
742 3198 858 3261 deinde
879 3205 1062 3262 vexatorem
1088 3199 1220 3273 luroris,
1250 3197 1437 3261 domitorem
1458 3217 1617 3262 armorum

290 3309 437 3361 suorum,
470 3298 630 3372 postremo
664 3292 759 3355 etiam
792 3299 1006 3356 accusatorem
1039 3313 1149 3368 suum;
1183 3313 1255 3356 reus
1285 3277 1368 3355 oniba
1397 3293 1525 3356 Milonis
1546 3292 1632 3373 lege
1721 3293 1726 3300 '

290 3383 391 3446 Plotia
411 3383 472 3446 luit
494 3385 640 3459 Clodius,
664 3385 768 3469 quoad
789 3387 878 3449 vixit.
912 3386 984 3461 Quo
1007 3385 1134 3448 tandem
1148 3387 1254 3450 animo
1269 3387 1331 3450 boc
1345 3394 1512 3470 tyrannum
1527 3385 1616 3448 illum

290 3477 400 3539 tulisse
423 3479 571 3541 creditis?
594 3488 746 3563 quantum
770 3479 877 3543 odium
899 3479 984 3542 illius
1008 3481 1092 3544 etin
1114 3481 1242 3544 bomine
1264 3482 1381 3544 iniusto
1404 3500 1497 3565 quam
1521 3481 1652 3544 etiamen

292 3571 409 3635 iustum
432 3571 552 3636 luisset
907 3626 913 3638 .
1158 3577 1159 3582 ’

375 3665 458 3728 XIV.
481 3662 532 3728 36.
555 3667 723 3752 Reliquum
746 3675 811 3773 est,
825 3667 876 3758 (ut
897 3670 961 3732 iam
982 3670 1073 3732 illum
1095 3677 1207 3734 natura
1234 3670 1334 3753 ipsius
1356 3670 1615 3754 consuetudoque
1697 3665 1764 3750 ›22‹

355 4007 379 4054 t.
396 4004 607 4066 Audistis--qut
627 4003 673 4052 eibi
697 4005 805 4054 solutam
821 4006 854 4068 (v.
872 4006 897 4067 9)
914 4017 969 4055 om.
988 4005 1067 4057 codd.
1086 4005 1195 4056 Tulliani
1217 4019 1320 4057 omnes.
1346 4008 1418 4056 lnter
1437 4005 1520 4057 verba
1542 4007 1615 4058 dobeo

289 4083 316 4131 et
331 4082 358 4132 P.
371 4080 450 4132 modii
466 4080 491 4130 tn
508 4079 528 4130 E
544 4081 755 4144 superscriptum
772 4082 830 4130 est:
852 4081 924 4130 deest.
950 4082 1084 4132 mennam
1102 4080 1216 4145 explevit
1232 4083 1370 4144 Peyronus
1386 4095 1402 4132 o
1419 4082 1511 4134 codice
1522 4085 1550 4146 P,
1570 4085 1614 4147 qut

288 4154 372 4204 babet
387 4153 469 4204 verba
485 4155 562 4217 suerit
577 4155 655 4206 occidi
667 4181 703 4192 --
714 4155 767 4205 iem
782 4156 853 4205 iitsan
868 4169 904 4204 oo
915 4157 949 4218 (v.
962 4153 1013 4218 32).
1028 4182 1055 4192 -
1074 4156 1182 4206 Audistis
1198 4159 1349 4219 Peyrouns:
1367 4158 1542 4210 Durmnstraoi
1552 4173 1614 4210 cum

286 4230 380 4281 Beiero
398 4230 460 4279 0-
477 4229 556 4280 Clodii
571 4231 711 4291 interfuerit
727 4231 853 4280 Beiems:
874 4232 959 4281 Clodio
972 4233 1098 4295 prodierit
1115 4235 1261 4295 Peyronue.
1283 4259 1310 4270 -·
1328 4231 1353 4283 l.
1370 4233 1402 4284 At
1417 4247 1446 4286 eo
1462 4237 1612 4298 Peyronus:

288 4305 431 4354 odsoP-
459 4305 484 4355 6.
502 4309 600 4366 oputP
620 4332 647 4342 -
674 4307 819 4368 Termes
840 4309 858 4356 P
876 4333 904 4342 -
922 4308 947 4358 8.
965 4310 1088 4372 mirificos
1105 4311 1124 4360 P
1143 4336 1170 4346 -
1188 4310 1407 4371 inpendentiumP
1427 4337 1454 4350 υ·
1473 4312 1614 4364 sulcate

286 4397 321 4418 -ι
341 4380 380 4429 tt).
395 4385 577 4443 prosprooeret
594 4381 687 4444 (prium
705 4383 732 4431 et
748 4381 866 4432 secunda
884 4379 986 4442 syllaba
1005 4396 1053 4446 per
1069 4383 1266 4448 compendium)
1285 4385 1345 4434 T-
1363 4389 1447 4436 auum
1463 4400 1516 4437 om.
1530 4387 1572 4437 TS
1584 4413 1611 4424 -

288 4456 328 4504 tt.
346 4468 396 4504 coe.
414 4457 434 4505 P
454 4480 476 4492 -
501 4457 540 4506 te.
558 4456 632 4518 Eum]
649 4469 706 4505 cum
722 4458 742 4507 Τ
761 4483 788 4492 -
807 4457 833 4506 P.
846 4458 875 4506 ii.
893 4459 927 4517 P;
948 4471 996 4519 sp.
1012 4460 1031 4509 T
1050 4486 1077 4496 -
1097 4461 1137 4510 43.
1155 4473 1200 4510 mio
1216 4473 1242 4510 se
1257 4464 1337 4522 nutu,
1352 4461 1464 4523 poison
1480 4475 1533 4512 ran
1547 4476 1573 4524 p.
1588 4464 1614 4514 in

285 4532 533 4581 cessauerant·
553 4531 592 4582 il.
607 4532 691 4582 Clodio
706 4533 770 4584 PE:
791 4547 825 4595 .p.
838 4532 922 4584 Clodio
939 4535 985 4584 TS
998 4560 1026 4570 -
1047 4536 1086 4586 tt.
1105 4540 1128 4583 et
1145 4537 1178 4584 P:
1197 4547 1251 4585 om.
1265 4536 1335 4586 TES
1348 4561 1374 4572 ·-
1395 4537 1434 4586 to.
1453 4539 1541 4589 cotidie
1558 4539 1612 4600 PT,

286 4605 384 4656 cottidie
399 4605 420 4655 E
439 4632 466 4642 -
484 4606 571 4671 Clodii]
589 4607 657 4658 Clodi
675 4609 693 4658 P
712 4633 739 4642 —
760 4608 799 4658 t8.
817 4609 909 4671 sontem
926 4611 987 4669 cet]
1010 4609 1181 4671 Quintilianus
1198 4612 1268 4670 Vlll,
1287 4611 1311 4670 6,
1330 4612 1360 4662 7:
1380 4611 1487 4661 «cicero
1504 4626 1552 4676 pro
1566 4615 1614 4664 Mi·

286 4679 345 4730 lone
364 4678 485 4732 Clodium
501 4682 594 4744 tontum
609 4681 706 4745 pieriae
723 4683 780 4734 etos
792 4686 871 4735 vocat
887 4686 914 4733 et
931 4682 981 4734 alio
999 4683 1059 4736 loco
1075 4687 1107 4746 (v.
1121 4686 1278 4748 balneatum
1294 4699 1325 4736 oc
1340 4687 1496 4736 nemmem.»
1511 4713 1536 4724 —
1553 4701 1614 4750 per·

285 4757 388 4806 moero
404 4757 493 4807 TE-
512 4757 553 4806 20.
571 4758 690 4818 conpleri·
706 4759 799 4808 PTE:
819 4759 910 4808 uotam
921 4761 942 4809 0
955 4785 983 4794 -
996 4761 1054 4810 Non
1069 4760 1141 4810 modo
1154 4773 1248 4822 --pro
1265 4760 1291 4810 in
1302 4763 1321 4812 P
1333 4763 1498 4812 evanuerunt
1509 4765 1615 4826 praeter

286 4831 400 4881 litteram
417 4829 550 4882 initialem.
566 4857 592 4866 -
612 4832 651 4881 tt.
662 4832 827 4893 nidtipmdm
838 4835 858 4884 T
871 4861 897 4872 ·-
917 4835 982 4884 clodi
997 4837 1030 4892 Ρ;
1051 4849 1084 4898 .p.
1097 4835 1171 4885 clodii
1187 4837 1235 4886 TE
1245 4837 1262 4884 S
1275 4863 1302 4872 —
1321 4837 1362 4888 at.
1378 4838 1492 4899 poenitor
1508 4839 1540 4888 T:
1556 4851 1614 4898 poe·

285 4907 355 4956 uitia·
370 4908 404 4967 P;
420 4907 538 4968 poenitor
554 4907 588 4965 E3
603 4908 708 4968 penum
724 4909 771 4958 SO
785 4935 811 4944 -
830 4908 871 4959 23.
890 4911 955 4971 Quiri
970 4911 992 4959 si
1009 4935 1048 4948 --
1064 4911 1092 4959 in
1107 4911 1199 4960 Mitem
1215 4909 1316 4961 babent
1333 4911 1468 4962 Charisius
1484 4912 1518 4971 ll,
1538 4913 1579 4972 aa,
1597 4913 1613 4962 6

286 4984 313 5033 et
328 4980 472 5032 Diomedes
488 4995 514 5044 p.
527 4983 585 5041 387,
599 4981 638 5033 ll.
654 5011 681 5019 -
702 4984 762 5033 boec
778 4997 843 5045 quoe
859 4980 1002 5036 Diomedes
1019 4984 1144 5042 Putscbii,
1162 4984 1211 5035 sed
1222 4983 1282 5034 cod.
1296 4987 1396 5036 Moneo.
1409 4999 1480 5037 saec.
1494 4987 1535 5036 lx.
1555 4986 1613 5037 llal·

285 5058 339 5108 mio
357 5059 424 5110 teste
441 5054 524 5107 babet
538 5057 599 5107 teuc
614 5071 665 5107 noo
684 5085 710 5094 —
729 5059 770 5110 tl.
788 5059 863 5108 nouis
877 5061 938 5110 P-
957 5060 998 5109 25.
1017 5060 1150 5108 materiam
1167 5061 1187 5109 P
1204 5084 1231 5094 -
1250 5059 1292 5110 26.
1309 5060 1426 5122 inprobos
1441 5063 1500 5111 P-
1519 5062 1614 5111 odisset

285 5135 304 5184 P
322 5159 350 5169 -
369 5134 520 5197 detonsorem
535 5133 623 5182 edatis
637 5146 699 5182 suos
714 5135 750 5192 T;
774 5133 862 5184 aciatis
875 5146 946 5184 meaa
962 5135 1149 5195 defensoremE
1168 5160 1195 5170 -
1219 5135 1260 5185 28.
1276 5141 1428 5197 postrorum
1447 5139 1467 5188 P
1485 5161 1512 5172 ·-
1535 5150 1612 5186 ocur-

284 5214 393 5259 setorem
412 5222 460 5259 aas
480 5209 507 5258 in
528 5211 547 5259 P
570 5211 744 5259 evanuerunt.
767 5235 793 5244 -
823 5221 881 5259 mass
898 5208 1108 5272 saiw-quood
1126 5211 1192 5260 vicit
1214 5211 1332 5276 ineptum
1354 5209 1487 5262 emblema
1507 5210 1612 5262 videtur

284 5283 374 5333 Bakio.
396 5310 422 5319 -
441 5283 482 5334 29.
499 5282 587 5348 Plotio]
604 5285 630 5334 P.
650 5284 718 5334 Clodi
735 5286 754 5335 P
773 5311 800 5321 -
818 5284 938 5336 itlutnP:
957 5298 1012 5336 om.
1032 5285 1136 5336 TESO
1154 5313 1181 5325 -
1202 5286 1407 5340 saracene.
