4009 6159
378 556 462 625 4394)
789 564 941 632 aalma
962 562 1185 633 murita
1205 561 1289 631 xm.

255 760 259 767 ·
378 730 469 829 niusa
495 728 613 794 trihuni
634 732 767 815 prhnum
789 732 851 798 dun
878 734 1049 817 designati,
1078 736 1192 821 Tillius
1209 734 1378 808 Hostilius,
1410 734 1468 818 qni
1489 751 1548 798 erre
1567 736 1638 798 iuss
1657 735 1691 797 h
1735 780 1739 791 .

377 834 467 907 porta
487 844 605 889 nomn
626 825 800 910 inscripsit,
822 848 894 909 qua,
916 848 987 891 cum
1003 829 1138 911 prodere
1152 829 1372 913 imperatorem
1387 848 1478 891 sunm
1493 848 1558 891 uun
1571 828 1692 913 potuis*

378 926 443 992 sat,
468 918 614 1002 reliquit:
640 918 721 982 alter
746 928 795 984 est
821 922 1004 1003 designatus
1024 924 1162 986 Insteius
1182 923 1291 985 nescia
1311 922 1382 1005 qni,
1410 921 1516 997 iuriis,
1535 929 1572 985 ut
1592 924 1691 995 aiunt,

376 1011 470 1103 latro,
493 1031 588 1096 quem
599 1020 704 1075 tamea
719 1021 944 1097 temperantem
959 1015 1055 1079 inisse
1069 1016 1173 1079 ierunt
1189 1017 1309 1079 Pisauri
1324 1016 1548 1079 halusaturem.
1570 1012 1621 1079 27.
1637 1016 1693 1078 Ss-

255 1103 263 1119 “
355 1098 517 1193 capiuntur
536 1106 594 1169 alii
620 1106 797 1183 trileunicii,
817 1110 854 1171 Τ.
875 1108 1009 1172 Plancus
1031 1109 1064 1171 in
1086 1111 1209 1193 primis:
1231 1110 1286 1192 qni
1307 1109 1333 1173 si
1354 1117 1498 1173 senatum
1518 1109 1692 1180 dilexisset,

375 1220 546 1284 numquam
568 1200 686 1262 curiam
707 1200 908 1265 incendisset.
945 1204 1016 1278 Quo
1037 1204 1155 1267 scelere
1178 1205 1344 1268 damnatus
1364 1205 1399 1267 in
1421 1224 1490 1267 sam
1512 1205 1622 1267 nrhem
1644 1222 1693 1266 re

376 1296 435 1359 diit
454 1294 558 1367 armis,
579 1311 619 1356 sx
634 1312 698 1377 qua
712 1302 891 1358 exassssrat
912 1296 1044 1378 legibus.
1074 1296 1136 1361 Sed
1157 1298 1218 1361 hnc
1233 1298 1262 1361 ei
1278 1316 1445 1361 commune
1459 1318 1529 1362 cun
1551 1298 1692 1383 plurilsru

375 1390 425 1453 sni
453 1386 635 1451 simillimis:
663 1387 742 1450 illud
769 1396 874 1451 tamen
900 1390 1027 1465 mirum,
1058 1392 1144 1473 quod
1171 1392 1205 1455 in
1225 1390 1285 1455 huc
1306 1391 1421 1455 Planco
1443 1390 1599 1475 proverbii
1620 1390 1691 1452 lucu

375 1483 439 1547 dici
465 1482 563 1545 solat:
591 1481 694 1565 perire
723 1500 794 1545 eum
823 1502 887 1545 auu
913 1504 1022 1565 posse,
1051 1485 1112 1548 nisi
1144 1486 1174 1549 ei
1202 1504 1295 1550 crura
1313 1484 1411 1548 inacta
1432 1493 1548 1549 essent.
1583 1484 1692 1548 Fracta

337 1585 463 1652 insunt,
493 1584 525 1639 et
545 1575 630 1639 risit.
665 1576 734 1638 lluc
754 1584 877 1650 tamem
902 1576 1023 1639 utalia
1044 1576 1161 1653 malta,
1188 1578 1324 1661 Aquilae
1346 1578 1498 1641 reseratur
1518 1586 1690 1661 acceptum·

373 1674 458 1737 xnl.
480 1672 537 1735 list
558 1671 652 1733 etiam
673 1669 717 1731 ihi
739 1668 868 1745 Decius,
888 1670 928 1732 ah
949 1670 1028 1745 illis,
1051 1678 1087 1733 nt
1108 1672 1231 1754 opinor,
1253 1672 1396 1735 linrihns
1419 1668 1562 1755 [Deciis],
1584 1674 1691 1755 itaque

375 1765 518 1830 Caesaris
539 1780 670 1828 munera
688 1764 776 1827 rasit.
812 1764 976 1827 lJeaiurnm
992 1764 1119 1848 quidem
1142 1764 1421 1829 multeiutervallu
1435 1784 1492 1849 per
1504 1764 1589 1828 hunc
1601 1784 1692 1849 prae-

265 1935 271 1950 ,
373 1860 493 1924 clarum
513 1858 616 1923 uirum
644 1858 795 1920 memoria
821 1864 970 1920 renovata
994 1864 1053 1920 est.
1095 1859 1213 1923 Saxam
1231 1878 1306 1921 veru
1327 1858 1491 1921 Decidium
1519 1859 1691 1941 praeterire

251 1981 255 1990 ,
375 1953 430 2037 qni
451 1970 593 2037 possum,
614 1950 780 2013 homiuem
798 1949 967 2014 mdnuum
989 1970 1031 2014 en
1051 1950 1174 2015 ultimis
1192 1951 1357 2034 gentihus,
1382 1958 1419 2014 ut
1439 1970 1511 2015 eum
1532 1952 1691 2015 tribunum

237 2030 249 2054 ³
336 2048 416 2131 sspl.
437 2047 631 2119 rideremus,
654 2044 749 2127 duem
770 2043 870 2107 ciram
891 2062 1065 2128 numquam
1080 2045 1282 2109 videramus?
1325 2040 1377 2107 28.
1398 2046 1455 2108 Est
1469 2046 1597 2129 quidem
1613 2044 1693 2108 alter

374 2142 524 2216 Scaena,
546 2138 602 2203 sed
624 2158 735 2201 omnes
758 2131 885 2221 [umes]
908 2144 1027 2201 tanatum
1047 2139 1165 2202 hahent
1185 2138 1420 2202 similitudieem
1441 2140 1524 2202 inter
1537 2159 1587 2215 se,
1609 2138 1691 2203 utin

253 2248 271 2300 ,s
373 2254 481 2298 eurum
509 2233 767 2318 praenominibus
796 2251 907 2295 errem.
948 2234 1013 2296 liec
1039 2251 1116 2296 vers
1138 2232 1162 2313 †
1182 2233 1336 2307 Extitius,
1367 2232 1565 2315 Philadelphi
1585 2232 1691 2319 iratas,

244 2331 250 2343 '
373 2338 536 2413 quaestor,
558 2325 855 2410 praetermittendus
875 2332 942 2401 est,
964 2344 1022 2401 ns,
1045 2328 1071 2389 si
1093 2325 1133 2389 de
1154 2326 1328 2389 clarissime
1343 2324 1546 2389 adolescente
1563 2325 1691 2398 siluero,

372 2422 525 2486 invidisse
546 2422 656 2485 videar
675 2421 823 2483 Antonio.
858 2420 916 2482 list
936 2420 1032 2483 etiam
1046 2420 1173 2483 Asinius
1195 2419 1324 2503 qnidam
1345 2426 1471 2483 senatur
1483 2418 1691 2491 valuntarius,

335 2516 473 2584 aelectus
498 2517 608 2600 ipsea
631 2534 675 2578 se.
716 2516 863 2597 Apertam
884 2514 1004 2577 curiam
1025 2514 1106 2577 uidit
1126 2520 1200 2598 pusi
1220 2512 1362 2577 Caesaris
1384 2507 1533 2577 murlem:
1560 2512 1692 2576 mutavit

373 2612 514 2687 calceos,
534 2618 622 2695 pater
643 2610 839 2690 conscriptus
860 2614 991 2689 repente
1012 2606 1114 2671 iactus
1135 2614 1192 2671 est.
1234 2608 1305 2669 lion
1326 2606 1401 2669 novi
1425 2606 1498 2671 Sex.
1518 2606 1690 2681 Albesium,

372 2706 429 2771 sed
457 2712 562 2769 umen
583 2703 741 2767 neminem
766 2710 831 2765 tam
852 2699 1040 2763 maledicum
1062 2700 1195 2775 offendi,
1223 2700 1278 2783 qui
1300 2700 1389 2762 illum
1410 2696 1539 2781 ueg'aret
1559 2700 1689 2782 dignum

371 2800 501 2863 Antonii
522 2804 644 2862 senatu.
682 2796 823 2859 arbitrtu
844 2814 893 2857 mu
915 2793 1042 2877 aliquos
1068 2794 1272 2876 praeterisse:
1302 2793 1342 2856 de
1363 2794 1401 2855 iis
1423 2801 1545 2866 tamen,
1569 2793 1623 2876 qui
1637 2812 1690 2854 uc·

372 2894 552 2966 cusrehunt,
580 2898 686 2955 tacere
711 2909 775 2953 nun
803 2889 901 2971 potui.
937 2886 1006 2949 lioc
1026 2888 1121 2970 igitur
1141 2886 1239 2949 iratus
1262 2892 1372 2950 senatu
1393 2886 1618 2970 Pompeianam
1640 2905 1690 2948 se·

333 2995 479 3054 sanatum
501 2985 649 3070 despicit,
670 2986 704 3047 iu
726 3002 790 3067 qun
812 2982 922 3045 decem
941 2981 1279 3070 fuimus-consulares:
1302 2983 1357 3065 qui
1373 2982 1399 3044 si
1415 3000 1523 3044 omnes
1538 2980 1689 3056 virerent,

436 3306 460 3357 i.
478 3304 571 3356 tribuni
591 3301 739 3353 Ferrarius:
763 3300 885 3350 tribunitii
905 3300 931 3357 t;
954 3298 1080 3350 tsihsmicii
1101 3296 1160 3348 ahi
1184 3325 1212 3335 -
1236 3298 1320 3349 tullius
1335 3296 1371 3349 bl
1388 3325 1421 3336 -
1437 3298 1461 3349 2.
1480 3310 1543 3361 pua,
1561 3310 1617 3348 cum
1632 3295 1688 3349 lieu

371 3379 415 3445 (il,
433 3392 461 3445 p.
474 3378 545 3441 lid:
565 3378 608 3440 pai
623 3390 680 3427 cum
697 3374 774 3427 cedd.
789 3378 818 3426 et
831 3376 860 3425 0.
880 3376 971 3438 «quasi
988 3377 1092 3438 portam
1111 3374 1248 3437 (Mutinae,
1266 3376 1296 3424 nt
1309 3374 1424 3439 opinor),
1443 3386 1495 3437 qua
1511 3374 1688 3439 prndltiusem

369 3462 466 3513 mura
488 3452 598 3507 multas
615 3452 652 3503 ad
666 3451 808 3502 intersum
826 3449 947 3513 lusisset,
970 3462 1105 3514 mamque
1121 3447 1183 3499 inde
1200 3448 1278 3499 lanati
1295 3448 1416 3501 homiues
1432 3450 1538 3513 portam
1553 3447 1687 3499 liastiliam

370 3534 502 3593 dicerent,
519 3532 549 3580 ut
564 3526 750 3592 triumphalem
766 3527 826 3591 post
843 3528 945 3576 unium
961 3524 1063 3577 lacinus
1075 3526 1180 3575 nomine
1192 3537 1241 3575 sno
1253 3524 1428 3576 dedicasset.»
1444 3550 1471 3562 -
1487 3524 1604 3587 potuisset
1619 3526 1685 3575 mei:

367 3619 448 3681 posses
462 3612 483 3662 0
502 3634 529 3645 -
548 3606 572 3657 3.
590 3604 697 3665 reliquid
712 3606 723 3653 4
743 3629 770 3639 -
788 3603 891 3653 isutsiru
906 3600 1047 3651 Gruterus:
1065 3600 1165 3649 lusiciae
1181 3600 1228 3659 at;
1246 3598 1347 3647 ipsiciru
1362 3596 1395 3659 b;
1413 3598 1504 3649 44444444
1520 3600 1544 3660 i;
1565 3598 1687 3649 94444ωο

371 3720 399 3731 -
412 3689 468 3753 quis
483 3687 531 3736 i-
550 3682 575 3733 4.
587 3682 790 3742 umanum
801 3690 817 3727 a
829 3702 857 3713 -
869 3678 953 3740 [must
967 3676 1043 3738 saissa
1058 3676 1103 3724 4-
1116 3674 1214 3724 Puduit
1229 3676 1248 3735 4,
1268 3676 1297 3723 nt
1308 3674 1376 3724 cuni.
1390 3674 1538 3725 Ferrarius:
1556 3673 1636 3723 kauri
1652 3670 1684 3733 b;

368 3748 1203 3818 madai-mpuuuwt-htsihuuttiitnsihuaiia-
1223 3748 1618 3807 Y.h:utt;0m.a;G.i-
1637 3748 1687 3797 tm-

366 3838 526 3906 pesmtrt-
545 3829 832 3893 emanarant·
854 3827 969 3878 ndiiti:
989 3822 1178 3875 amiabi-
1199 3820 1438 3884 impanent:
1460 3821 1584 3885 apaan
1607 3832 1687 3884 apuu

368 3918 434 3968 4)-
453 3914 477 3964 ei
493 3922 546 3962 om.
564 3909 576 3957 4
592 3930 621 3943 -
641 3903 757 3967 plautius
771 3901 849 3953 aht:
869 3900 985 3964 piurimis
999 3900 1037 3949 io
1056 3926 1083 3935 -
1103 3898 1127 3949 8.
1145 3897 1184 3947 sui
1199 3896 1329 3947 demumr
1345 3897 1450 3961 Pighius
1468 3896 1525 3959 (sed
1541 3898 1564 3947 is
1581 3894 1686 3947 soluere

368 3993 414 4043 ,rer
429 3987 508 4050 ml:
529 3979 698 4033 dissiudilims
713 3977 792 4028 codd.
810 4002 838 4013 -
862 3976 934 4026 44444414
948 3988 965 4024 a
984 4000 1011 4010 -
1033 3973 1126 4023 mitian
1142 3969 1230 4021 lllotz:
1251 3985 1340 4022 mem
1357 3970 1435 4023 codd.
1454 3972 1482 4021 et
1498 3971 1532 4029 ὓς
1556 3972 1688 4033 propriam

368 4065 488 4121 Emeeti3
513 4060 597 4110 44444444
615 4066 703 4106 cortun
724 4055 779 4106 Itan
796 4054 831 4113 11,
853 4066 880 4117 p.
899 4053 930 4103 80
951 4051 1012 4115 pust
1027 4048 1191 4112 annulum,
1219 4047 1263 4109 qui
1284 4046 1318 4097 ad
1334 4046 1409 4097 verr.
1428 4060 1454 4111 p.
1474 4044 1521 4095 443
1536 4058 1588 4095 aaa
1601 4058 1688 4095 usum

367 4136 554 4207 proposuerat,
577 4133 607 4181 nt
622 4132 675 4181 lam
692 4131 753 4179 anta
767 4125 844 4178 Orelli
860 4127 961 4177 mininis
974 4136 1062 4175 aarum
1079 4123 1180 4186 (postea
1197 4120 1289 4171 maluit
1303 4120 1359 4173 Vol.
1378 4122 1420 4184 Ν,
1437 4122 1467 4182 i,
1485 4134 1512 4185 p.
1525 4120 1588 4171 590:
1605 4119 1688 4181 parea

367 4229 424 4267 eum
438 4228 489 4264 m
501 4220 584 4275 pesse,
602 4207 678 4257 stium
693 4206 715 4254 si
730 4204 754 4254 ei
769 4203 845 4265 ceth
863 4201 911 4253 sed
928 4201 1021 4250 cainan
1037 4198 1121 4258 magis
1138 4194 1250 4259 quadrat
1267 4195 1301 4247 ud
1317 4201 1400 4247 turum
1411 4206 1491 4259 quam
1502 4194 1686 4258 Zumptianum

366 4306 418 4342 mn
432 4298 533 4339 emm:
552 4281 664 4333 alterum
680 4278 756 4340 hlud,
775 4276 847 4341 quod
857 4277 968 4327 Romam
980 4274 1120 4325 damnatus
1130 4272 1220 4333 rediit,
1239 4272 1327 4323 minue
1338 4271 1523 4323 admirandum
1535 4272 1605 4329 erat3
1625 4282 1686 4321 nam

368 4374 510 4417 commune
528 4360 553 4410 ei
570 4358 627 4407 erat
643 4366 705 4406 cum
721 4351 850 4418 pluribus.
870 4378 898 4388 -
913 4348 1032 4414 prouerhs'
1048 4348 1122 4409 loquo
1138 4350 1149 4396 t
1168 4374 1194 4383 -
1214 4346 1238 4396 9.
1251 4360 1302 4397 nou
1318 4358 1400 4396 om.a
1419 4372 1446 4381 —
1465 4344 1549 4409 esunt]
1567 4344 1627 4395 iort.
1638 4345 1687 4393 unt

370 4469 397 4478 -
417 4440 456 4489 444.
474 4437 519 4505 hcc
536 4436 559 4496 t,
577 4432 627 4485 sed
643 4442 713 4482 cerr.
732 4440 768 4479 m.
787 4428 811 4479 4.
826 4454 854 4465 -
870 4427 996 4490 ”fermus
1012 4422 1067 4473 ht:
1085 4423 1167 4486 [eruar
1182 4421 1283 4472 440-
1303 4423 1343 4471 44.
1360 4418 1643 4484 ettumptdsaiurtiiht
1660 4420 1686 4469 in

367 4528 453 4567 anon
469 4510 557 4571 deest,
575 4510 605 4558 nt
621 4508 657 4557 ait
673 4502 752 4555 Orelli
767 4504 794 4555 iu
809 4501 867 4553 Vel.
885 4502 928 4561 lv,
945 4501 971 4562 2,
989 4513 1016 4564 p.
1034 4497 1102 4560 4490.)
1122 4522 1149 4535 ··
1167 4496 1279 4547 muudus
1295 4496 1372 4546 aht:
1390 4496 1527 4547 maioribus
1542 4495 1551 4543 i
1569 4520 1597 4530 -
1615 4494 1687 4543 deoru

365 4590 399 4652 h;
418 4600 467 4639 uos
483 4584 566 4637 Deciis
581 4594 642 4633 uum
659 4578 771 4631 Bardilio
788 4575 949 4628 inclusimus.
970 4601 997 4611 -
1023 4573 1062 4623 44.
1080 4584 1186 4623 munera
1200 4570 1262 4621 rosit
1277 4568 1307 4620 h:
1332 4583 1439 4620 mamers
1458 4572 1490 4621 sit
1505 4584 1534 4630 a;
1557 4582 1686 4621 emm„

365 4666 396 4715 ³⁵⁸
415 4666 443 4715 ti
461 4688 488 4699 -
513 4656 772 4723 4944444440ᾶί-
790 4650 973 4715 tlaosusti
991 4676 1019 4685 -
1037 4646 1273 4710 ululat-⁴5.
1292 4644 1444 4708 usuum
1466 4644 1632 4707 somnne,
1656 4646 1686 4694 at

365 4742 418 4790 iem
435 4736 516 4788 uoluit
532 4730 611 4785 Orelli
625 4732 653 4781 in
669 4727 726 4779 vul.
743 4728 786 4789 lv,
803 4728 830 4786 9,
847 4740 874 4791 p.
886 4726 944 4775 aas.
959 4750 987 4761 -
1006 4723 1071 4773 altar
1087 4734 1139 4773 om.
1153 4723 1165 4770 t
1180 4747 1207 4756 -
1228 4721 1269 4771 46.
1283 4720 1393 4770 Saserna
1408 4720 1543 4770 Ferrarius
1560 4716 1627 4781 (call.
1640 4730 1682 4783 ep.

365 4814 401 4865 ad
416 4812 468 4865 att.
485 4811 541 4871 xv,
552 4808 578 4870 2,
596 4806 620 4856 a.
638 4807 714 4856 auct.
731 4802 760 4852 h.
774 4801 855 4852 iiiia.
871 4814 895 4850 c.
908 4801 932 4850 9.
945 4800 978 4850 su
989 4798 1065 4861 ceti:
1083 4808 1201 4848 snserm
1217 4794 1275 4855 ah;
1293 4808 1398 4846 auersus
1415 4797 1439 4857 4;
1457 4806 1584 4845 sussmau
1598 4793 1606 4843 i
1620 4794 1682 4856 (nm.

364 4891 414 4951 ssu]
433 4914 461 4924 -
483 4891 567 4937 mus
585 4878 729 4931 delendum
750 4877 844 4927 censet
857 4878 913 4927 itan
929 4875 954 4936 l,
971 4887 999 4939 p.
1018 4873 1059 4925 74.
1079 4898 1107 4909 -
1129 4872 1170 4922 t'l.
1185 4870 1490 4935 prumuainihtusansu
1505 4872 1517 4920 4
1534 4894 1562 4906 -·
1584 4868 1685 4920 maana

365 4956 657 5015 shtznsuauio-
677 4950 1028 5017 lsaesuelmeras-
1047 4946 1160 4998 aduini
1179 4946 1499 5009 -situsrolsiusret-
1518 4943 1684 4995 taustasut

367 5021 1473 5090 -maecturt-ussssmdunuuatonl-muaast-zemomi-
1491 5016 1682 5070 summat:

365 5113 491 5164 Mssa
506 5110 584 5170 ai03
608 5108 750 5168 ummqna
766 5112 865 5154 numen
881 5101 1036 5164 corruptum
1052 5096 1165 5148 videtur.
1186 5120 1211 5137 -«
1235 5096 1277 5148 22.
1295 5101 1348 5147 wan
1363 5108 1416 5146 cm.
1435 5098 1447 5146 4
1464 5120 1492 5134 -
1509 5095 1639 5159 iudtpsm
1654 5091 1683 5154 h,

365 5200 435 5252 quae
450 5186 528 5239 lectio
539 5182 617 5237 nubis
632 5192 687 5233 nen
703 5178 771 5230 adso
783 5175 934 5243 spumenda
944 5174 1049 5227 uidetur
1059 5184 1139 5237 qnam
1150 5172 1207 5225 visu
1218 5174 1260 5225 est
1273 5171 1422 5224 suanno.
1433 5196 1466 5209 —
1476 5170 1517 5223 49.
1525 5167 1687 5235 Μῶα

367 5248 1103 5316 0-usah-al.uaausat-2t.qu]puas.
