4009 6159
667 576 740 642 cn.
762 576 1020 641 xxxix-xc.
1046 572 1092 660 ss
1115 571 1264 639 sa-ar.
1498 675 1501 682 Ι
1564 570 1621 638 aaa

299 745 416 809 liberas
438 745 580 810 civitates
602 766 659 830 per
679 745 801 829 legatos
823 756 949 811 nostros
970 746 1159 810 reduceret?
1189 746 1365 830 principem
1386 744 1523 809 civitatis
1543 744 1627 808 terro

300 840 464 904 obsessum
488 843 632 904 teneret?
653 841 740 903 llaec
762 848 798 903 ut
814 837 938 904 efficere
958 846 1084 925 posset,
1108 860 1190 923 quae
1204 840 1273 903 lieri
1289 840 1351 903 nisi
1365 841 1460 903 armis
1476 857 1628 924 oppressa

201 972 205 981 -
298 954 334 997 ro
356 934 484 1020 publica
504 933 593 998 nullo
615 934 709 999 modo
731 942 897 1017 poterant,
925 934 1060 1009 idcirco,
1082 932 1196 1008 oredo,
1218 953 1346 996 manum
1367 933 1428 996 sibi
1449 935 1482 996 P.
1505 933 1628 997 Sestius

299 1036 332 1090 et
353 1028 459 1111 copias
482 1029 685 1111 comparavit.
708 1062 750 1075 -
772 1030 812 1091 llt
835 1028 975 1091 nondum
999 1035 1067 1091 erat
1085 1036 1259 1103 maturum
1282 1028 1423 1091 nondum
1438 1048 1489 1091 res
1503 1028 1573 1109 ipsa
1587 1026 1628 1089 ad

298 1122 369 1186 eius
391 1121 477 1185 modi
499 1121 657 1206 praesidia
679 1123 764 1185 viros
787 1123 890 1185 bonos
913 1121 1133 1204 compellebat.
1148 1154 1190 1168 —
1211 1122 1298 1185 Pulsi
1320 1142 1379 1184 nos
1402 1142 1543 1194 eramus,
1564 1133 1654 1183 nono

298 1214 430 1278 omnino
452 1216 513 1279 ista
534 1236 627 1279 manu
652 1216 735 1288 sola,
758 1217 814 1279 sod
837 1224 941 1280 tamen
965 1236 1028 1279 non
1051 1216 1121 1279 sine
1144 1215 1223 1278 ista:
1246 1236 1301 1278 ros
1322 1215 1411 1279 taciti
1431 1213 1629 1277 maerebatis.

298 1306 351 1373 85.
375 1308 505 1393 Captum
535 1308 733 1374 oratiorum
763 1330 847 1373 anno
877 1310 1059 1393 superiore,
1091 1307 1170 1372 aede
1200 1308 1340 1372 Castoris
1369 1316 1529 1392 tamquam
1558 1328 1629 1371 aree

298 1402 405 1486 aliqua
427 1422 445 1466 a
467 1401 607 1485 fugitiuis
630 1412 798 1487 occupata:
823 1403 981 1467 silebatur.
1013 1403 1127 1466 Omnia
1141 1402 1305 1466 bominum
1321 1423 1391 1466 oum
1407 1408 1546 1485 egestate
1561 1410 1629 1463 tum

298 1494 430 1559 audacia
452 1497 646 1579 perditorum
669 1498 806 1561 clamore
828 1517 1005 1570 concursu,
1028 1498 1058 1560 ri
1074 1516 1170 1560 manu
1186 1496 1389 1580 gerebantur:
1411 1496 1628 1580 perferebatis.

297 1590 500 1672 Magistratus
530 1590 655 1676 templis
683 1590 898 1674 pellebantur,
929 1591 983 1653 alii
1006 1592 1139 1653 omnino
1160 1590 1248 1653 aditu
1269 1611 1307 1654 ac
1327 1590 1396 1655 loro
1417 1589 1666 1674 prohibebas-so

297 1691 365 1747 tur:
388 1704 481 1747 nemo
504 1685 680 1748 resistebat.
714 1684 910 1748 Gladiatores
933 1706 973 1747 ex
995 1684 1149 1769 praetoris
1171 1684 1322 1747 comitatu
1344 1683 1573 1767 comprehensi,
1596 1683 1628 1745 in

298 1784 443 1840 senatum
464 1778 653 1854 introducti,
676 1778 830 1853 confessi,
853 1780 885 1840 in
908 1778 1013 1842 vincla
1036 1777 1173 1841 coniecti
1195 1796 1213 1840 a
1234 1778 1371 1852 Milone,
1394 1779 1501 1842 emissi
1523 1778 1630 1842 aSer·

297 1890 394 1934 rano:
426 1872 545 1935 mentio
575 1872 672 1935 nulla.
716 1874 831 1936 Forum
854 1872 1042 1955 corporibus
1063 1872 1179 1936 civium
1201 1874 1416 1935 Romanorum
1438 1877 1629 1935 constratum

297 1964 397 2029 caede
417 1973 589 2030 nocturna:
612 1987 677 2029 non
700 1967 795 2029 modo
817 1965 906 2028 nulla
929 1985 1012 2029 nova
1034 1966 1198 2050 quaestio,
1226 1966 1282 2029 sed
1305 1967 1398 2030 etiam
1420 1974 1527 2029 vetera
1548 1964 1630 2029 indi·

298 2059 350 2121 cia
371 2058 503 2124 sublata.
527 2060 700 2123 Tribunum
724 2060 767 2143 pl.
789 2060 860 2145 plus
882 2060 996 2144 viginti
1018 2058 1201 2123 uulneribus
1224 2060 1363 2142 acceptis
1384 2060 1539 2124 iacentem
1562 2072 1668 2121 moso

297 2152 533 2236 ribnndumque
562 2154 704 2229 vidistis;
734 2153 864 2217 alterius
894 2153 1011 2216 tribuni
1039 2153 1094 2237 pl.,
1124 2153 1224 2216 divini
1250 2152 1388 2241 hominis
1410 2151 1524 2235 (dicam
1545 2154 1630 2217 enim

299 2248 388 2329 quod
414 2249 515 2310 sentio
546 2256 578 2311 et
606 2250 691 2332 quod
724 2268 847 2311 mecum
870 2250 1010 2312 sentiunt
1031 2244 1168 2323 omnes),
1198 2246 1315 2321 divini,
1344 2247 1461 2331 insigni
1482 2248 1630 2331 wadum,

297 2342 458 2415 inaudita,
487 2360 569 2404 nora
598 2342 817 2425 magnitudine
839 2341 953 2415 animi,
982 2342 1152 2424 gravitate,
1180 2340 1244 2405 tide
1265 2341 1418 2424 praediti,
1448 2341 1560 2407 domus
1582 2351 1632 2407 est

300 2441 485 2518 oppugnata
514 2435 615 2509 ferro,
642 2435 781 2511 lacibus,
812 2436 953 2499 exercitu
984 2433 1148 2498 Clodiano.
1191 2436 1259 2497 XL.
1280 2432 1332 2497 86.
1354 2434 1394 2498 Et
1420 2444 1454 2499 tu
1476 2436 1538 2500 boc
1558 2436 1631 2500 loco

300 2529 411 2592 laudas
432 2528 582 2593 Milonem
605 2537 637 2592 et
658 2529 727 2592 iuro
750 2529 871 2593 laudas.
910 2528 1014 2604 Quem
1036 2530 1121 2592 euim
1135 2549 1286 2613 umquam
1302 2528 1404 2593 virum
1425 2537 1490 2593 tam
1503 2530 1668 2595 immor-ao

298 2622 356 2686 tali
377 2623 492 2686 virtute
514 2622 678 2686 vidimus?
702 2623 758 2707 qui
780 2624 869 2687 nullo
891 2624 1033 2706 praemio
1052 2624 1214 2707 proposito
1228 2630 1353 2707 praeter
1366 2623 1445 2696 boo,
1468 2621 1629 2705 quodiam

299 2717 470 2781 contritum
498 2722 530 2780 et
559 2723 775 2799 contemptum
797 2724 942 2802 putatur,
975 2716 1127 2781 iudicium
1149 2717 1325 2792 bonorum,
1354 2718 1459 2780 omnia
1479 2716 1630 2799 pericula,

299 2829 441 2873 summos
469 2809 609 2885 labores,
639 2812 838 2894 gravissimas
868 2811 1090 2875 contentiones
1120 2810 1366 2894 inimicitiasque
1392 2811 1549 2894 suscepit:
1576 2811 1630 2893 qui

299 2902 378 2965 mibi
400 2923 483 2967 nnus
505 2923 546 2965 ex
568 2905 716 2967 omnibus
738 2904 860 2969 civibus
883 2904 1010 2969 videtur
1031 2925 1065 2966 re
1089 2903 1256 2978 docuisse,
1278 2923 1342 2967 non
1364 2904 1486 2979 verbis,
1507 2904 1631 2986 etquid

298 3003 460 3081 oporteret
481 3016 501 3060 a
521 2998 756 3080 praestantibus
780 2998 853 3061 viris
876 3000 908 3061 in
931 3020 965 3063 re
988 2998 1116 3082 publica
1136 2994 1204 3061 sieri
1226 3006 1259 3061 et
1280 2999 1357 3082 quid
1378 3016 1509 3061 neccsse
1531 3006 1667 3062 essetzss

298 3098 447 3173 oportere
475 3090 637 3155 bominum
658 3092 845 3177 audacium,
879 3112 1060 3157 eversorum
1083 3092 1129 3154 rei
1150 3090 1298 3175 publicae
1320 3092 1433 3156 sceleri
1453 3091 1576 3174 legibus
1599 3099 1632 3155 et

298 3185 425 3249 iudiciis
447 3184 612 3261 resistero;
643 3186 669 3248 si
692 3186 778 3269 leges
804 3206 869 3249 non
892 3186 1052 3260 valerent,
1081 3185 1199 3249 iudicia
1221 3204 1285 3248 non
1308 3194 1429 3260 essent,
1452 3187 1480 3251 si
1500 3206 1552 3249 res
1573 3207 1631 3268 pu·

298 3278 382 3343 blica
409 3278 440 3341 ri
468 3298 693 3363 consensuque
724 3280 892 3344 audacium
920 3279 1015 3343 armis
1038 3299 1190 3363 oppressa
1211 3287 1390 3354 teneretur,
1419 3280 1577 3362 praesidio
1599 3285 1632 3342 ot

300 3372 401 3455 copiis
423 3371 552 3435 dolendi
575 3374 674 3436 vitam
697 3382 729 3436 et
750 3372 924 3438 libertatem
948 3392 1079 3437 necesse
1102 3392 1181 3437 esse.
1213 3374 1283 3436 Hoc
1304 3375 1421 3437 sentire
1443 3373 1630 3459 prudentiae

300 3471 365 3539 est,
385 3464 490 3529 tacere
511 3464 723 3531 tortitudinis:
748 3476 780 3531 et
801 3469 917 3530 sentire
933 3487 1009 3531 vero
1032 3474 1064 3530 et
1084 3467 1188 3530 lacere
1210 3467 1369 3551 perfectae
1387 3470 1667 3552 cumulataequaao

299 3561 434 3623 virtutis.
477 3556 529 3623 87.
551 3562 638 3625 Adiit
659 3562 701 3624 ad
722 3582 789 3625 rom
811 3560 968 3645 publicam
991 3561 1138 3624 tribunus
1169 3561 1212 3644 pl.
1235 3561 1330 3626 blilo:
1361 3561 1401 3625 de
1423 3564 1514 3628 ouius
1535 3562 1630 3627 laude

299 3653 392 3739 plura
413 3654 534 3729 dicam,
555 3674 619 3719 uon
642 3674 705 3739 quo
728 3663 783 3719 aut
805 3655 873 3739 ipse
895 3655 974 3718 baec
996 3655 1061 3718 dici
1075 3674 1170 3739 quam
1186 3655 1359 3720 existimari
1373 3657 1478 3734 malit,
1500 3666 1555 3723 ant
1568 3676 1629 3741 ego

298 3748 384 3812 bunc
404 3748 508 3813 laudis
529 3746 667 3812 fructum
688 3752 847 3833 praesenti
869 3749 1006 3814 libenter
1021 3749 1215 3831 impertiam,
1238 3752 1423 3832 praesertim
1439 3772 1509 3816 cum
1524 3751 1629 3817 verbis

300 3842 453 3925 consequi
475 3860 539 3904 non
561 3841 697 3925 possim,
721 3842 778 3906 sed
800 3842 887 3926 quod
909 3843 1073 3917 existimo,
1096 3844 1123 3906 si
1137 3843 1267 3907 ldilonis
1289 3864 1416 3908 oausam
1437 3846 1628 3910 accusatoris

299 3956 379 4001 voce
401 3934 611 4000 collaudatam
633 3938 785 4020 probaro,
807 3957 863 4001 vos
886 3938 919 3999 in
940 3936 1001 4001 boc
1024 3936 1156 3999 cumine
1177 3957 1287 4020 parem
1302 3939 1397 4002 Sestii
1419 3959 1547 4003 causam
1560 3941 1664 4005 eni-as

300 4031 493 4097 stimatmos.
525 4029 612 4094 Adiit
632 4031 729 4114 igitur
751 4033 787 4094 T.
809 4032 932 4095 Annius
953 4029 993 4094 ad
1016 4050 1143 4095 causam
1165 4031 1212 4095 rei
1233 4032 1377 4115 publicae
1397 4033 1454 4109 sio,
1475 4040 1512 4097 nt
1526 4032 1627 4097 civem

366 4301 390 4351 l.
408 4302 470 4366 post
484 4305 582 4351 metros
598 4302 639 4352 est
656 4302 683 4352 in
700 4301 719 4351 P
736 4314 816 4366 parva
835 4300 928 4352 lacuna
946 4300 1059 4352 duarum
1077 4302 1190 4353 triumve
1206 4300 1362 4353 litterarum.
1381 4328 1408 4340 ·-
1428 4305 1453 4354 2.
1471 4307 1627 4367 opsessomP

303 4402 332 4412 -
349 4373 375 4428 l.
392 4379 454 4442 post
468 4378 525 4441 apsa
541 4380 583 4429 est
599 4379 626 4428 tn
643 4380 662 4430 P
679 4390 780 4429 rasura.
803 4406 830 4416 -
849 4380 872 4430 6.
890 4378 1040 4429 mouebatts
1056 4381 1090 4429 G:
1108 4376 1226 4428 maudo
1240 4378 1260 4427 P
1272 4378 1298 4427 iu
1315 4376 1368 4429 duo
1380 4391 1474 4430 versus
1485 4381 1546 4444 (non
1556 4392 1628 4430 mae

299 4450 436 4515 mma,
459 4456 490 4503 ut
510 4454 547 4505 ait
568 4454 712 4519 Kraruplus
734 4457 760 4505 et
781 4466 845 4505 vere
870 4457 911 4505 est
929 4456 956 4505 in
974 4454 1080 4506 duobus
1096 4452 1176 4503 codd.
1193 4453 1387 4514 Berueuslbus,
1410 4466 1479 4519 quae
1495 4452 1573 4505 lectio
1589 4457 1629 4505 tot

300 4524 399 4578 levium
416 4528 631 4581 coniecturarum
649 4542 727 4594 seges
745 4530 811 4581 tacta
830 4529 890 4593 est).
909 4554 936 4565 ·-
955 4529 980 4579 7.
1000 4529 1062 4579 uode
1077 4530 1111 4578 G:
1130 4528 1177 4577 ade
1193 4530 1212 4578 Ρ
1230 4552 1258 4563 -
1277 4527 1302 4578 8.
1320 4542 1338 4578 o
1354 4540 1408 4579 om.
1427 4531 1477 4579 PG
1493 4554 1521 4565 -
1540 4529 1564 4579 9.
1582 4541 1630 4579 oa-

300 4601 683 4669 dattaP-pa'lmabattsP
703 4633 730 4643 -
750 4607 790 4655 tl.
809 4605 939 4669 conprensi
956 4606 1005 4655 PG
1024 4630 1051 4640 —
1070 4602 1293 4653 sammua:
1319 4604 1503 4654 ΜΟ·-
1522 4604 1629 4654 unttlo-

299 4676 417 4728 maras
432 4680 452 4730 P
470 4702 498 4717 —
524 4681 564 4731 ld.
584 4682 724 4743 accapttstts
739 4682 789 4731 PG
805 4708 838 4717 —
861 4680 900 4731 46.
918 4678 1019 4729 atdestls
1034 4680 1054 4729 P
1073 4704 1100 4714 -
1124 4678 1165 4727 ⁴7.
1183 4690 1267 4728 onmes
1287 4678 1365 4728 dtotnt
1386 4681 1450 4729 PG:
1474 4692 1558 4729 omncs
1572 4678 1630 4729 boat

301 4750 362 4802 cod.
375 4752 482 4816 Prano.;
502 4767 586 4806 omnes
602 4756 689 4805 dtatao
704 4754 762 4814 bc;
781 4764 873 4815 oasam,
892 4753 970 4803 uum
984 4754 1036 4803 cta-t
1053 4750 1103 4815 (sel
1118 4765 1210 4814 onmes,
1228 4753 1315 4814 dubl,
1332 4754 1446 4816 taquam,
1461 4755 1521 4815 ctu)
1538 4752 1628 4813 lacob;

301 4836 352 4889 ego
373 4826 477 4879 mabm:
504 4840 588 4879 onam
609 4828 667 4878 boat
686 4829 751 4889 vtae]
776 4826 892 4891 uacaly,
920 4829 942 4879 si
960 4827 1024 4893 quid
1041 4828 1199 4880 mutandum
1216 4828 1265 4891 sit,
1284 4829 1416 4893 praetore:
1435 4842 1519 4879 ocum
1537 4828 1632 4879 tamti

299 4902 359 4953 ctrt.
378 4902 552 4957 blommsenlo
569 4905 643 4970 prius
655 4904 734 4955 diunt
749 4918 775 4955 v.
789 4904 821 4955 46
838 4902 982 4955 delendum
999 4904 1112 4955 videtur.
1128 4929 1155 4944 -
1174 4904 1216 4955 tt.
1233 4905 1325 4955 msto
1341 4906 1405 4956 PG:
1421 4906 1514 4955 otrtm
1527 4904 1632 4968 ρωοῶ-

301 4980 355 5027 aas
371 4976 505 5029 abcd—
524 4980 566 5030 ab.
579 4983 727 5030 coutuntur
744 4981 818 5030 1³¹-
833 4978 981 5029 weram
997 4980 1065 5029 G1-
1084 4978 1126 5030 il.
1145 4983 1169 5029 ct
1185 4979 1316 5042 quidcar.
1330 4979 1495 5045 Stephanus:
1513 4979 1556 5029 sed
1572 4978 1632 5040 qaid

301 5052 364 5113 PG3
382 5054 534 5106 atomao
552 5080 581 5092 -
599 5054 981 5120 tuaacesutmcoscatl’ti
999 5080 1027 5090 -
1046 5051 1633 5106 aa.osuaaasosomme-27.ats-

301 5126 1196 5194 mmmb.-28.coacmtqseaoaatasnmmaoprme-
1219 5126 1634 5191 aa.0ucta-aa.apsrttoes

302 5200 1635 5271 P-dt.mdtnmsrg.babat.-costoodotamP;colloadotsnnG²-sosttP-atati-

301 5274 377 5325 muas
393 5277 415 5326 (t
433 5302 460 5315 -
479 5277 520 5330 36.
539 5280 574 5331 ud
589 5292 694 5333 cauam
709 5294 739 5333 ra
753 5280 780 5333 P.
800 5280 854 5347 (stc)
872 5282 901 5333 P.

346 5364 436 5418 dumo
450 5364 514 5419 ml.
1373 5366 1409 5436 64
