4009 6159
639 606 1015 675 earnm-xxiv.
1042 604 1258 692 ssu-sl.
1548 599 1610 669 444

285 778 443 842 bellorum
464 778 668 861 hostiumque
690 778 858 853 victorem,
880 777 1039 860 affligere,
1059 812 1103 827 -
1122 786 1190 841 tum
1211 786 1260 840 est
1281 778 1336 841 illo
1356 778 1390 839 in
1412 776 1531 861 templo
1553 776 1612 840 Ca·

286 872 382 937 storia
404 871 557 935 scelerata
586 878 618 935 et
646 890 746 955 paene
773 870 908 935 deletrix
933 872 1028 934 huius
1057 871 1183 954 imperii
1208 871 1274 934 sica
1299 870 1512 954 deprebensa:
1545 878 1612 933 444444

286 966 360 1040 ille,
390 964 441 1027 cui
473 965 560 1029 nulla
590 965 731 1029 hostium
752 965 872 1029 diutius
899 966 975 1028 urbs
1002 986 1153 1049 umquam
1177 965 1240 1029 brit
1265 964 1388 1041 clausa,
1420 965 1475 1047 qui
1502 984 1613 1028 omnes

285 1058 467 1142 angustias,
499 1079 610 1123 omnes
642 1059 827 1123 altitudines
859 1060 1020 1123 moenium
1056 1060 1194 1123 obiectas
1223 1079 1350 1142 semper
1375 1060 1406 1123 ri
1433 1076 1470 1121 ac
1496 1058 1612 1143 44444444

285 1151 455 1236 perfregit,
483 1152 631 1216 obsessus
661 1154 730 1235 ipse
761 1162 809 1216 est
833 1152 920 1216 demi
942 1173 1058 1236 meque
1080 1173 1145 1216 nen
1172 1153 1261 1216 nulla
1291 1153 1509 1236 imperitorum
1530 1153 1636 1214 ritu-⁸

285 1245 450 1329 paratione
480 1245 653 1310 timiditatis
682 1266 771 1310 meae
800 1248 935 1311 consilio
960 1255 992 1309 et
1017 1247 1103 1309 sacto
1125 1266 1183 1309 sue
1205 1246 1360 1309 liberarit.
1403 1249 1482 1309 Nam
1503 1245 1531 1307 ai
1555 1245 1612 1307 Gn.

284 1338 453 1420 Pompeio,
486 1340 554 1419 viro
588 1342 643 1403 uni
677 1341 819 1404 omnium
851 1341 1042 1415 fortissimo,
1076 1340 1271 1423 quicumque
1300 1342 1364 1403 nati
1395 1347 1486 1413 sunt,
1518 1338 1613 1400 mise·
1697 1324 1725 1423 ῤ

284 1451 356 1494 rum
378 1435 478 1514 magis
498 1432 559 1496 tuit
580 1454 676 1517 quam
698 1443 806 1516 turpe,
828 1454 923 1518 quam
946 1435 1000 1498 diu
1023 1435 1078 1497 ille
1100 1434 1245 1497 tribunus
1266 1433 1311 1516 pl.
1331 1433 1409 1508 init,
1430 1434 1533 1495 iucem
1547 1450 1612 1493 non

284 1523 467 1609 adspicere,
489 1546 595 1591 carere
617 1527 758 1610 publico,
782 1528 882 1591 minas
904 1528 1149 1613 simpertum,
1172 1548 1244 1591 cam
1265 1528 1298 1590 in
1313 1525 1513 1590 contionibus
1527 1524 1613 1586 dice-

285 1628 334 1681 ret
356 1618 437 1681 velle
461 1640 494 1682 se
516 1623 549 1682 in
573 1620 694 1684 Carinis
716 1620 881 1684 aedificare
903 1622 1034 1684 alteram
1054 1623 1228 1705 porticum,
1251 1640 1333 1705 qnae
1348 1621 1468 1683 Palatio
1483 1624 1651 1703 respon-⁴⁰

285 1714 392 1787 deret,
414 1722 498 1776 certe
520 1714 597 1776 mihi
620 1715 708 1777 exire
730 1713 823 1778 domo
846 1736 915 1779 mea
936 1716 976 1779 ad
998 1718 1155 1799 privatum
1177 1716 1319 1778 dolorem
1339 1715 1401 1777 tuit
1420 1714 1612 1786 luctuosum,

284 1807 327 1870 ad
348 1806 502 1871 rationem
525 1807 571 1870 rei
593 1808 739 1892 publicae
761 1809 944 1890 gloriosum.
987 1809 1102 1871 XXIV.
1121 1806 1173 1870 50.
1196 1809 1316 1871 Videtis
1337 1809 1432 1890 igitur
1451 1806 1612 1869 hominem

284 1920 345 1985 per
374 1921 408 1963 se
438 1902 541 1985 ipsum
571 1902 633 1964 iam
655 1903 777 1984 pridem
799 1902 948 1966 afflictum
972 1923 1009 1967 ac
1030 1904 1185 1965 iacentem
1206 1902 1395 1984 perniciosis
1416 1902 1612 1984 optimatium

284 1995 454 2059 discordiis
485 1996 636 2071 excitari,
665 1997 757 2059 cuius
787 1997 877 2060 initia
900 1996 1018 2059 furoris
1039 1996 1292 2059 dissensionibus
1313 2014 1439 2071 eorum,
1468 1995 1613 2078 quitum

284 2110 305 2153 a
326 2089 416 2153 robis
439 2089 574 2152 seiuncti
596 2089 800 2165 videbantur,
823 2097 997 2154 sustentata
1019 2098 1102 2153 sunt.
1134 2090 1269 2174 Reliqua
1289 2089 1352 2153 iam
1374 2087 1613 2173 praecipitantis
1622 2096 1650 2142 44

285 2184 466 2247 tribunatus
495 2185 590 2246 etiam
617 2191 689 2266 pest
718 2184 912 2247 tribunatum
943 2184 1169 2248 obtrectatores
1191 2202 1302 2247 eorum
1323 2192 1422 2269 atque
1442 2181 1613 2248 adversarii

284 2276 512 2371 defenderam
534 2296 575 2339 ne
597 2296 615 2339 a
637 2298 671 2340 re
693 2277 820 2360 publiea
840 2280 886 2341 rei
900 2278 1048 2361 publicae
1061 2279 1159 2361 pestis
1173 2286 1401 2353 removeretur,
1421 2277 1613 2350 restiterunt,
1712 2271 1744 2351 l

284 2373 381 2436 etiam
403 2392 444 2434 ne
466 2390 591 2435 cauum
615 2370 751 2445 diceret,
774 2372 868 2434 etiam
884 2392 924 2435 ne
938 2373 1081 2455 privatus
1095 2379 1188 2435 esset.
1220 2372 1365 2435 Etiamne
1378 2373 1413 2435 in
1431 2373 1503 2435 sinu
1517 2378 1613 2455 atque

284 2466 319 2528 in
346 2464 467 2528 deliciis
497 2465 626 2549 quidam
652 2466 762 2548 optimi
792 2465 852 2527 viri
881 2466 1023 2549 viperam
1050 2465 1137 2529 illam
1158 2474 1346 2530 venenatam
1367 2486 1405 2529 ac
1432 2465 1613 2550 pestiferam

284 2559 404 2623 babere
425 2562 621 2640 potuerunt?
652 2580 716 2642 quo
737 2559 865 2623 tandem
887 2559 1013 2643 decepti
1034 2562 1190 2622 maneret
1223 2560 1322 2635 Volo,
1350 2559 1516 2645 inquiunt,
1543 2568 1650 2622 essert

285 2654 342 2737 qui
364 2654 398 2715 in
420 2652 569 2715 contione
593 2652 738 2716 detrabat
758 2652 798 2715 de
820 2652 979 2737 Pompeio.
1013 2653 1166 2717 Detrahat
1185 2653 1240 2716 ille
1260 2654 1489 2738 vituperando?
1511 2652 1613 2716 Velim

287 2747 334 2811 sic
357 2746 418 2811 boc
440 2747 489 2809 vir
510 2766 651 2809 summus
673 2755 769 2830 atque
792 2748 910 2831 optime
934 2747 973 2810 de
995 2767 1066 2810 mea
1088 2746 1189 2809 salute
1210 2748 1341 2811 meritus
1362 2747 1517 2831 accipiat,
1539 2755 1614 2810 uta

285 2860 337 2904 me
361 2841 491 2905 dicitur:
514 2841 617 2903 dicam
640 2841 767 2923 quidem
790 2848 874 2903 certe
897 2841 983 2925 qnod
1005 2840 1125 2904 sentio:
1147 2840 1235 2915 mihi,
1257 2860 1308 2903 me
1327 2841 1398 2905 dius
1418 2840 1525 2914 lidius,
1546 2848 1613 2903 tuan

286 2933 328 2996 de
350 2933 436 2997 illins
458 2934 651 3016 amplissima
673 2934 826 3016 dignitate
843 2933 1026 3012 detrahere,
1047 2955 1118 2997 cum
1132 2935 1279 2997 maximis
1292 2933 1439 2998 laudibus
1453 2933 1614 3007 efferebat,

285 3028 464 3093 ridebatur.
507 3023 558 3090 54.
583 3028 692 3091 Utrum
714 3028 842 3091 undem
864 3028 898 3091 C.
912 3029 1030 3092 Marius
1052 3029 1259 3112 splendidior,
1280 3050 1352 3094 cum
1374 3050 1446 3094 eum
1467 3030 1501 3093 C.
1518 3031 1651 3093 elau-u

285 3125 336 3187 cia
357 3121 523 3199 laudabat,
545 3142 586 3185 au
607 3142 678 3185 cum
702 3122 838 3186 eundem
860 3124 957 3186 iratus
978 3130 1088 3207 postea
1104 3124 1324 3205 vituperabat?
1345 3144 1386 3187 an
1405 3125 1462 3188 ille
1483 3126 1614 3188 demens

285 3226 319 3281 et
348 3218 410 3281 iam
439 3216 561 3300 pridem
583 3216 624 3279 ad
646 3234 783 3300 poenam
805 3216 1003 3301 exitiumque
1025 3236 1176 3300 praeceps
1197 3217 1323 3281 foedior
1342 3227 1398 3282 aut
1417 3218 1615 3303 inquinatior

285 3312 319 3373 in
343 3311 401 3373 Cn.
425 3311 576 3394 Pompeio
606 3310 784 3373 accusando
815 3328 909 3394 quem
940 3312 973 3375 in
995 3311 1145 3373 universo
1166 3319 1279 3376 senatu
1298 3313 1509 3396 vituperando
1528 3310 1613 3375 firitt

286 3404 374 3489 quod
405 3404 533 3487 quidem
562 3404 674 3477 miror,
703 3422 773 3466 cum
803 3402 935 3468 altemm
964 3412 1085 3487 gratum
1108 3405 1274 3479 sitiretis,
1303 3405 1435 3469 alterum
1457 3426 1528 3469 esse
1549 3413 1612 3468 tam

284 3500 379 3563 bonis
407 3498 530 3561 civibus
563 3516 627 3561 non
655 3498 813 3561 acerbum.
858 3498 920 3561 Sed
946 3518 987 3561 ne
1009 3498 1041 3561 id
1062 3497 1148 3561 viros
1171 3501 1308 3582 optimos
1329 3500 1447 3563 diutius
1469 3500 1651 3573 delectetur

285 3595 394 3675 legant
414 3592 496 3655 hanc
519 3592 587 3654 eius
611 3591 808 3665 contionem,
831 3592 870 3654 de
893 3612 955 3674 qua
976 3592 1107 3675 loquor,
1128 3593 1161 3655 in
1182 3613 1247 3677 qua
1267 3593 1451 3677 Pompeium
1467 3601 1560 3657 ornat
1573 3612 1614 3657 an

284 3687 393 3772 potius
418 3685 593 3749 deformat?
617 3694 701 3749 certe
723 3685 831 3749 laudat
853 3694 885 3747 et
905 3706 1002 3748 unum
1025 3705 1096 3749 esse
1110 3687 1144 3748 in
1158 3686 1219 3750 bac
1233 3688 1359 3751 civitate
1372 3687 1504 3770 dignum
1517 3688 1614 3753 buius

351 4033 594 4097 4444444444)-
620 4033 834 4095 4.ρι4444)6-
859 4030 998 4095 tepertP¹;
1018 4030 1419 4096 unaue-deprensar-
1439 4033 1612 4086 3.diuciusP

287 4136 314 4146 -
330 4108 409 4157 omnis
424 4110 444 4159 P
459 4134 484 4142 -
504 4106 528 4157 4.
547 4106 626 4156 onmis
642 4106 780 4155 altitudinis
796 4106 874 4157 PGE
891 4134 924 4144 -
941 4108 1083 4157 altitudines
1098 4108 1223 4157 4444444444
1239 4106 1344 4157 obedes
1361 4122 1424 4159 nos:
1443 4109 1488 4159 444.
1502 4110 1613 4160 onmium

285 4185 381 4234 obtecta
398 4184 431 4240 Cr
451 4182 605 4241 4444444444,
624 4181 735 4230 omnium
750 4180 844 4231 obtectu
860 4182 980 4231 44440-
1001 4196 1033 4231 cc
1049 4185 1086 4234 C:
1106 4184 1160 4233 eto
1175 4210 1203 4218 -
1221 4184 1246 4232 e.
1265 4197 1375 4245 opseuaes
1390 4186 1409 4235 P
1428 4210 1455 4221 -
1473 4186 1526 4249 ipse
1542 4190 1577 4235 est
1592 4188 1612 4236 P

286 4260 354 4310 Gli:
373 4266 408 4309 est
423 4259 475 4321 ipse
492 4257 598 4319 44440-
618 4256 642 4305 4.
660 4256 779 4306 minnan
794 4256 898 4307 P¹GE:
916 4254 1068 4307 miaemami
1083 4261 1126 4317 P¹;
1143 4258 1313 4308 mmmmm
1329 4258 1394 4310 44-
1413 4260 1438 4310 8.
1457 4265 1490 4311 tr.
1506 4262 1611 4323 p.t.P;

285 4332 526 4397 recompenso
546 4358 573 4367 -
592 4332 617 4382 9.
635 4332 746 4393 capum
760 4334 809 4383 PG
826 4358 859 4368 -
875 4332 1029 4383 contionibus
1043 4336 1078 4384 P:
1096 4332 1253 4383 4444444444
1268 4334 1289 4382 0
1307 4360 1333 4369 -
1354 4334 1394 4384 40.
1412 4333 1486 4399 quae]
1502 4346 1615 4396 quaeque

288 4410 306 4459 s
325 4436 352 4445 -
373 4408 414 4459 te.
433 4408 562 4472 4444444444
579 4409 598 4457 P
617 4432 644 4442 -
663 4420 695 4456 44
710 4405 838 4469 urentem]
855 4406 879 4454 a·
895 4406 921 4456 in
938 4420 1030 4457 rasura
1047 4411 1106 4459 P-
1126 4407 1166 4457 tt.
1185 4408 1311 4464 ,4444444444
1327 4409 1468 4473 (superser.
1481 4422 1523 4460 sen
1534 4414 1562 4459 et
1572 4408 1613 4471 be)

285 4486 346 4535 P-
366 4485 405 4534 44,
424 4496 442 4533 4
457 4494 511 4533 om.
525 4484 558 4541 P;
576 4481 625 4531 sed
643 4482 716 4545 etp.
730 4481 840 4541 922,st
856 4504 883 4517 -
901 4482 1109 4544 preetpltaatteP
1128 4508 1155 4519 —
1175 4483 1216 4533 48.
1234 4484 1350 4534 ettam
1364 4498 1396 4534 ae
1411 4488 1481 4535 1²¹-
1499 4486 1612 4550 44444444]

285 4570 367 4608 meon
383 4570 488 4607 44444444
505 4556 590 4607 ceu
608 4582 635 4591 -
654 4557 711 4606 siau
726 4556 782 4606 Nic.
796 4554 934 4618 Angelius:
953 4558 1111 4607 44444444)-
1132 4558 1302 4619 44444441-
1322 4560 1362 4609 se.
1374 4560 1453 4609 4444444.
1472 4561 1613 4623 0444444444
1689 4599 1697 4613 .

284 4633 372 4695 tacut.
391 4632 462 4681 atiud
477 4632 532 4680 illos
547 4631 656 4681 4444444444
672 4632 864 4693 superessemus
880 4632 1181 4695 muniremusqmmtror
1193 4634 1306 4695 4444444444
1317 4636 1384 4697 quod
1399 4648 1548 4698 4444444444
1557 4636 1613 4686 els-

286 4720 343 4757 rum
355 4708 435 4769 444444
446 4707 475 4769 E)
492 4707 615 4757 homiaem
631 4712 706 4769 utque
722 4708 813 4768 optime
828 4706 858 4755 ds
873 4720 902 4756 re
916 4720 943 4769 p.
955 4709 1177 4767 mutuatim
1195 4708 1229 4759 et.
1243 4708 1257 4773 5
1270 4708 1310 4759 tu.
1326 4734 1353 4746 -
1370 4711 1412 4761 st.
1425 4712 1539 4762 coattm
1551 4714 1611 4762 Pe:

286 4783 401 4832 cunctosne
417 4784 438 4832 0
456 4808 484 4818 —
502 4782 543 4832 23.
562 4783 637 4845 quod]
654 4783 715 4843 quid
731 4783 780 4833 PG
800 4808 826 4819 -
845 4780 886 4832 44.
905 4794 962 4831 esea
978 4783 1045 4833 Pu:
1066 4796 1123 4833 444444
1138 4784 1210 4833 titum
1225 4785 1313 4834 GEO.
1339 4786 1407 4835 Fert.
1424 4798 1562 4837 4444444444.
1582 4812 1610 4824 -

287 4859 406 4922 ecferebat
423 4861 456 4917 P;
475 4864 499 4908 et
513 4859 581 4921 forre
597 4858 646 4908 GE
665 4884 694 4894 -
712 4858 753 4907 45.
772 4860 872 4909 taudem
887 4858 942 4908 Nic.
961 4856 1097 4920 Angelius:
1116 4864 1200 4925 44444444
1217 4859 1308 4918 PGE;
1326 4865 1380 4910 tsaa
1396 4862 1421 4911 44
1438 4888 1466 4897 -
1485 4862 1524 4925 G]
1539 4864 1614 4926 944444

287 4936 363 4986 Poe
382 4960 408 4971 -
428 4932 543 4997 Glaucia]
560 4933 663 4985 44444444
680 4933 771 4983 GE·
789 4933 830 4983 47.
845 4946 938 4996 penam
955 4935 1135 4996 P-preeeps
1150 4932 1226 4994 P²G3
1242 4947 1328 4997 recepe
1343 4927 1412 4985 1²¹¹-
1432 4938 1614 4998 4444444444·

287 5010 335 5059 tter
351 5006 393 5059 P2:
413 5013 458 5058 4444
473 5010 639 5071 taqucaatior
654 5006 697 5070 P¹;
722 5009 889 5071 «inquinatior
904 5010 940 5065 G;
967 5020 1002 5057 444
1017 5010 1174 5071 4444444444
1189 5010 1224 5070 Ε;
1248 5016 1324 5073 atque
1337 5012 1495 5074 4444444444
1509 5013 1563 5065 440
1583 5040 1611 5050 -

287 5084 328 5135 48.
348 5085 402 5135 GN.
421 5086 441 5135 P
459 5110 486 5119 -
511 5096 589 5146 quam
607 5084 635 5134 ta
655 5085 770 5135 autumo
792 5096 927 5149 superscr.
947 5084 1029 5134 babet
1045 5084 1088 5146 P²;
1112 5100 1148 5136 aa
1163 5088 1191 5136 444
1206 5092 1294 5137 amatu
1310 5087 1428 5139 ltalmlns
1445 5088 1528 5139 tlteta.
1546 5090 1611 5139 44444.

288 5160 319 5208 Ν.
337 5160 365 5209 F.
384 5160 416 5209 X.
434 5172 460 5223 p.
479 5160 534 5210 340.
561 5184 589 5195 -
615 5159 656 5211 49.
675 5160 733 5224 esse]
755 5166 816 5211 asset
837 5160 920 5211 PGlt
941 5186 975 5195 -
999 5164 1054 5210 tem
1070 5160 1089 5222 (t
1105 5174 1239 5226 superscr.
1259 5164 1371 5213 etmln
1388 5164 1490 5226 rasura)
1507 5166 1541 5223 P;
1559 5164 1613 5213 4444

289 5232 414 5284 Halmius.
433 5260 461 5269 -
480 5233 521 5284 30.
539 5234 719 5285 4444444444)-
737 5235 933 5289 34.4ο4444ὀ444444
953 5236 1017 5285 PG:
1036 5234 1260 5289 4444444444ωο-
1283 5236 1611 5305 summoueantur

292 5335 318 5345 -
335 5306 442 5373 44444444]
463 5308 584 5373 4444444444
599 5310 628 5359 P.
724 5344 727 5353 .
