4009 6159
705 560 780 627 co.
802 560 970 627 xr-xn.
997 558 1056 647 ss.
1076 558 1226 628 ao-aa.
1568 560 1632 629 ros

306 737 340 800 in
361 732 525 798 laboribus
539 734 767 797 exerceamus?
801 728 853 795 29.
869 731 975 807 Certe,
998 731 1026 795 si
1046 732 1127 796 nibil
1146 733 1271 798 animus
1292 734 1500 817 praesentiret
1518 735 1554 799 in
1572 754 1633 819 po-

307 837 426 894 sterum
449 832 481 891 et
502 826 544 901 si,
574 826 690 909 quibus
717 825 902 907 regionibus
923 826 1006 889 vitae
1028 827 1163 909 spatium
1184 828 1455 910 circumscriptum
1476 834 1542 903 est,
1570 830 1634 893 eis·

306 924 379 987 dem
399 941 511 985 omnes
533 920 740 1003 cogitationes
761 920 945 982 terminaret
959 940 1043 995 suas,
1064 940 1124 985 nec
1138 920 1234 984 mutis
1249 940 1284 985 se
1297 921 1460 985 laboribus
1472 922 1633 1006 frangeret

306 1037 410 1103 neque
433 1022 481 1081 tot
501 1015 585 1077 curis
598 1012 782 1097 vigiliisque
796 1020 966 1096 augeretur
980 1034 1086 1097 neque
1106 1015 1223 1078 totiens
1238 1014 1278 1077 de
1297 1016 1367 1098 ipsa
1378 1016 1443 1079 vita
1456 1015 1632 1079 dimicaret.

306 1112 396 1175 Nunc
427 1110 545 1173 insidet
571 1106 727 1191 quaedam
754 1107 788 1171 in
816 1108 936 1190 optimo
965 1128 1095 1192 quoque
1117 1108 1237 1183 uirtus,
1268 1127 1352 1193 quae
1375 1116 1484 1174 noctes
1505 1129 1543 1173 ac
1565 1108 1657 1173 dieas

308 1206 449 1268 animum
470 1201 590 1284 gloriae
613 1198 749 1264 stimulis
772 1200 909 1263 eoncitat
930 1207 1026 1285 atque
1042 1200 1205 1275 admonet,
1227 1221 1292 1264 non
1307 1222 1379 1265 cum
1392 1203 1476 1267 vitae
1490 1210 1632 1289 tempore

307 1318 377 1361 esse
399 1295 617 1359 dimittendam
638 1294 966 1358 commemorationem
988 1294 1127 1359 nominis
1147 1294 1268 1370 nostri,
1298 1295 1355 1358 sed
1376 1316 1448 1359 eum
1469 1297 1556 1361 omni
1576 1318 1633 1380 po-

306 1390 447 1455 steritate
469 1387 720 1473 adaequandam.
757 1388 828 1450 xli.
850 1384 902 1451 30.
923 1387 972 1449 An
994 1408 1070 1452 sero
1091 1396 1155 1453 mm
1169 1389 1259 1471 parvi
1273 1390 1371 1453 animi
1385 1390 1550 1455 videamur
1562 1409 1633 1454 esse

307 1504 432 1560 omnes,
454 1484 510 1567 qui
533 1483 565 1545 in
588 1502 622 1545 rs
643 1481 771 1564 publica
793 1488 886 1565 atque
914 1482 948 1543 in
969 1482 1019 1545 his
1040 1483 1124 1546 vitae
1145 1482 1295 1566 periculis
1316 1482 1542 1568 laboribusque
1562 1504 1634 1548 rer-

307 1598 426 1653 samur,
448 1584 500 1653 ut,
531 1596 602 1640 curn
623 1595 726 1659 usque
748 1574 788 1639 ad
812 1582 988 1640 extremum
1009 1575 1146 1659 spatium
1168 1576 1291 1640 nullum
1311 1577 1516 1660 tranquillum
1536 1583 1670 1661 atquem

306 1673 443 1737 otiosum
475 1671 621 1754 spiritum
657 1669 861 1745 duxerimus,
901 1670 1066 1733 nobiseum
1101 1670 1194 1734 simul
1229 1671 1382 1735 moritura
1413 1672 1520 1736 omnia
1551 1672 1635 1736 arbi·

306 1766 445 1830 tremuri
487 1766 536 1827 An
565 1770 684 1828 statuas
714 1770 746 1827 et
773 1764 944 1847 imagines,
971 1782 1037 1828 non
1065 1764 1242 1828 animorum
1270 1764 1455 1851 simulacra,
1483 1765 1540 1831 sed
1566 1786 1636 1831 cor·

306 1880 433 1945 porum,
463 1858 604 1925 studiose
632 1857 722 1922 multi
752 1859 865 1921 summi
897 1859 1042 1921 homines
1063 1857 1279 1942 reliquerunt,
1308 1860 1514 1925 consiliorum
1538 1860 1635 1924 relin-

307 1972 404 2037 quere
426 1972 463 2017 ao
484 1953 636 2017 virtutum
656 1959 834 2015 nostrarum
849 1948 985 2034 effigiem
1007 1971 1114 2016 nonne
1136 1951 1235 2015 multo
1257 1952 1353 2016 malle
1367 1954 1528 2031 debemus,
1550 1975 1636 2018 sum·

306 2049 365 2112 mis
396 2047 534 2131 ingeniis
566 2065 750 2131 expressam
784 2052 815 2109 et
840 2046 997 2131 politam?
1031 2046 1098 2130 Ego
1126 2066 1202 2110 sero
1224 2048 1346 2124 omnia,
1367 2068 1450 2132 quae
1471 2048 1673 2133 gerebamus

306 2141 368 2207 iam
381 2149 448 2206 tum
462 2140 652 2224 ingerendo
675 2157 822 2223 spargere
844 2159 895 2203 me
925 2158 962 2204 ao
988 2139 1193 2204 disseminare
1215 2142 1389 2206 arbitrabar
1408 2142 1443 2206 in
1464 2143 1551 2207 orbis
1572 2148 1636 2206 ter-

305 2258 360 2301 rae
381 2236 565 2301 memoriam
596 2234 829 2318 sempiternam.
872 2234 959 2297 Haeo
987 2254 1063 2297 vero
1090 2235 1159 2297 sire
1187 2254 1207 2299 a
1234 2255 1306 2300 meo
1332 2256 1427 2301 sensu
1453 2246 1527 2323 post
1553 2256 1635 2300 mor·

306 2342 369 2396 tem
392 2328 517 2394 afutura
539 2336 604 2405 est,
627 2328 708 2404 sive,
734 2333 771 2391 ut
792 2328 1018 2411 sapientissimi
1038 2327 1184 2393 homines
1205 2337 1411 2414 putaverunt,
1435 2332 1473 2395 ad
1495 2331 1635 2415 aliquam

306 2428 368 2491 mei
398 2430 520 2507 partem
551 2422 738 2510 pertinebit,
768 2442 854 2486 nunc
883 2423 1014 2508 quidem
1035 2431 1120 2487 certe
1142 2426 1335 2507 cogitatione
1357 2424 1492 2509 quadam
1513 2443 1635 2509 speque

308 2522 460 2585 delector.
1642 2536 1673 2585 to

392 2608 444 2677 3⁴.
467 2612 573 2688 Quare
596 2617 796 2689 conservate,
827 2610 966 2689 iudices,
993 2612 1155 2677 hominem
1175 2612 1298 2697 pudore
1320 2633 1376 2690 eo,
1404 2633 1500 2696 quem
1520 2613 1637 2677 amico·

307 2729 377 2773 rnm
398 2706 517 2773 ridetis
539 2706 735 2790 comprobari
757 2727 828 2770 eum
850 2706 1013 2789 dignitate,
1035 2714 1101 2771 tum
1122 2708 1217 2772 etiam
1237 2713 1408 2783 vetustate,
1428 2706 1558 2790 ingenio
1580 2726 1637 2777 au-

308 2811 371 2870 tem
394 2808 500 2876 tantm
528 2808 682 2885 quantum
704 2801 737 2864 id
759 2802 907 2866 convenit
929 2802 1120 2877 existimari,
1149 2801 1237 2887 quod
1258 2820 1451 2866 summorum
1470 2799 1637 2866 bominum

308 2896 446 2981 ingeniis
469 2896 646 2979 expetitum
669 2916 740 2959 esse
761 2896 910 2969 rideatis,
943 2914 1037 2959 causa
1057 2916 1133 2961 vero
1155 2896 1348 2973 eiusmodi,
1380 2914 1462 2980 quae
1483 2890 1635 2958 beneficio

307 2992 405 3075 legis,
427 2990 612 3054 auctoritate
634 2988 819 3075 municipii,
848 2990 1030 3053 testimonio
1052 2988 1193 3065 Luculli,
1215 2990 1330 3054 tabulis
1352 2988 1472 3056 Metelli
1494 3006 1674 3070 compro-ss

308 3085 411 3149 betur.
449 3084 539 3160 Quae
563 3103 633 3147 cum
654 3084 699 3147 ita
720 3084 798 3159 sint,
825 3083 963 3167 petimus
984 3102 1003 3147 a
1025 3084 1132 3159 robis,
1161 3083 1301 3160 iudices,
1324 3085 1351 3148 si
1373 3104 1436 3168 qua
1456 3100 1521 3147 nou
1541 3079 1635 3145 modo

306 3180 463 3253 bumana,
485 3198 594 3243 verum
616 3178 712 3242 etiam
733 3177 841 3243 divina
862 3178 896 3241 in
917 3178 1013 3241 tantis
1035 3178 1172 3261 ingeniis
1192 3179 1425 3243 commendatio
1439 3176 1535 3241 debet
1555 3193 1637 3251 esse,

306 3282 342 3340 ut
363 3295 452 3349 eum,
474 3273 530 3357 qui
552 3292 627 3349 vos,
650 3274 705 3359 qui
726 3280 848 3339 vestros
868 3273 1092 3357 imperatores,
1114 3274 1169 3357 qui
1190 3273 1303 3357 populi
1316 3273 1451 3337 llomani
1465 3292 1517 3336 res
1532 3276 1635 3354 gestas

307 3388 433 3452 semper
460 3366 599 3443 ornavit,
629 3368 685 3451 qui
716 3369 810 3431 etiam
837 3367 887 3431 his
916 3367 1097 3431 recentibus
1118 3370 1234 3432 nostris
1255 3367 1434 3452 uestrisque
1455 3363 1637 3430 domesticis

307 3462 457 3547 perieulis
480 3469 644 3527 aeternum
666 3483 700 3526 se
723 3462 938 3525 testimonium
960 3460 1064 3525 laudis
1086 3461 1233 3525 daturum
1255 3482 1326 3527 esse
1346 3458 1512 3547 profitetur
1525 3468 1675 3543 estqueao

308 3577 350 3622 ex
371 3576 409 3620 eo
431 3574 584 3631 numero,
616 3557 672 3639 qui
701 3575 825 3641 semper
845 3554 931 3639 apud
953 3576 1063 3620 omnes
1084 3558 1184 3622 saneti
1205 3563 1279 3621 sunt
1299 3555 1399 3620 babiti
1420 3556 1528 3641 itaque
1550 3554 1637 3630 dieti,

309 3650 356 3715 sio
377 3650 412 3712 in
433 3657 569 3713 vestram
592 3649 754 3733 accipiatis
771 3647 884 3725 fidem,
905 3656 942 3714 ut
955 3649 1151 3714 humanitate
1166 3659 1271 3715 vestra
1284 3650 1406 3714 levatus
1420 3650 1528 3735 potius
1543 3668 1637 3733 quam

309 3744 479 3809 acerbitate
500 3744 636 3808 violatus
658 3763 729 3807 esse
750 3744 904 3808 rideatur.
951 3740 1003 3807 32.
1027 3744 1117 3820 Quae
1147 3743 1188 3807 de
1217 3764 1312 3809 eausa
1332 3765 1390 3828 pro
1411 3766 1484 3810 mea
1504 3763 1638 3808 consue·

307 3840 419 3906 tudine
450 3838 589 3902 breviter
616 3838 866 3923 simpliciterque
894 3838 977 3926 dixi,
1009 3839 1149 3915 iudices,
1181 3858 1220 3903 ea
1254 3836 1378 3903 confido
1406 3838 1540 3924 probata
1568 3856 1638 3901 esse

356 4138 696 4201 i.snontezsc.om.131.;
715 4136 809 4189 sedai.
824 4136 1639 4203 Tuscui.vsa:soscaac,eqesomsnsormoscansmr

306 4219 426 4270 mansi.
448 4244 475 4253 -
493 4217 519 4267 t.
537 4220 586 4276 ert,
604 4214 702 4279 dudm]
719 4214 764 4265 ists
780 4214 857 4265 odem
874 4215 953 4266 GEP
967 4238 995 4252 -
1013 4215 1038 4265 ³.
1056 4227 1135 4278 nequa
1151 4214 1257 4265 motui.
1272 4239 1299 4249 —
1318 4212 1517 4279 imperante
1536 4220 1639 4280 cogeret

306 4297 367 4345 L-
385 4290 600 4357 ooqns1nsoEA
619 4316 647 4325 -
665 4290 753 4340 totiens
769 4289 834 4341 EA:
852 4291 923 4341 toties
939 4292 1058 4342 GLO-
1076 4290 1274 4355 ipsccituGE:
1291 4291 1549 4355 citcipscilo-
1568 4294 1639 4345 boc

306 4370 357 4421 dict
374 4368 439 4419 GE:
459 4371 482 4418 st
498 4366 550 4416 diss
566 4366 645 4416 ALO
664 4392 692 4401 —
710 4366 735 4415 i.
753 4378 804 4416 erse
821 4366 995 4417 dimetiendum
1012 4368 1047 4427 1.;
1065 4366 1451 4430 mscemmdamnergiium
1468 4369 1639 4433 assessores-

306 4444 406 4495 tsndcm
423 4442 443 4491 0
461 4466 489 4477 -
508 4441 534 4492 8.
548 4442 628 4505 prcus·
645 4442 664 4492 E
683 4467 711 4478 -
731 4454 850 4492 ssseom.
869 4443 936 4493 E·
956 4442 1505 4505 tt.Arstctuca--retiqtssrrsrsGE:csr
1520 4449 1640 4495 emeda-

1757 1731 1777 1821 έ

307 4516 576 4581 mos--rsitquenms
592 4519 627 4577 Α;
652 4531 687 4568 co
703 4530 760 4567 eum
775 4518 1078 4581 ussaw-reliquerint
1100 4531 1162 4570 cum
1183 4519 1212 4569 P.
1231 4519 1346 4570 llanutio
1363 4518 1412 4569 LO
1435 4546 1463 4555 -
1489 4517 1530 4570 si.
1548 4521 1637 4587 nonos]
1750 4548 1757 4561 ·

306 4594 421 4645 norbo
446 4619 474 4629 -
498 4594 538 4643 47.
555 4592 607 4643 sios
627 4604 681 4643 om.
701 4592 781 4644 GEP
805 4622 833 4629 -
858 4595 898 4645 ⁴8.
917 4594 1073 4658 cistwott:
1099 4596 1214 4659 amanto
1235 4593 1269 4653 E;
1292 4592 1413 4657 aimaro
1433 4593 1484 4646 io
1502 4619 1532 4631 -
1555 4599 1639 4645 sat--

304 4669 444 4735 pmiasbit]
461 4672 517 4719 nant
527 4666 731 4730 --psrtiuabssct
745 4667 796 4719 ΒΑ
814 4694 842 4703 -
861 4668 974 4731 utiquam
988 4670 1039 4721 ma
1055 4669 1115 4721 eod.
1134 4667 1231 4730 Ursini,
1249 4679 1319 4719 unus
1330 4680 1346 4717 e
1357 4667 1565 4733 Parisiensibus,
1582 4672 1639 4724 tres

307 4744 546 4810 lagemarsiniani:
571 4742 686 4805 aliquam
706 4743 785 4793 cairan
801 4743 850 4793 mci
866 4744 990 4804 GEAL3
1017 4744 1130 4807 aliquam
1151 4740 1248 4807 [comt]
1269 4742 1355 4793 ceso
1379 4771 1406 4780 -
1429 4742 1471 4795 2⁴.
1489 4744 1639 4808 αηιὶοονωη]

308 4822 446 4872 amenum
461 4820 580 4871 studiisA
593 4843 620 4853 —
639 4818 680 4868 ii.
693 4818 852 4869 esmGEP:
871 4818 1014 4868 tumALO
1028 4845 1056 4854 -
1073 4821 1195 4868 uetustate
1208 4815 1326 4868 Muretus
1338 4816 1483 4881 etLagom.
1496 4820 1544 4871 48:
1560 4832 1640 4871 oenc
1747 4863 1751 4880 ,

307 4902 370 4947 stass
386 4896 494 4947 GEAL
511 4922 539 4933 -
557 4894 598 4945 23.
617 4898 739 4957 mosum
755 4896 783 4944 P.
801 4894 932 4946 Manutius
950 4895 977 4945 et
992 4894 1055 4957 Lag.
1074 4893 1121 4943 66:
1139 4896 1233 4955 quanto
1249 4892 1337 4943 GEA.
1362 4892 1402 4943 Ci.
1420 4893 1588 4959 Wesenberg
1604 4895 1638 4948 ad

308 4984 347 5023 or.
366 4983 393 5036 p.
412 4972 497 5023 Sestio
514 4983 541 5035 p.
559 4970 600 5021 25.
621 4995 647 5005 -
667 4969 733 5031 qaod
748 4981 767 5019 o
782 4981 936 5019 summisso
952 4970 972 5019 1.
991 4994 1018 5005 -
1037 4967 1079 5020 ai.
1097 4968 1202 5033 iugem
1217 4965 1322 5033 (istm)
1339 4967 1400 5017 G-
1418 4967 1559 5021 bssiaonodi
1573 4972 1637 5022 Ε-

307 5046 348 5097 rt.
364 5046 471 5109 petiraus
487 5058 541 5096 om.
559 5046 581 5094 G
598 5070 626 5080 -
643 5044 685 5095 27.
703 5045 809 5109 ingeniis
825 5044 888 5095 GE:
911 5044 1017 5109 negotiis
1031 5042 1111 5094 ALO
1130 5070 1157 5081 —
1185 5043 1227 5096 28.
1245 5042 1289 5105 qni
1304 5046 1507 5095 cernemus
1522 5044 1638 5097 habais

309 5148 337 5158 -
355 5122 462 5173 Rmncni
478 5120 503 5185 (i.
517 5134 540 5170 e.
553 5120 586 5183 r.)
604 5121 693 5171 omG
712 5147 739 5157 -
758 5119 799 5171 30.
818 5118 975 5171 lcudisGE:
994 5120 1099 5170 lcum
1114 5118 1193 5170 ALO
1206 5146 1234 5155 -
1253 5122 1335 5180 estque
1348 5118 1551 5183 sclladvigius:
1569 5120 1639 5183 isque

307 5202 343 5248 srt
360 5196 454 5255 GEA;
473 5196 563 5259 quique
578 5200 614 5246 ert
631 5207 694 5247 cum
711 5193 754 5247 ed.
772 5195 874 5247 Iuntina
892 5196 940 5248 LO
957 5222 985 5232 -
1004 5194 1045 5246 34.
1063 5194 1149 5259 itaque
1165 5194 1256 5246 GEP:
1276 5194 1488 5259 aquatio—
1506 5194 1547 5246 32.
1563 5196 1638 5263 fldsrn

308 5270 701 5337 mannus-seman
