4009 6159
404 594 488 664 llll
798 594 950 661 ORATIO
972 595 1051 660 PRO
1075 595 1137 660 CN.
1158 595 1331 660 PLANCIO

405 791 479 834 men
499 771 570 852 ipso
590 768 720 832 nomine
743 767 846 851 patrio
867 766 986 831 valeret
1007 765 1090 848 apud
1112 766 1282 829 clementes
1304 765 1425 829 iudices
1450 771 1482 828 et
1496 765 1723 838 misericordes,

405 865 538 938 valeret,
559 863 707 947 inquam,
733 863 891 926 communi
912 881 1009 924 sensu
1031 860 1172 923 omnium
1195 865 1227 921 el
1248 858 1430 923 dulcissima
1452 859 1724 922 commendatione

405 965 544 1020 naturae.
586 954 638 1019 32.
661 957 723 1020 Sed
749 977 822 1020 cum
850 957 891 1020 sit
912 947 968 1019 Cn.
990 954 1134 1017 Plancius
1157 955 1183 1015 is
1206 973 1303 1037 eques
1325 955 1500 1027 Romanus,
1531 953 1724 1035 caprimum

405 1057 561 1115 vetustate
583 1051 737 1132 equestris
758 1041 980 1136 nominis,(ut
1000 1057 1105 1130 pater,
1135 1055 1169 1111 ut
1191 1067 1285 1121 avus,
1311 1055 1348 1111 ut
1370 1049 1504 1111 maiores
1526 1049 1595 1110 eius
1616 1066 1725 1108 omnes

221 1136 285 1261 fd
384 1143 531 1225 aequites
560 1144 692 1208 llomani
721 1133 863 1229 fuerint)
884 1163 1040 1206 summum
1068 1143 1101 1204 in
1132 1139 1329 1222 praefectura
1353 1141 1574 1204 florentissima
1595 1139 1726 1223 gradum

405 1238 568 1301 tenuerint
587 1245 621 1300 et
641 1238 801 1321 dignitatis
824 1244 856 1300 et
876 1237 1012 1320 gratiae3
1035 1235 1150 1299 deinde
1172 1244 1207 1298 ut
1228 1236 1350 1316 ipsein
1372 1235 1549 1316 legionibus
1570 1235 1603 1298 P.
1623 1233 1725 1296 Crassi

283 1354 298 1399 s
406 1331 604 1413 imperatoris
625 1331 709 1394 inter
729 1331 947 1394 ornatissimos
968 1333 1129 1407 homines,
1152 1333 1272 1415 equites
1293 1332 1462 1403 Romanos,
1484 1348 1607 1392 summo
1623 1327 1728 1410 splen·

272 1428 288 1462 '²
407 1417 616 1500 doreluerit,
638 1434 675 1489 ut
695 1432 807 1508 postea
827 1425 973 1508 princeps
994 1427 1076 1487 inter
1090 1445 1164 1489 suos
1178 1420 1382 1508 plurimarum
1397 1443 1499 1486 rerum
1516 1423 1728 1485 sanctissimus

407 1525 440 1581 el
460 1518 651 1582 iustissimus
671 1520 787 1592 iudex,
815 1520 1020 1582 maximarum
1044 1519 1231 1582 societatum
1251 1527 1376 1592 auctor,
1403 1517 1608 1599 plurimarum
1630 1519 1729 1599 magi·

372 1618 491 1674 soster:
520 1611 548 1673 si
569 1632 633 1675 non
655 1613 750 1675 modo
772 1612 806 1674 in
828 1632 866 1674 eo
888 1612 967 1675 nibil
988 1633 1138 1696 umquam
1160 1613 1404 1694 reprehensum,
1429 1611 1485 1673 sed
1508 1611 1634 1674 laudata
1654 1616 1730 1673 sunt

408 1705 531 1780 omnia,
552 1713 657 1768 tamen
679 1706 707 1768 is
728 1706 831 1770 oberit
850 1706 1076 1769 honestissimo
1098 1703 1161 1769 lilio
1176 1714 1283 1788 pater,
1307 1705 1361 1789 qui
1377 1706 1428 1768 vel
1443 1705 1545 1768 minus
1561 1705 1729 1767 honestum

409 1806 441 1861 et
461 1800 599 1863 alienum
621 1800 702 1862 tueri
722 1801 773 1863 vel
794 1801 979 1863 auctoritate
1002 1820 1059 1862 sua
1081 1799 1130 1863 vel
1153 1801 1251 1880 gratia
1273 1799 1396 1882 possiti
1433 1795 1483 1860 33.
1498 1799 1658 1882 Asperius,
1680 1801 1730 1862 in-

353 1924 361 1942 ·
410 1893 495 1975 quit,
517 1893 641 1955 locutus
663 1900 712 1956 est
725 1893 848 1976 aliquid
862 1893 1045 1977 aliquando.
1074 1894 1173 1955 Immo
1188 1893 1320 1956 sortasse
1335 1893 1475 1955 liberius.
1505 1894 1544 1955 At
1564 1893 1597 1954 id
1615 1894 1730 1976 ipsum,

409 1985 527 2067 inquit,
558 2005 624 2049 non
652 1996 699 2050 est
725 1988 900 2051 ferendum.
943 1990 1026 2071 Ergo
1055 1990 1077 2052 ii
1105 1986 1227 2051 ferendi
1255 1992 1344 2058 sunt,
1379 1986 1434 2068 qui
1456 1984 1517 2048 hoc
1539 1996 1730 2068 queruntur,

374 2078 584 2141 relibertatem
606 2081 720 2164 equitis
742 2083 874 2144 Romani
895 2103 930 2146 se
951 2083 1032 2146 ferre
1055 2103 1119 2146 non
1141 2083 1257 2164 pessel
1281 2080 1411 2142 Ubinam
1432 2080 1486 2142 ille
1501 2099 1584 2155 mos,
1606 2082 1659 2144 ubi
1675 2082 1732 2145 illa

411 2172 554 2254 aequitas
581 2173 676 2247 iuris,
705 2175 760 2237 ubi
788 2175 844 2237 illa
871 2177 1002 2259 antiqua
1023 2178 1169 2251 libertas,
1198 2195 1278 2258 quae
1302 2174 1392 2236 malis
1414 2193 1564 2257 oppressa
1586 2175 1731 2238 civilibus

411 2263 566 2328 extollere
587 2266 649 2328 iam
671 2275 765 2349 caput
786 2276 817 2331 et
837 2269 1009 2352 aliquando
1032 2279 1173 2334 recreata
1195 2289 1229 2333 se
1252 2270 1372 2350 erigere
1395 2269 1552 2332 debebat?
1582 2270 1731 2353 Equitum

412 2378 472 2439 ego
503 2359 711 2424 Romanorum
739 2362 773 2424 in
801 2363 945 2425 homines
973 2365 1189 2427 nobilissimos
1218 2362 1402 2437 maledicta,
1435 2362 1673 2445 publicanorum
1698 2365 1732 2426 in

268 2517 287 2543 ι,
414 2453 453 2528 Q.
476 2454 676 2529 Scaevolam,
698 2457 799 2549 vigeam
822 2458 967 2521 omnibus
989 2459 1132 2540 ingenio,
1154 2457 1289 2529 iustitia,
1313 2457 1491 2538 integritate
1514 2465 1732 2538 praestantem,

366 2556 524 2628 ¹sattsespere
546 2555 579 2610 et
598 2549 743 2613 ferociter
764 2559 796 2614 et
816 2552 913 2614 libere
936 2551 1020 2615 dicta
1043 2555 1309 2615 commemorem?
1353 2551 1436 2611 xlv.
1460 2549 1587 2642 Copsuli
1617 2550 1650 2610 P.
1671 2551 1733 2612 Na-

414 2640 498 2702 sicae
525 2660 639 2723 praeco
669 2645 820 2720 Granius,
853 2645 957 2709 medio
985 2648 1018 2709 in
1046 2647 1132 2720 loro,
1164 2666 1234 2707 cum
1265 2645 1319 2706 illo
1341 2645 1443 2706 edicto
1465 2643 1583 2706 iustitio
1606 2643 1733 2707 domum

413 2732 569 2798 decedens
590 2747 731 2819 rogasset
751 2739 916 2814 Granium,
938 2740 1017 2822 quid
1037 2741 1135 2803 tristis
1156 2741 1259 2802 esset?
1288 2759 1327 2800 an
1350 2737 1436 2819 quod
1459 2740 1593 2800 reiectae
1614 2740 1733 2802 auctio-

414 2847 471 2890 nes
492 2834 619 2895 essentl
648 2834 744 2896 immo
766 2828 858 2908 sero,
879 2835 996 2918 inquit,
1020 2835 1107 2918 quod
1130 2834 1313 2917 legationes.
1345 2832 1431 2894 ldem
1453 2832 1580 2894 tribuno
1602 2831 1656 2914 pl.,
1677 2853 1733 2914 po-

290 2903 311 3000 ]
414 2923 593 2989 tentissime
618 2926 755 3003 homini,
783 2930 825 2991 M.
846 2931 964 3001 Druso,
994 2927 1051 2990 sed
1078 2929 1175 2991 multa
1207 2929 1298 2990 inre
1324 2927 1450 3009 publica
1471 2925 1633 2998 molienti,
1663 2946 1732 2989 cum

287 2998 299 3027 ι
379 3016 469 3080 soille
498 3037 569 3081 eum
595 3015 764 3088 salumsct
783 3032 831 3099 et,
858 3031 894 3086 ut
914 3020 964 3097 fit,
992 3023 1125 3087 dixisset
1149 3022 1251 3098 «Quid
1275 3022 1357 3103 agis,
1390 3021 1544 3094 Granis»,
1572 3019 1734 3103 respondit

419 3113 535 3176 «Immo
557 3135 631 3179 vero
653 3125 701 3190 tu,
722 3119 839 3193 Druse,
862 3118 938 3203 quid
961 3120 1077 3200 agisis
1111 3117 1168 3179 llle
1190 3117 1225 3178 L.
1249 3115 1369 3189 Crassi,
1390 3115 1445 3177 ille
1467 3116 1507 3177 Μ.
1529 3115 1656 3176 Antonii
1678 3133 1734 3176 vo·

415 3205 570 3270 luntatcm
591 3211 801 3294 asperioribus
822 3212 945 3277 facetiis
967 3233 1061 3295 saepe
1084 3212 1268 3296 perstrinxit
1288 3213 1427 3292 impune.
1460 3211 1550 3272 Nunc
1572 3227 1674 3291 usque
1696 3227 1733 3271 ec

416 3308 465 3363 est
491 3321 641 3385 oppressa
669 3312 773 3368 vestra
798 3308 976 3388 arrogantia
1007 3306 1133 3379 civitae,
1164 3314 1213 3376 ut,
1242 3325 1322 3388 quae
1350 3303 1411 3366 fuit
1438 3303 1513 3365 olim
1531 3304 1680 3384 praeconi
1701 3304 1733 3366 in

416 3394 564 3470 ridendo,
598 3418 682 3461 nunc
714 3400 812 3482 equiti
845 3402 987 3462 Romano
1019 3401 1052 3462 in
1085 3397 1237 3481 plorando
1265 3419 1328 3461 nou
1358 3399 1399 3460 sit
1427 3415 1575 3460 concessa
1596 3398 1733 3460 libertas.

380 3483 468 3550 sodi.
491 3489 581 3564 Quae
608 3493 692 3554 enim
721 3513 873 3577 umquam
898 3495 1017 3557 Plancii
1039 3514 1101 3556 vox
1122 3493 1182 3556 luit
1203 3492 1410 3555 contumeliae
1432 3493 1538 3573 potius
1561 3509 1656 3574 quam
1677 3488 1734 3551 dc·

418 3581 516 3644 loris?
537 3584 614 3665 quid
638 3593 686 3648 est
706 3595 810 3650 autem
831 3608 982 3671 nmquam
1005 3595 1151 3669 questus,
1173 3588 1234 3648 nisi
1257 3607 1326 3649 curn
1349 3607 1367 3649 a
1389 3587 1483 3650 sociis
1505 3593 1537 3647 et
1557 3605 1575 3647 a
1598 3603 1631 3647 se
1653 3586 1733 3647 iniu-

418 3675 496 3738 riam
523 3678 745 3760 propulsaret?
779 3681 857 3742 Cum
887 3687 1013 3744 senatus
1036 3682 1258 3762 impediretur,
1281 3681 1485 3764 quominus,
1516 3679 1549 3741 id
1571 3679 1654 3761 quod
1676 3679 1734 3741 bo·

418 3771 518 3833 stibus
547 3791 672 3854 semper
701 3782 768 3837 erat
787 3775 953 3847 tributum,
982 3793 1167 3856 responsum
1190 3775 1349 3857 equitibus
1370 3773 1519 3836 Romanis
1541 3774 1733 3847 redderetur,

418 3863 564 3928 omnibus
584 3865 640 3928 illa
661 3865 777 3930 iniuria
798 3867 901 3929 dolori
922 3865 981 3930 luit
1002 3867 1187 3951 publicanis,
1218 3869 1273 3930 sed
1296 3889 1368 3930 eum
1394 3869 1498 3949 ipsum
1520 3867 1661 3931 dolorem
1680 3867 1733 3929 hic

484 4250 507 4298 t.
525 4248 721 4298 etmseutieT-
740 4247 764 4297 3.
783 4260 872 4308 sepum
890 4250 994 4298 .r.T—
1013 4248 1037 4300 l.
1056 4249 1266 4310 aequeemer-
1284 4249 1389 4298 musea
1406 4248 1534 4299 omE-
1555 4247 1647 4313 tall]
1664 4249 1734 4298 ΜΤ

418 4322 532 4374 -tl.tt
548 4325 583 4374 T:
600 4323 725 4373 thO-
743 4324 858 4373 bocTE:
877 4326 1005 4374 om.0-
1026 4324 1248 4386 tuequuaer-
1264 4321 1410 4385 oppsst'-
1431 4323 1516 4387 time]
1533 4324 1554 4372 st
1572 4325 1631 4373 E-
1651 4323 1734 4374 debent

416 4399 477 4446 Τ-
491 4397 530 4447 t8.
543 4410 588 4460 ego
598 4411 667 4447 corr.
681 4410 714 4446 ex
725 4399 816 4461 erpoE
830 4425 854 4435 -
874 4399 902 4448 io
912 4400 970 4449 TE:
990 4399 1082 4463 [etiem]
1094 4402 1119 4448 to
1131 4401 1151 4448 0
1164 4425 1191 4434 -
1205 4400 1258 4462 Epo
1271 4398 1488 4461 publicanorum·
1497 4425 1510 4434 -
1522 4401 1588 4461 paud
1603 4400 1735 4465 legationes

416 4469 534 4521 habetet
552 4471 765 4535 -tu1mquet
784 4499 810 4509 -
832 4473 870 4522 49.
888 4474 1013 4522 meaotom
1030 4475 1061 4530 Τς
1080 4474 1202 4524 assuetam
1219 4475 1278 4523 E·
1302 4474 1368 4522 oeruu¹
1384 4474 1405 4523 Τ
1424 4499 1450 4510 -
1469 4475 1510 4523 20.
1531 4488 1636 4537 asperae
1650 4475 1698 4537 ets
1724 4499 1735 4511 -

414 4547 472 4596 titer
488 4546 507 4595 T
526 4573 552 4582 -
571 4551 595 4596 et
609 4547 684 4597 uem
700 4561 753 4597 om.
772 4550 793 4597 Α
811 4574 838 4584 -
858 4549 899 4597 tt.
916 4549 943 4598 iu
959 4551 1039 4598 medic
1054 4549 1073 4612 f.
1087 4552 1116 4599 A.
1136 4549 1174 4599 (ΣΤ.
1194 4547 1373 4611 Stuerenburg
1390 4548 1424 4598 ed
1441 4562 1480 4599 or.
1495 4563 1520 4612 p.
1533 4549 1627 4599 Archia
1645 4549 1687 4600 ed.
1702 4549 1731 4598 ll.

415 4634 443 4684 p.
461 4621 501 4670 32.
522 4647 548 4656 -
575 4622 653 4672 edicio
673 4622 770 4671 esame
785 4624 819 4681 T,
846 4623 943 4672 eddteto
967 4624 1061 4672 laetitio
1081 4624 1117 4678 E:
1144 4624 1276 4672 dictuetitto
1293 4626 1313 4674 Α
1330 4651 1363 4660 -
1387 4625 1428 4673 22.
1446 4637 1521 4673 essem
1538 4624 1571 4678 T:
1594 4625 1650 4675 isses
1666 4626 1685 4675 E
1704 4649 1731 4662 -·

415 4694 455 4744 23.
474 4696 562 4757 inquid
577 4696 597 4746 T
615 4721 643 4732 -
662 4696 794 4758 ugmtonee
810 4697 877 4747 AE:
896 4697 1002 4760 legiones
1018 4699 1037 4748 Τ
1052 4724 1078 4736 -
1097 4701 1305 4749 ideru--Drusc
1321 4698 1432 4749 babetA
1447 4726 1474 4734 -
1494 4701 1601 4764 tribum]
1621 4703 1731 4751 .tr.T-

412 4769 449 4830 pt.
467 4769 499 4818 T:
516 4769 581 4830 plebi
597 4772 632 4830 Ας
649 4770 726 4832 plebis
741 4773 792 4821 EO
811 4799 837 4808 —
856 4772 897 4823 il.
916 4773 1010 4823 bomini
1026 4778 1111 4824 oms
1134 4801 1160 4810 -
1179 4775 1227 4838 sed]
1246 4779 1269 4823 et
1285 4773 1357 4823 ltiehl
1372 4775 1507 4835 (binemus.
1522 4777 1568 4836 ur,
1586 4791 1612 4841 p.
1627 4778 1692 4838 234).
1704 4803 1732 4813 -

414 4857 442 4892 re
461 4857 493 4904 .p.
512 4844 546 4900 E;
571 4845 662 4905 rep.T
685 4873 712 4882 -
739 4847 779 4897 25.
796 4847 926 4897 salutasset
946 4854 983 4908 et,
1005 4855 1033 4898 ut
1053 4853 1095 4913 fit,
1114 4851 1215 4899 dictaret
1231 4863 1296 4901 nos:
1321 4851 1451 4900 edutasret
1466 4857 1494 4900 ut
1509 4853 1537 4913 {tt
1553 4853 1654 4902 dtcteeet
1670 4853 1732 4912 TE,
1789 4853 1792 4860 ’

414 4919 555 4980 summac,
578 4925 607 4968 ut
625 4923 668 4982 ftt,
691 4920 839 4983 dixissetque
856 4924 876 4973 0
893 4951 926 4960 -
947 4925 1040 4984 Groui,
1066 4926 1125 4986 quid
1147 4924 1223 4988 apis?
1246 4925 1362 4976 babetl
1382 4927 1407 4976 in
1424 4925 1533 4977 scholio.
1553 4953 1580 4963 -
1599 4928 1652 4991 epit
1667 4928 1687 4977 Τ
1704 4953 1731 4963 -

412 4995 454 5043 26.
472 4995 548 5043 immo
568 4998 595 5043 tu
613 4995 693 5045 Druse
709 4997 770 5057 usse
791 4999 847 5061 cpia
862 4997 944 5049 babet
960 5002 981 5049 Α
1001 5002 1028 5050 in
1046 4998 1145 5050 scholio
1174 5025 1201 5036 —-
1226 4999 1264 5063 b]
1283 5002 1332 5050 tuci
1348 5001 1395 5051 TE
1414 5028 1441 5037 -
1465 5004 1585 5052 crassen
1604 5028 1630 5038 -
1650 5003 1735 5052 autom

413 5070 463 5119 TE
481 5094 508 5104 -
527 5070 704 5121 sumersete„
721 5070 840 5124 Orellius.
861 5101 888 5110 -
912 5075 953 5124 27.
971 5087 1027 5137 repe
1043 5075 1062 5124 T
1082 5101 1103 5110 -
1130 5077 1221 5136 inpune
1237 5077 1257 5125 Τ
1275 5103 1302 5114 -
1320 5077 1393 5125 Noae
1404 5102 1441 5113 --
1452 5076 1552 5126 libertae
1568 5077 1651 5127 babet
1666 5080 1686 5128 Α
1705 5103 1732 5114 -

411 5145 453 5196 28.
471 5150 506 5194 est
521 5147 790 5208 oppressc--ctuitoe
806 5148 903 5200 ATE:
921 5149 1184 5211 oppressa--civitce
1200 5156 1236 5199 eat
1253 5151 1272 5200 0
1292 5177 1318 5186 -
1336 5155 1425 5200 nostra
1441 5151 1519 5201 ΑΤΕ
1537 5178 1564 5188 -
1583 5153 1736 5216 αᾱνοραπεία

411 5222 462 5271 ΛΤ
476 5245 503 5258 -
517 5221 558 5271 29.
573 5221 690 5283 equata.
704 5224 740 5279 Ας
754 5224 891 5284 ceoddis.
905 5224 1016 5274 r-so.
1031 5225 1296 5287 plancicvomsue't'l';
1314 5227 1550 5289 suitplcueiuoxli
1563 5251 1590 5262 -
1604 5227 1644 5276 ³⁴.
1658 5239 1736 5288 osca

411 5294 492 5348 uase
505 5323 533 5333 -
551 5294 873 5359 stpsepuoaeeearssz
888 5298 1156 5364 publicantefuttO-
1173 5300 1341 5365 tum1cum'r
1354 5327 1381 5339 -
1402 5300 1617 5366 ipsumJttluml'3
1636 5313 1689 5352 om.
1702 5301 1731 5352 Ε.
