4009 6159
319 523 352 556 ’“
418 550 501 620 4444
759 563 911 638 onemo
932 563 1010 628 nno
1032 565 1069 627 r.
1089 565 1214 630 ennio
1235 565 1389 632 444444

414 738 449 796 at
470 731 690 796 coniventibus
711 740 795 797 certe
816 739 958 816 speraret
978 755 1013 798 se
1034 755 1129 817 posse
1151 736 1278 800 cludere
1300 737 1334 800 in
1355 737 1418 801 illis
1440 739 1505 802 suis
1520 739 1663 820 cogitatis
1683 738 1741 802 iu-

416 824 555 890 roribus:
582 828 671 889 cuius
692 826 739 890 illi
761 835 911 902 conatus,
940 837 977 891 ut
1002 829 1072 911 ipse
1094 829 1352 904 ratiocinabatur,
1383 851 1441 894 nec
1463 842 1617 916 cuperent
1636 835 1742 916 repri-

416 937 517 991 mere,
539 919 567 982 si
588 928 732 1003 possent,
753 942 827 986 cum
849 930 967 985 tantum
988 921 1175 987 heneficium
1198 925 1228 986 ei
1250 945 1284 987 se
1305 925 1420 989 dehere
1434 928 1672 1003 arbitrarentur,
1695 937 1742 1004 et,

416 1010 443 1072 si
465 1011 601 1088 vellent,
628 1014 762 1080 fortasse
784 1019 837 1080 clx
862 1025 994 1099 possent
1014 1017 1159 1100 frangere
1179 1017 1316 1082 hominis
1333 1019 1568 1086 sceleratissimi
1590 1023 1743 1086 corroho-

392 1113 514 1169 eratam
536 1108 598 1172 iam
620 1118 774 1173 vetustate
796 1111 970 1174 audaciam.
1013 1109 1065 1174 33.
1086 1115 1135 1176 An
1150 1133 1244 1186 vero,
1265 1113 1397 1189 iudices,
1418 1135 1476 1178 ros
1491 1115 1552 1180 soli
1573 1115 1742 1199 ignoratis,

416 1218 474 1263 vos
493 1201 637 1284 hospites
658 1205 691 1266 in
719 1204 779 1268 hac
799 1205 877 1269 urbe
898 1207 1086 1282 versamini,
1114 1215 1234 1271 vestrae
1256 1209 1498 1291 peregrinantur
1518 1228 1610 1273 aures
1632 1230 1743 1294 neque

415 1294 449 1356 in
478 1295 540 1359 hoc
566 1306 737 1381 pervagato
760 1299 894 1363 civitatis
921 1321 1066 1364 sermone
1088 1311 1269 1375 versantur,
1298 1323 1377 1386 quas
1398 1297 1575 1387 illelleges,
1603 1306 1629 1368 si
1650 1305 1743 1388 leges

414 1391 626 1482 nominandae
648 1402 722 1456 sunt
743 1413 780 1456 ac
802 1413 867 1456 non
888 1395 971 1458 faces
993 1396 1096 1471 urhis,
1120 1405 1226 1477 pestes
1247 1398 1295 1459 rei
1317 1393 1474 1484 publicae)
1490 1398 1588 1462 luerit
1607 1400 1742 1483 imposi-

416 1490 505 1546 turus
527 1476 618 1548 nohis
640 1487 786 1552 omnibus
807 1496 903 1572 atque
925 1489 1112 1552 inusturusi
1133 1490 1273 1564 Exhibe,
1297 1511 1426 1574 quaeso,
1447 1493 1543 1556 Sexte
1559 1492 1660 1568 Clodi,
1682 1514 1742 1556 ex-

378 1576 487 1641 iohibe
515 1578 678 1644 librarium
705 1583 784 1646 illud
806 1583 912 1666 legum
932 1592 1121 1659 vestrarum,
1152 1586 1238 1668 quod
1260 1594 1290 1648 te
1312 1585 1402 1649 aiunt
1423 1587 1579 1668 eripuisse
1602 1608 1619 1650 e
1640 1588 1741 1650 domo

414 1678 447 1732 et
467 1690 509 1734 ex
529 1673 641 1738 mediis
662 1678 758 1739 armis
779 1679 934 1760 turbaque
955 1685 1111 1741 nocturna
1132 1686 1292 1762 tamquam
1314 1679 1486 1745 Palladium
1505 1682 1680 1756 sustulisse,
1702 1690 1743 1746 ut

415 1759 610 1847 praeclarum
632 1770 781 1834 videlicet
801 1792 915 1834 munus
937 1779 1033 1856 atque
1063 1773 1305 1837 instrumentum
1328 1776 1504 1840 tribunatus
1525 1774 1564 1838 ad
1586 1775 1741 1859 aliquem,

414 1859 441 1920 si
464 1867 574 1924 nactus
596 1882 696 1937 esses,
720 1865 776 1947 qui
798 1873 852 1928 tuo
875 1866 1006 1929 arbitrio
1028 1867 1222 1930 tribunatum
1236 1875 1372 1950 gereret,
1395 1868 1517 1933 deferre
1539 1889 1661 1952 posses.
1682 1869 1742 1932 et-

414 1973 478 2035 que
499 1973 557 2038 per
579 1955 627 1990 Η
641 1957 659 1992 ³*
682 1960 731 2020 An
751 1958 845 2022 huius
867 1960 921 2022 ille
944 1960 1037 2042 legis,
1062 1981 1157 2045 quam
1173 1961 1331 2026 Clodiusa
1347 1984 1380 2026 se
1396 1964 1555 2028 inventam
1577 1964 1742 2047 gloriatur,

378 2049 606 2113 remeationem
628 2051 733 2114 tacere
754 2072 850 2116 ausos
872 2063 957 2117 esset
977 2055 1050 2117 vivo
1072 2055 1206 2129 Milone,
1229 2076 1293 2119 non
1316 2056 1418 2120 dicam
1438 2058 1589 2122 consulet
1612 2059 1657 2120 lle
1680 2078 1742 2120 no·

415 2150 514 2206 suum
537 2147 621 2208 enim
642 2147 783 2209 omnium
805 2183 846 2194 -
868 2168 933 2211 non
956 2149 1059 2212 audeo
1082 2155 1181 2211 totum
1203 2149 1319 2214 dicere.
1353 2152 1481 2226 Videte,
1509 2151 1588 2235 quid
1610 2171 1647 2215 ea
1668 2152 1742 2214 vitii

415 2237 469 2300 lex
490 2238 634 2302 habitura
652 2239 764 2316 fuerit,
794 2242 884 2306 cuius
908 2243 1087 2327 periculosa
1109 2244 1202 2306 etiam
1224 2246 1429 2327 reprehensio
1460 2253 1516 2308 est
1559 2247 1600 2309 Et
1626 2247 1742 2329 adspe-

415 2332 462 2395 xit
489 2352 540 2395 me
569 2333 633 2396 illia
662 2335 789 2418 quidem
820 2338 939 2412 oculis,
969 2336 1085 2422 quihus
1108 2345 1173 2399 tum
1197 2338 1333 2412 solebat,
1365 2361 1436 2403 cum
1459 2339 1606 2403 omnihus
1633 2342 1742 2402 omnia

415 2427 602 2491 minabatur.
645 2432 751 2494 Movet
771 2450 821 2494 me
844 2433 964 2514 quippe
992 2431 1101 2494 lumen
1131 2433 1247 2495 curiae.
1291 2434 1376 2495 Xlll.
1400 2433 1509 2510 Quid?
1538 2441 1572 2496 tu
1599 2453 1648 2496 me
1679 2433 1739 2496 tihi

379 2519 542 2595 aoiratrrm,
572 2522 684 2599 Sexte,
713 2531 818 2608 putas,
844 2527 934 2589 cuins
956 2526 1208 2589 inimicissimum
1234 2527 1333 2590 multo
1359 2527 1517 2592 crudelius
1542 2528 1633 2592 etiam
1661 2549 1740 2611 poe-

414 2613 501 2676 nitus
523 2635 574 2690 es,
597 2638 693 2701 quam
714 2628 781 2682 erat
800 2620 1004 2684 humanitatis
1028 2639 1117 2683 meae
1138 2621 1320 2704 postularet
1343 2623 1389 2683 Tu
1405 2623 1438 2685 P.
1455 2621 1558 2685 Clodii
1572 2629 1740 2686 cruentum

414 2709 547 2773 cadaver
568 2712 687 2776 eiecisti
709 2715 822 2790 domo,
845 2723 879 2778 tu
894 2715 927 2777 in
942 2714 1103 2797 publicum
1119 2715 1276 2786 abiecisti,
1300 2724 1333 2778 tu
1348 2716 1518 2798 spoliatum
1535 2716 1738 2800 imaginibus,

415 2806 591 2888 exsequiis,
613 2828 744 2892 pompa,
765 2809 964 2882 laudatione,
987 2808 1212 2872 infelicissimis
1235 2809 1328 2892 lignis
1344 2811 1596 2874 semiustulatum
1610 2819 1739 2874 noctur-

414 2899 463 2961 nis
491 2900 621 2964 canibus
650 2902 868 2968 dilaniandum
888 2904 1054 2987 reliquisti.
1098 2902 1221 2978 Quare,
1251 2903 1309 2966 etsi
1331 2903 1451 2966 nefarie
1472 2904 1592 2979 fecisti,
1621 2913 1739 2980 444444,

376 2996 563 3077 aequoniam
592 2997 624 3058 in
653 3017 723 3060 meo
752 2999 878 3062 inimico
908 2997 1124 3060 crudelitatem
1147 2999 1371 3081 exprompsisti
1392 3006 1495 3072 tuam,
1521 2999 1650 3063 laudare
1672 3021 1738 3065 non

413 3098 560 3160 possum,
583 3081 677 3145 irasci
701 3091 785 3146 certe
807 3104 870 3147 non
894 3082 1006 3150 debeo.

236 1449 249 1479 t

281 1714 293 1742 4

279 1747 298 1805 ἒ

1396 3227 1503 3234 ----—-
1510 3229 1604 3234 ----
1610 3229 1734 3238 ——--...

479 3305 503 3354 t.
522 3307 559 3367 ct]
575 3311 620 3355 out
636 3306 655 3355 Ε
674 3330 701 3342 -
720 3306 888 3356 contuentibus
903 3307 936 3356 T:
955 3306 1137 3356 conhiomttbus
1154 3307 1187 3362 E;
1206 3305 1425 3357 coarciuentibueo
1445 3333 1471 3344 -
1488 3320 1559 3370 posse
1575 3321 1599 3358 44
1613 3309 1633 3358 'I
1645 3307 1738 3372 (solus)

415 3380 449 3439 0,
467 3383 496 3429 ut
513 3383 554 3431 est
570 3395 596 3445 p.
609 3381 681 3441 4443,
693 3381 734 3430 et.
750 3407 777 3416 -
795 3382 821 3430 4.
839 3383 891 3444 ipse
907 3383 971 3432 TE:
990 3381 1031 3431 4444
1048 3383 1091 3432 80
1112 3409 1137 3420 -
1156 3395 1201 3432 uec
1217 3387 1334 3443 cuperent
1349 3384 1499 3444 reprimere,
1517 3384 1649 3444 ttpcsseet
1665 3383 1739 3434 ltad-

414 3456 497 3518 vigius
509 3458 606 3518 (Opitre.
619 3458 693 3507 acad.
705 3458 749 3508 ott.
763 3471 789 3521 p.
803 3458 873 3519 32⁴l5
891 3471 936 3507 uec
951 3458 973 3506 44
988 3463 1105 3518 cuperent
1120 3460 1256 3520 reprimere
1269 3463 1367 3520 possent
1383 3458 1464 3517 ΤΕ8;
1482 3471 1527 3508 aec
1542 3460 1564 3508 44
1576 3463 1683 3521 posceret,
1695 3472 1738 3509 re-

411 3533 520 3593 primere
529 3537 645 3593 44444444
656 3545 718 3582 cnm
730 3533 844 3583 blanntio
855 3533 884 3591 03
897 3530 948 3582 Sal.
959 3531 1117 3594 Vocgelinus
1126 3532 1208 3583 verba
1220 3534 1347 3595 aiposseat
1359 3531 1471 3582 delenda
1483 3535 1613 3584 censet·
1628 3535 1651 3583 7.
1666 3535 1738 3595 quaet

413 3598 507 3655 44444Ἐ
521 3631 548 3642 -
566 3607 591 3656 9.
604 3607 707 3656 Exhibe.
725 3607 811 3657 444444
827 3621 901 3669 queso
917 3609 991 3656 Secta
1005 3608 1040 3657 ct.
1053 3608 1186 3658 librarium
1203 3608 1222 3658 E
1235 3634 1262 3643 -
1283 3608 1351 3657 Clodi
1362 3609 1392 3657 S:
1410 3608 1488 3657 4444444
1505 3607 1552 3658 TE
1571 3633 1598 3644 -
1618 3608 1658 3657 40.
1676 3606 1737 3658 4444-

413 3681 513 3731 rertum
529 3682 588 3731 T-
608 3682 648 3733 tt.
665 3683 781 3733 4444444444
797 3683 817 3732 Ε
836 3706 863 3717 -
884 3681 981 3732 43-44.
993 3683 1073 3744 Atque
1085 3683 1345 3744 per--repreasueto
1360 3687 1396 3732 eet
1407 3687 1440 3744 tv.
1454 3683 1503 3743 tr),
1516 3695 1585 3746 quae
1597 3680 1678 3733 verba
1692 3683 1737 3732 de·

414 3759 475 3806 sunt
492 3757 518 3806 in
536 3757 659 3808 omnibus
671 3757 805 3807 Ciceronis
822 3755 972 3816 codicibus,
991 3755 1124 3822 supplevii
1135 3759 1271 3820 Peyronus
1283 3771 1298 3807 e
1310 3756 1453 3808 Scholiasta
1464 3756 1638 3807 ambrosiano
1650 3757 1684 3807 ed
1696 3771 1735 3808 or.

414 3831 444 3880 de
460 3843 518 3880 aere
528 3831 609 3882 4444444
619 3832 718 3882 44444444
734 3844 760 3896 p.
774 3831 822 3882 346
839 3834 866 3881 44
883 3845 915 3881 ex
927 3829 1084 3892 Quintillano
1095 3832 1140 3893 Ill,
1154 3832 1178 3892 2,
1193 3832 1233 3883 444.
1252 3832 1328 3896 Apud
1340 3831 1511 3883 Scholiastcm
1523 3832 1590 3882 haec
1601 3830 1735 3896 leguntur:

415 3905 506 3969 rhegis
529 3909 628 3957 mentio
652 3907 682 3957 Iit
697 3908 724 3956 in
741 3907 858 3956 oratione
876 3919 945 3969 quae
963 3905 1053 3956 hahita
1071 3910 1112 3957 est
1128 3919 1177 3971 pro
1195 3907 1306 3958 illicne:
1332 3913 1408 3968 atque
1421 3921 1467 3970 per
1484 3907 1607 3971 (spatium
1622 3919 1738 3957 vacuum

414 3983 492 4032 unius
509 3981 639 4045 versiculi)
657 3983 687 4033 de
702 3986 844 4032 costronem
855 3982 911 4045 (sic)
929 3982 1041 4030 omnium
1054 4007 1081 4017 —
1099 3996 1150 4032 coc
1166 3985 1246 4032 audeo
1261 3987 1340 4032 totum
1355 3982 1444 4032 4444444.
1466 3982 1554 4044 Videte,
1573 3983 1633 4044 quid
1647 3995 1678 4031 ec
1693 3984 1738 4032 4444

413 4056 455 4107 444
470 4057 588 4108 habituro
602 4058 691 4121 tuerit,
710 4058 780 4107 4444444
792 4057 934 4120 periculoso
950 4057 1027 4106 etium
1042 4058 1196 4118 reprehensio
1213 4062 1255 4107 444.
1279 4057 1370 4121 Opinio
1388 4057 1446 4106 erat
1461 4054 1563 4118 legemr
1582 4059 1632 4107 cet.
1660 4057 1739 4116 Quin-

414 4131 518 4184 titianus
535 4136 625 4184 autem
642 4133 748 4184 exhibet
764 4132 846 4183 verba
862 4134 901 4183 Au
916 4133 1036 4182 leima
1047 4136 1127 4181 totum
1142 4132 1231 4183 dicere.
1251 4134 1288 4183 Ne
1306 4145 1368 4182 cum
1385 4131 1432 4181 Th.
1446 4133 1621 4184 blommsenio
1637 4133 1676 4194 (de
1689 4133 1739 4183 cot-

413 4210 483 4272 tegite
503 4222 530 4273 p.
548 4209 580 4259 oa
597 4223 623 4259 n.
642 4209 665 4272 7)
684 4210 711 4259 44
727 4206 829 4258 Halmio
845 4207 928 4258 uerba
945 4212 1020 4270 utque
1038 4221 1086 4269 per
1102 4206 1264 4259 scholiastae
1281 4207 1428 4258 tribuerem
1444 4204 1564 4270 suppleta
1580 4220 1647 4258 voce
1664 4201 1739 4258 ἀπο-

413 4281 570 4349 σιώπησιν,
593 4284 644 4334 444
664 4283 833 4348 potissimum
851 4282 984 4347 prohibniI
1000 4281 1074 4346 quod
1091 4281 1235 4333 Scholiasta
1253 4281 1341 4332 locum
1359 4282 1492 4332 Ciceronis
1509 4293 1571 4344 non,
1589 4285 1620 4332 nt
1636 4283 1738 4343 Quinti-

414 4358 510 4420 lianus,
529 4361 638 4423 propter
654 4358 854 4422 grammaticam
869 4356 912 4407 uel
929 4358 1089 4408 rhetoricam
1108 4359 1250 4418 rationem,
1270 4357 1317 4408 sed
1336 4359 1411 4407 unice
1429 4358 1537 4422 propter
1548 4355 1612 4420 legis
1623 4358 1738 4408 mentio-

414 4447 476 4485 nem
493 4433 586 4485 attulit.
612 4437 685 4486 Inter
700 4435 779 4498 Atque
791 4448 839 4498 per
855 4436 883 4484 44
897 4435 936 4484 Aa
951 4434 1024 4483 44444444
1036 4447 1097 4484 cum
1109 4434 1204 4483 Beiero
1215 4433 1283 4482 haec
1302 4433 1455 4482 insecutio:
1475 4445 1557 4481 44444444
1568 4431 1646 4482 tribisa
1655 4432 1740 4482 44444444

415 4509 534 4560 libertinis
549 4523 632 4560 sarcos
648 4509 688 4559 4444
705 4522 800 4569 4444444,
823 4509 867 4571 qui
887 4509 914 4558 44
935 4508 1047 4558 tiberim
1065 4511 1239 4568 morarentur,
1262 4507 1314 4569 tege
1329 4519 1397 4556 44444
1411 4506 1542 4556 additurus
1558 4512 1625 4568 erut,
1647 4512 1675 4557 ut
1690 4508 1739 4570 ipsi

413 4598 470 4634 44444
485 4585 599 4648 iepeuutr
614 4584 752 4646 aequaliter
767 4583 893 4646 4444444444
907 4583 1009 4645 terreat.
1025 4610 1053 4620 -
1072 4581 1113 4632 44.
1127 4581 1224 4632 Clodius
1239 4579 1426 4642 Quintilianus:
1445 4582 1506 4631 844.
1524 4579 1622 4630 Clodius
1638 4581 1671 4632 de
1689 4595 1738 4633 sua

414 4660 565 4710 coniectura
578 4660 607 4709 0.
627 4659 665 4710 ct.
678 4672 705 4723 p,
715 4657 772 4718 ert,
784 4659 823 4708 43.
834 4685 861 4695 -
881 4658 920 4708 te.
933 4671 984 4707 4444
995 4654 1181 4717 Quintilianus:
1199 4671 1230 4708 ne
1247 4670 1309 4708 cnm
1320 4656 1497 4708 deteriothus
1508 4655 1655 4717 Quintiliani
1667 4657 1736 4708 codi-

414 4735 490 4786 cibus
505 4737 525 4786 0
538 4761 565 4771 -
580 4735 619 4785 to.
632 4736 698 4785 4444444
708 4747 761 4784 om.
775 4731 862 4784 schol.
872 4732 1062 4784 Ambrosianus
1073 4732 1127 4794 (qui
1145 4730 1228 4782 habet
1237 4737 1379 4783 4444444444
1391 4744 1438 4794 pro
1449 4731 1579 4794 eostam),
1593 4745 1646 4782 444
1658 4733 1737 4793 0444-

414 4810 494 4862 titiani
511 4810 589 4861 codd.
602 4811 706 4875 optimi,
725 4809 796 4873 qnod
810 4822 902 4859 errore
916 4808 1033 4871 quodam
1045 4806 1149 4857 tradidit
1160 4805 1314 4870 Madviqus.
1329 4832 1357 4842 -
1371 4807 1410 4855 47.
1423 4805 1456 4854 Et
1466 4807 1565 4867 aspecit
1574 4831 1612 4844 -·
1621 4807 1737 4857 minabo·

413 4893 456 4937 tur
471 4886 616 4945 hahentA3
636 4883 808 4946 Quintilianus
824 4884 866 4945 III,
879 4885 904 4944 i,
916 4885 962 4939 56:
981 4884 1129 4934 Priscianus
1145 4883 1233 4944 XVIII,
1246 4883 1287 4945 34,
1300 4881 1357 4932 300,
1368 4907 1402 4920 -
1418 4881 1459 4932 48.
1478 4881 1576 4942 quidem
1591 4881 1641 4932 44444
1653 4884 1694 4933 Τ8
1707 4908 1733 4918 -

414 4961 474 5026 trun]
490 4966 550 5011 tuuc
565 4964 630 5011 Α-
645 4960 738 5010 rotabat
753 4973 807 5009 om.
820 4960 977 5010 Priscianus.
993 4987 1021 4995 -
1040 4959 1080 5008 49.
1095 4957 1240 5008 uueobctur
1255 4958 1274 5006 Τ
1287 4983 1313 4993 -
1333 4957 1440 5008 444444-
1449 4982 1464 4993 -
1474 4957 1560 5007 4444444
1575 4955 1658 5007 habet
1672 4961 1694 5008 Α
1708 4985 1735 4994 -

415 5036 480 5099 04444
495 5033 544 5084 tu?
558 5047 598 5085 me
614 5035 710 5086 liauius
730 5035 789 5085 Vor.
806 5036 881 5085 lectt.
895 5037 929 5094 II,
947 5049 975 5099 p.
989 5034 1045 5084 489.
1060 5059 1087 5070 -
1106 5033 1149 5083 tibi
1165 5033 1261 5082 iratum
1276 5037 1346 5084 444444
1358 5036 1435 5094 putas
1446 5032 1494 5081 ΤΕ
1505 5045 1511 5080 4
1532 5033 1635 5094 iratum,
1653 5033 1736 5094 84444,

413 5109 543 5174 praestiti
554 5111 597 5160 80
610 5136 637 5145 -
656 5110 698 5160 40.
711 5111 781 5159 cuius
791 5110 824 5160 T:
842 5111 913 5159 cuiue
923 5109 1030 5160 tuESO
1045 5135 1071 5145 -
1086 5109 1201 5170 poenitus
1212 5111 1364 5172 Peyronus:
1380 5108 1521 5169 perduct,
1537 5109 1736 5169 4444444410-

415 5187 457 5236 43.
469 5186 580 5248 44444444
594 5186 642 5236 ΤΕ
660 5213 688 5222 -
706 5186 903 5236 eeniuetutotum
919 5187 951 5235 T:
976 5185 1166 5234 aautuetitctum
1181 5185 1215 5242 E3
1237 5181 1424 5233 semustulutum
1441 5183 1478 5245 (ut
1494 5183 1618 5234 scribiinr
1635 5184 1660 5234 in
1678 5182 1738 5234 eod.

417 5262 541 5312 Vaticano
554 5261 657 5327 Philipp.
670 5262 701 5324 II,
715 5261 730 5332 g
742 5260 784 5324 94)
795 5261 814 5311 0
826 5260 1000 5324 (committatur
1015 5258 1097 5311 hebet
1108 5257 1297 5324 Palimpsestus
1308 5257 1499 5310 Ambrosianus
1511 5271 1561 5324 pro
1573 5258 1650 5308 4444444
1660 5258 1676 5324 5
1688 5257 1738 5320 484.
