4009 6159
708 609 783 677 cn.
804 608 955 677 v-vn.
975 604 1030 695 §s
1051 604 1197 673 ll-l7.
1552 599 1615 667 803

292 781 426 867 primum
456 779 542 865 qnod
563 778 741 845 distributis
768 780 911 865 pertibus
941 799 1045 844 sermo
1071 786 1121 843 est
1146 785 1212 845 tote
1239 778 1317 844 Asia
1343 776 1532 863 (Ιίισὶμωι,
1561 775 1617 841 Cn.

291 874 492 960 Pompeium,
521 872 609 959 quod
634 874 671 937 l..
693 874 805 939 Flacco
833 882 919 939 esset
946 875 1150 939 vehementer
1177 874 1342 949 iuimicus,
1371 872 1571 936 contendisse
1598 890 1618 934 a

289 970 328 1033 t).
348 968 479 1043 Laelio,
509 976 644 1052 paterno
666 970 768 1055 amico
789 988 825 1033 ae
847 969 1105 1053 pernecessario,
1134 974 1170 1033 ut
1188 969 1274 1031 bunc
1293 965 1355 1031 boo
1375 966 1493 1030 iudicio
1514 984 1619 1029 arms-

290 1070 390 1137 seret,
421 1081 613 1146 omnemque
636 1060 665 1125 ei
688 1082 778 1125 suam
799 1062 1037 1138 auctoritatem,
1065 1064 1214 1146 gretiam,
1242 1062 1369 1148 copias,
1395 1079 1474 1146 opes
1494 1059 1619 1125 adhoc

289 1154 454 1237 negotium
482 1155 717 1220 conficiendum
748 1156 911 1221 detulisse.
948 1156 984 1219 ld
1007 1157 1069 1220 boo
1089 1158 1157 1220 reri
1178 1156 1314 1220 similius
1335 1155 1462 1220 Graecis
1481 1154 1641 1220 bomini-⁶

289 1250 348 1314 bus
368 1247 553 1326 ridebatur,
576 1250 663 1335 quod
684 1250 780 1333 paulo
801 1257 875 1313 ante
895 1251 929 1315 iu
951 1250 1064 1314 eadem
1084 1251 1249 1334 provincia
1266 1249 1454 1313 familiarem
1475 1247 1619 1312 Lesbum

289 1344 403 1408 Flacco
431 1342 587 1409 videraut.
629 1343 770 1427 Pompeii
798 1351 902 1409 eutem
925 1345 1100 1409 auctoritas
1121 1364 1193 1407 cum
1214 1342 1299 1428 apud
1319 1362 1431 1407 omnes
1452 1350 1540 1406 unta
1560 1348 1618 1417 est,

290 1442 409 1521 quauta
430 1455 501 1501 essa
523 1438 634 1514 debet,
656 1444 724 1501 tum
747 1437 877 1501 excellit
897 1439 931 1502 in
952 1439 1013 1502 ista
1034 1438 1216 1523 provincia,
1238 1455 1333 1521 mam
1352 1454 1458 1519 nuper
1477 1443 1511 1499 et
1528 1452 1619 1519 prac-

291 1530 410 1595 douum
431 1538 465 1595 et
484 1548 594 1615 regum
615 1531 700 1595 bello
723 1530 877 1596 liberavit.
909 1532 1065 1597 Adiunxit
1085 1532 1157 1606 ille,
1186 1539 1223 1596 ut
1245 1550 1315 1606 eos,
1336 1529 1393 1614 qrsi
1414 1530 1509 1595 domo
1530 1529 1620 1595 exire

289 1624 455 1700 nolebant,
476 1625 650 1690 testimonii
673 1624 912 1690 denuntiatione
935 1633 1086 1702 terreret,
1108 1626 1165 1709 qui
1180 1624 1267 1689 domi
1288 1632 1372 1689 stare
1384 1629 1657 1707 nonpotcrantso

288 1718 376 1803 lungo
398 1726 432 1783 et
451 1718 576 1784 liberali
595 1718 712 1782 viatico
735 1728 959 1785 commoneret
1003 1716 1054 1784 45.
1077 1721 1129 1783 Sic
1154 1718 1342 1784 adolescens
1363 1718 1484 1801 ingenii
1505 1718 1619 1801 plenus

289 1813 462 1899 locupletes
484 1822 588 1889 metu,
617 1821 730 1877 tenues
752 1814 908 1897 praemio,
931 1813 1046 1877 stultos
1068 1832 1175 1877 errore
1197 1812 1373 1896 permovit3
1401 1811 1448 1875 sic
1470 1818 1544 1876 sunt
1564 1830 1620 1875 ex·

288 1925 399 1989 pressa
419 1907 482 1971 iste
503 1908 680 1993 praeclara,
710 1926 792 1991 quac
813 1908 1003 1983 recitentur,
1032 1906 1263 1991 psephismate,
1287 1926 1355 1970 non
1376 1905 1543 1971 sententiis
1563 1925 1621 1969 ne·

289 2019 353 2083 que
373 2000 614 2065 auctoritatibus
635 2001 810 2077 declarate,
832 2021 896 2065 non
917 2003 985 2065 iure
999 2001 1136 2065 iurando
1150 2001 1336 2076 constricte,
1358 2000 1415 2065 sed
1429 2000 1620 2085 porrigenda

290 2112 385 2157 manu
406 2092 694 2179 profundendoque
716 2094 854 2159 clamore
875 2095 1087 2159 multitudiuis
1108 2097 1296 2159 concitatae.
1628 2104 1657 2152 ta

373 2188 442 2253 vn.
466 2187 493 2252 0
514 2206 635 2253 morem
656 2188 854 2273 praeclarum
875 2188 1161 2273 disciplinamque,
1183 2209 1279 2274 mam
1301 2188 1510 2254 emtionibus
1530 2206 1620 2252 accc·

289 2282 413 2366 pimus,
435 2282 462 2346 si
484 2283 615 2366 quidem
636 2281 833 2347 teneremus!
855 2281 912 2346 sed
933 2283 1043 2347 nescio
1066 2302 1130 2367 qno
1151 2290 1246 2366 pacto
1263 2284 1327 2347 iam
1341 2282 1383 2347 de
1396 2283 1542 2347 manibus
1555 2283 1620 2348 ela·

290 2377 386 2441 bitur.
421 2375 547 2441 Nullam
570 2377 655 2441 enim
676 2375 724 2440 illi
747 2376 848 2441 nostri
871 2376 1096 2461 sapientissimi
1119 2384 1151 2441 et
1172 2376 1362 2442 sanctissimi
1382 2376 1444 2441 viri
1457 2376 1524 2441 rim
1543 2396 1621 2441 con·

288 2471 385 2535 tionis
413 2489 486 2535 esse
516 2470 701 2536 voluerunt:
732 2490 815 2555 quae
845 2471 993 2534 scisceret
1014 2470 1124 2554 plebes
1145 2476 1202 2535 aut
1221 2490 1307 2555 quae
1325 2468 1466 2556 populus
1486 2470 1619 2547 iuberet,

288 2571 447 2629 summota
466 2564 633 2640 contione,
655 2563 832 2628 distributis
853 2563 992 2648 partibus
1014 2564 1156 2629 tributim
1173 2573 1206 2630 st
1225 2564 1437 2639 centuriatim,
1452 2562 1658 2649 descriptisso

288 2660 472 2736 ordinibus,
501 2658 672 2734 classibus,
699 2658 871 2734 aetatibus,
901 2657 1016 2723 auditis
1037 2658 1230 2735 auctoribus,
1256 2678 1292 2724 re
1314 2658 1433 2722 multos
1454 2656 1524 2721 dies
1545 2678 1620 2741 pro-

288 2752 428 2836 mulgata
455 2761 487 2818 et
515 2753 660 2837 cognita,
688 2752 790 2816 iuberi
819 2751 983 2836 vetarique
1005 2752 1183 2816 voluerunt.
1227 2747 1279 2816 46.
1301 2751 1492 2816 Graecorum
1513 2760 1620 2818 autem

289 2854 374 2911 totae
403 2868 457 2912 res
478 2847 624 2932 publicae
646 2846 785 2910 sedentis
807 2845 963 2909 contionis
985 2846 1163 2910 temeritate
1185 2845 1454 2911 administrentur.
1498 2847 1620 2931 ltaque,

288 2949 325 3005 ut
345 2942 429 3006 hanc
451 2940 632 3014 Graeciam,
659 2959 742 3024 quae
770 2941 833 3003 iem
861 2938 917 3001 diu
943 2940 1011 3003 suis
1038 2940 1179 3004 consiliis
1199 2939 1348 3023 perculsa
1369 2947 1402 3003 et
1422 2938 1540 3004 afflicte
1562 2949 1620 3016 est,

288 3037 453 3112 ominem,
474 3034 529 3099 illa
550 3042 657 3109 retus,
679 3052 762 3118 quae
784 3031 946 3117 quondam
969 3033 1101 3116 opibus,
1121 3034 1272 3118 imperio,
1294 3034 1395 3118 glorie
1410 3032 1536 3110 floruit,
1556 3033 1657 3098 bocas

288 3150 354 3195 uno
377 3130 461 3194 melo
483 3128 637 3203 concidit,
657 3127 804 3191 libertate
826 3124 1034 3191 immoderate
1055 3146 1092 3191 ac
1112 3126 1242 3192 licentia
1255 3127 1451 3192 contionum.
1485 3128 1564 3193 Cum
1585 3131 1620 3194 in

288 3224 416 3289 theatro
436 3223 576 3306 imperiti
595 3219 758 3296 homines,
786 3239 891 3284 rerum
913 3219 1056 3284 omnium
1076 3219 1173 3283 rudes
1194 3220 1377 3304 ignarique,
1399 3221 1619 3298 consederant,

288 3326 356 3382 tum
377 3317 462 3381 belle
482 3314 610 3379 inutilia
631 3314 859 3398 suscipiebant,
881 3321 949 3377 tum
964 3313 1132 3377 seditiosos
1145 3311 1293 3378 homines
1306 3314 1516 3398 reipublicae
1530 3336 1620 3402 prac-

287 3410 453 3486 ticiebant,
481 3415 549 3473 tum
579 3409 699 3493 optime
725 3408 856 3473 meritos
885 3408 971 3471 cives
993 3428 1011 3471 e
1033 3406 1161 3471 civitate
1182 3408 1359 3472 eliciebant
1401 3403 1454 3473 47.
1476 3409 1620 3486 Quodsi

287 3506 368 3571 baec
388 3502 521 3569 Athenis
542 3509 627 3579 tum,
656 3522 727 3567 cum
757 3502 831 3565 illae
852 3520 919 3565 non
941 3501 1046 3566 solum
1065 3501 1099 3563 in
1120 3500 1269 3578 Graecia,
1298 3502 1355 3566 sed
1375 3522 1476 3586 prope
1497 3508 1658 3570 eunetisao

287 3598 436 3683 gentibus
458 3596 637 3672 enitebant,
666 3596 809 3661 accidere
831 3604 906 3660 sunt
925 3595 1036 3671 solite,
1059 3614 1156 3679 quam
1177 3596 1427 3660 moderationem
1447 3602 1564 3682 putetis
1585 3602 1620 3665 iu

288 3693 427 3777 Phrygia
454 3697 510 3756 aut
537 3691 572 3754 iu
594 3690 697 3775 btysie
718 3692 901 3755 contionum
921 3688 1045 3754 fuisset
1076 3690 1208 3754 Nostres
1228 3690 1397 3755 contiones
1417 3690 1542 3757 illarum
1564 3713 1620 3757 ue·

288 3786 412 3851 tionum
431 3784 580 3850 homines
600 3786 788 3869 plerumque
801 3783 1005 3868 perturbent:
1028 3782 1124 3867 quid,
1145 3803 1218 3848 oum
1232 3784 1379 3849 solisunt
1391 3784 1470 3868 ipsi,
1491 3786 1618 3852 tandem

286 3876 355 3945 lieri
375 3879 518 3965 putatis?
552 3878 670 3943 Gnoses
700 3887 749 3943 est
768 3880 866 3963 virgis
889 3877 1046 3962 Cymaeus
1066 3876 1121 3942 ille
1141 3877 1376 3961 Athenagoras,
1403 3880 1461 3963 qui
1481 3882 1515 3945 in
1535 3880 1619 3945 lame

286 3973 482 4039 fruentum
503 3980 672 4056 exportare
694 3980 763 4037 eret
783 3992 890 4037 ausus.
925 3972 1007 4038 Date
1028 3974 1135 4038 contio
1157 3974 1267 4039 Laelio
1288 3980 1347 4038 est.
1388 3974 1547 4041 Processit
1562 3975 1657 4040 ittera

287 4076 320 4133 et
340 4067 481 4132 Graecus
504 4067 588 4151 apud
611 4066 747 4132 Graecos
769 4084 835 4131 non
857 4065 898 4132 de
919 4066 1014 4151 culpa
1035 4085 1094 4132 sue
1115 4068 1212 4145 dixit,
1234 4067 1292 4133 sed
1307 4068 1347 4133 de
1367 4088 1472 4153 poena
1485 4075 1618 4152 questus

288 4168 346 4228 ast.
378 4163 594 4228 Porrexerunt
613 4180 744 4226 manus:
774 4160 958 4247 psephisma
985 4169 1095 4225 netum
1116 4168 1176 4226 est.
1216 4162 1287 4227 lloc
1307 4162 1523 4227 testimouium
1545 4164 1618 4226 esti

351 4417 378 4468 4.
395 4426 477 4469 sorno
492 4418 692 4479 ast-wotene
708 4414 791 4466 manco
807 4413 925 4469 hubetB
945 4443 973 4454 -
992 4415 1251 4482 muamtsiesst
1270 4442 1298 4453 -
1316 4417 1342 4468 4.
1360 4417 1390 4468 L.
1408 4416 1494 4469 omit
1513 4440 1541 4451 -
1559 4418 1620 4466 asset

285 4490 528 4543 Betlluldrtcus:
549 4490 693 4542 sstoetert.
713 4516 741 4527 -
759 4491 1021 4545 commanens
1044 4520 1071 4530 -
1095 4497 1221 4546 cumb
1245 4520 1273 4532 -
1296 4493 1321 4547 3.
1339 4495 1372 4545 D.
1391 4490 1570 4544 cmttTAt.
1589 4515 1617 4525 -

287 4566 311 4617 t.
328 4564 1010 4630 {cumboaltasntaaodcmprociaetotb-
1028 4568 1053 4620 8.
1072 4562 1618 4634 apraedonaunncommocerctbebettt

288 4666 316 4677 -
335 4642 361 4693 s.
377 4641 494 4695 tltoA-
513 4641 555 4694 40.
567 4640 684 4693 uobboet
700 4641 759 4692 Τ·
774 4642 846 4693 donce
857 4644 874 4692 s
885 4668 912 4679 -
926 4645 966 4695 tt.
981 4644 1063 4696 «cod.
1075 4651 1264 4697 commotam
1282 4646 1372 4697 Merra.
1390 4644 1450 4709 lpse
1466 4640 1509 4692 bls
1526 4639 1619 4705 (verba

286 4718 359 4769 cutm
368 4714 413 4781 eat
428 4715 495 4768 dotat
506 4740 543 4755 ·-
553 4715 720 4767 comnwocbot
732 4717 813 4768 etiem
829 4718 1038 4783 tnterpretettont
1054 4720 1167 4772 inseruit
1176 4719 1344 4785 scholiastes)
1357 4717 1431 4770 dedlt
1441 4715 1617 4773 conenoosbot.

286 4794 317 4843 ut
335 4791 448 4845 lontano
466 4789 580 4844 voluertt
601 4790 732 4843 scribere:
760 4791 843 4843 «Edd.
860 4798 1049 4843 coeemoomatn
1068 4822 1096 4832 -
1115 4796 1155 4847 43.
1176 4809 1242 4859 quos
1257 4796 1398 4846 recitem
1413 4806 1477 4844 cum
1494 4794 1620 4857 quattuor

286 4864 622 4920 codd.orcnn.cm.A-
640 4867 681 4920 tl.
697 4868 1134 4921 noniara·-anooobebettt-
1152 4872 1252 4922 acab:
1269 4869 1449 4930 necSTA03
1466 4867 1618 4930 amuel-

286 4941 328 4993 tn.
346 4942 510 4995 misum
525 4944 542 4993 8
559 4945 587 4995 et
602 4941 657 4995 duo
673 4942 753 4995 codd.
766 4944 875 5007 Legum.
895 4970 923 4981 -
942 4944 983 4995 48.
1000 4944 1067 4995 calm
1083 4946 1176 4995 contm
1193 4945 1272 4997 codd.
1285 4947 1362 4998 notos
1379 4954 1433 4996 om.
1447 4942 1494 4993 rt.
1512 4968 1542 4979 -
1558 4952 1621 4990 oca·

287 5016 541 5084 mstubtquct:
561 5018 780 5069 mnctcnbALO
799 5044 829 5057 -
847 5016 1237 5083 ttplsbmstzptsbstltl.
1255 5044 1283 5057 -
1301 5020 1344 5071 44.
1361 5016 1572 5070 ntsmattcss
1589 5039 1617 5052 -

286 5090 329 5142 44.
345 5094 497 5147 mm?
514 5094 542 5145 et
557 5090 644 5157 mu!
660 5120 688 5131 -
705 5092 747 5145 43.
760 5094 865 5145 udentia
884 5093 1047 5144 contentionis
1063 5093 1119 5158 (sie)
1136 5094 1254 5146 bebettt
1276 5120 1304 5130 -
1326 5093 1368 5145 48.
1391 5090 1622 5145 tasn--eictabont

270 5162 406 5219 'bebetlt
429 5194 458 5206 -
479 5167 834 5233 ttstctstontttsetmg.
853 5166 872 5223 4
890 5194 918 5205 -
944 5168 985 5219 30.
1003 5168 1272 5220 mannitus-
1291 5168 1459 5219 adstant:
1477 5164 1620 5218 mando.

288 5240 500 5297 totamm·
519 5240 976 5297 dl.0osaus··oosasshebettt-
994 5244 1134 5307 oraim
1149 5243 1445 5295 -AttaeaootcrosB-
1464 5241 1622 5294 admit

288 5316 437 5371 -conds'tto
449 5316 505 5383 (sto)
516 5316 584 5373 ulto
593 5319 624 5383 ὃς
635 5318 720 5373 boeto
730 5319 815 5371 macic
823 5320 881 5382 't'll;
893 5319 978 5373 bodio
988 5318 1134 5372 delendum
1145 5318 1423 5372 censuitllremius.-
1435 5316 1477 5368 td.
1489 5320 1514 5369 st
1523 5326 1578 5366 om.
1588 5315 1620 5366 A.
