4009 6159
694 556 767 622 on.
790 557 990 624 xn-xnr.
1019 556 1065 643 §p
1087 557 1236 625 aes-as.
1541 552 1624 622 taen

298 728 385 810 leges
407 727 618 808 imposuerit?
646 727 742 791 armis
770 735 802 792 et
827 727 994 811 praesidiis
1022 730 1175 814 populum
1199 739 1231 795 et
1255 731 1457 814 magistratus
1477 729 1549 806 foro
1571 750 1627 792 ex·

299 822 447 894 cluserit,
476 827 620 884 senatum
642 821 767 903 stiparit
791 817 966 906 [armatisl‘t
996 832 1133 888 armatos
1154 826 1188 888 in
1210 825 1291 889 cella
1313 823 1526 896 Concordiae,
1555 842 1628 885 cum

298 925 442 982 sonatum
464 915 613 988 baberet,
641 914 828 978 incluserit?
857 917 897 980 ad
920 917 1063 1001 legiones
1084 920 1286 983 Brundisium
1308 919 1501 982 cucurrerit?
1523 916 1627 979 exiis

298 1013 416 1095 optime
446 1010 618 1074 sentientes
647 1010 846 1074 centuriones
875 1011 1088 1095 iugulaverit?
1118 1033 1188 1077 cum
1212 1014 1351 1076 exercitu
1372 1013 1505 1074 Romam
1525 1012 1567 1074 sit
1586 1010 1627 1072 ad

297 1107 460 1170 interitum
481 1111 623 1168 nostrum
646 1103 738 1166 etad
760 1105 991 1187 dispersionem
1013 1108 1101 1170 urbis
1121 1108 1230 1170 venire
1252 1109 1406 1170 conatus?
1450 1100 1501 1166 3t.
1523 1105 1651 1187 Atquee

297 1203 324 1265 is
346 1201 386 1264 ab
408 1200 470 1263 boc
492 1199 611 1281 impetu
633 1198 807 1261 abstractus
831 1198 965 1264 consilio
988 1207 1021 1263 et
1048 1201 1150 1283 copiis
1174 1201 1331 1275 Caesaris,
1362 1219 1521 1264 consensu
1542 1203 1627 1260 vete-

297 1314 464 1368 ranorum,
486 1293 602 1357 virtute
623 1291 802 1374 legionum,
826 1314 866 1358 ne
888 1293 1016 1357 fortuna
1038 1295 1169 1378 quidem
1188 1295 1306 1359 fractus
1328 1295 1443 1358 minuit
1464 1290 1626 1354 andedam

296 1408 356 1452 nec
376 1406 470 1451 ruere
492 1386 622 1450 demens
644 1405 703 1448 nec
724 1385 830 1450 furere
853 1387 978 1451 desinit.
1014 1390 1049 1450 ln
1072 1388 1207 1452 Galliam
1228 1388 1406 1452 mutilatum
1428 1387 1516 1448 ducit
1536 1403 1627 1448 exer·
1748 1394 1777 1404 “

297 1483 406 1556 eitum,
429 1501 500 1545 cum
521 1499 585 1544 una
607 1479 733 1562 legione
756 1488 787 1543 et
809 1501 847 1544 ee
869 1481 1038 1546 vacillante
1059 1484 1095 1545 L.
1117 1482 1248 1574 fratrem
1269 1487 1449 1565 exspectat,
1483 1499 1548 1560 quo
1571 1497 1626 1541 ne-
1797 1433 1819 1512 ζ’

297 1576 415 1640 minem
442 1574 582 1656 reperire
611 1581 716 1656 potest
745 1576 793 1638 sui
822 1574 1019 1639 similiorem.
1059 1576 1117 1639 llle
1138 1568 1244 1641 autern
1267 1597 1308 1640 ex
1329 1573 1528 1659 myrmillone
1549 1570 1663 1644 dunen
1745 1609 1752 1615 -

297 1690 338 1734 ox
367 1669 541 1751 gladiatore
571 1669 758 1750 imperator,
788 1689 867 1751 quas
897 1670 1001 1732 effecit
1022 1677 1159 1752 strages,
1187 1671 1381 1752 ubicumque
1403 1667 1510 1752 posuit
1532 1666 1626 1728 vesti-

297 1764 399 1848 giuml
429 1763 546 1826 Fundit
573 1762 760 1845 apothecas,
790 1762 893 1826 caedit
917 1783 1033 1845 greges
1050 1773 1265 1829 armentorum
1283 1763 1469 1852 reliquique
1491 1759 1626 1844 peeoris,

298 1855 521 1941 quodcumque
549 1865 661 1920 naottrs
691 1864 756 1932 est;
786 1857 953 1941 epulantur
981 1859 1115 1933 milites3
1144 1861 1213 1942 ipse
1235 1864 1340 1920 autem
1362 1877 1412 1929 se,
1442 1863 1478 1919 ut
1497 1855 1626 1917 fratrem

297 1950 454 2023 imitetur,
476 1949 582 2014 obruit
596 1953 690 2024 vino;
713 1958 875 2014 vasuntur
895 1953 979 2032 agri,
1002 1953 1196 2035 diripiuntur
1210 1951 1320 2025 villae,
1341 1958 1457 2013 matres
1477 1947 1626 2024 familiae,
1753 2019 1761 2035 Ι

296 2044 451 2126 virgines,
481 2045 571 2127 pueri
599 2043 728 2127 ingenui
756 2043 971 2127 abripiuntur,
1000 2046 1152 2108 militibus
1184 2046 1361 2109 traduntur.
1397 2044 1484 2106 Haeo
1505 2041 1664 2117 eademne
1736 2019 1772 2104 X

298 2158 498 2222 quacumque
521 2139 696 2201 exercitum
719 2138 827 2211 duxit,
852 2137 929 2201 fecit
951 2141 992 2201 M.
1015 2141 1178 2203 Antonius.
1222 2139 1309 2202 lllll.
1330 2135 1381 2200 32.
1403 2137 1462 2200 His
1484 2156 1540 2198 vos
1561 2143 1627 2198 tae-

297 2231 432 2294 terrimis
461 2228 611 2295 fratribus
641 2238 748 2313 portas
777 2231 949 2313 aperietis?
982 2232 1041 2294 bos
1068 2253 1216 2316 umquam
1247 2234 1281 2295 in
1311 2233 1421 2296 urbem
1442 2230 1627 2312 recipietis?

297 2344 362 2387 uon
385 2330 526 2405 tempore
549 2324 674 2398 oblato,
704 2325 835 2388 ducibus
858 2327 991 2406 paratis,
1023 2327 1136 2388 animis
1165 2327 1301 2389 militum
1322 2325 1478 2401 incitatis,
1507 2323 1626 2408 populo

297 2419 438 2481 Romano
472 2419 690 2501 conspirante,
720 2419 811 2480 ltalia
841 2426 906 2482 tota
939 2418 978 2480 ad
1009 2419 1185 2482 libertatem
1212 2418 1450 2500 reciperandam
1480 2419 1627 2492 excitata,

299 2512 428 2574 deorum
451 2511 675 2576 immortalium
697 2511 851 2576 benelioio
874 2513 1032 2575 uteminil
1053 2513 1181 2575 Nullum
1204 2513 1264 2575 erit
1284 2518 1407 2594 tempus
1423 2512 1485 2574 boc
1499 2513 1664 2580 amisson)

297 2609 324 2668 Α
345 2612 453 2686 tergo,
475 2605 599 2680 fronte,
622 2608 771 2671 lateribus
793 2607 967 2679 tenebitur,
990 2608 1018 2669 si
1039 2607 1073 2668 in
1094 2606 1228 2668 Galliam
1249 2607 1380 2670 venerit.
1415 2609 1481 2668 Nec
1501 2604 1556 2668 illo
1578 2626 1627 2669 ar·

297 2700 358 2763 mis
394 2699 517 2775 solum,
548 2700 604 2764 sed
633 2703 726 2766 etiam
756 2701 890 2765 decretis
918 2701 1035 2764 nostris
1062 2701 1245 2782 arguendus
1271 2708 1329 2762 est.
1364 2700 1479 2781 Magna
1499 2699 1547 2761 vis
1569 2706 1627 2773 est,

298 2812 447 2876 magnum
480 2814 596 2858 numen
623 2816 721 2860 unum
750 2801 781 2858 et
807 2794 890 2858 idem
919 2795 1084 2858 sentientis
1112 2801 1249 2858 senatus.
1285 2793 1450 2857 Videtisne
1475 2791 1626 2856 refertum

296 2887 399 2950 lorum
428 2887 647 2972 populumque
668 2891 844 2954 Romanum
865 2889 905 2952 ad
932 2909 1021 2972 spem
1042 2889 1268 2971 reciperandae
1288 2887 1442 2950 libertatis
1465 2890 1626 2949 ereotum‘i

299 2982 354 3065 qui
386 2982 482 3064 longo
515 2983 682 3046 intervallo
715 3004 786 3047 cum
813 2982 994 3067 frequentes
1024 2982 1078 3046 bic
1098 2982 1185 3046 videt
1205 3003 1281 3057 nos,
1314 2990 1382 3045 tum
1403 2987 1510 3062 sperat
1531 2980 1663 3049 etiamen

298 3077 414 3140 liberos
436 3077 634 3140 convenisse.
678 3073 729 3139 33.
751 3078 843 3141 Hunc
866 3097 925 3160 ego
948 3078 1032 3141 diem
1054 3085 1244 3160 exspectans
1265 3078 1307 3139 ll.
1321 3075 1452 3138 Antonii
1474 3074 1626 3138 scelerata

298 3188 384 3232 arma
411 3169 507 3232 vitavi
537 3177 621 3244 tum,
653 3190 725 3235 cum
755 3171 810 3234 ille
838 3171 870 3234 in
901 3192 952 3234 me
974 3171 1138 3235 absentem
1159 3172 1312 3234 invehens
1332 3190 1399 3233 non
1420 3168 1625 3250 intelligebat,

298 3261 337 3325 ad
360 3262 447 3346 quod
469 3270 594 3347 tempus
617 3283 666 3327 me
691 3271 723 3348 pt
743 3285 832 3328 meas
850 3265 933 3329 vires
955 3285 1160 3329 reservarem.
1196 3266 1231 3328 Si
1252 3265 1338 3328 enim
1359 3271 1427 3327 tum
1447 3261 1496 3324 illi
1517 3261 1624 3325 caedis

362 3535 386 3583 4.
401 3532 528 3595 procedes
544 3533 565 3582 D
584 3559 611 3568 -
628 3533 748 3594 poputum
766 3533 800 3580 V:
818 3533 977 3595 arpenno
995 3559 1023 3568 -
1042 3535 1175 3583 aduenit
1191 3534 1237 3594 V¹;
1256 3533 1392 3584 ecessmit
1408 3531 1482 3582 V’·
1499 3534 1525 3582 2.
1543 3532 1625 3594 stipo·

295 3609 360 3670 uerit
377 3620 405 3669 g:
423 3608 518 3668 stipare
535 3609 545 3657 t
561 3632 589 3643 -
608 3610 715 3657 mareotis
730 3608 769 3655 V:
789 3609 868 3657 arenis
883 3611 927 3666 1),
939 3621 988 3658 nos
1006 3621 1068 3658 eum
1085 3609 1215 3672 Madvigio
1232 3610 1345 3659 uncinos
1361 3607 1526 3664 addidimus:
1544 3619 1570 3655 v.
1589 3605 1625 3656 ad

295 3696 322 3748 p.
337 3682 410 3733 teto.
425 3709 452 3720 -
471 3681 495 3732 3.
508 3685 530 3732 is
545 3683 579 3742 V;
597 3683 634 3732 bis
649 3684 701 3734 DO
716 3709 743 3718 -
763 3682 788 3734 l.
807 3689 935 3745 optumos
956 3711 982 3720 -
1001 3685 1126 3733 mntiemn
1145 3683 1167 3730 V
1185 3711 1219 3720 -
1235 3684 1358 3747 iugularit
1379 3682 1421 3733 ab
1434 3687 1467 3719 ⁴-
1485 3683 1510 3731 d.
1529 3680 1627 3742 disper-

295 3761 388 3810 eionem
408 3757 462 3807 Vt:
486 3758 686 3820 disperditionem
707 3757 819 3821 augo,
851 3759 1044 3820 dispertitiones
1065 3757 1150 3817 Klotz;
1177 3759 1340 3820 direptionem
1365 3756 1471 3818 bamb:
1494 3755 1529 3806 ci.
1551 3756 1626 3804 Frot-

295 3835 422 3886 seherum
443 3831 478 3884 cd
495 3833 588 3884 Mureti
606 3834 672 3898 Opp.
691 3835 715 3892 1,
734 3847 759 3897 p.
779 3835 835 3885 356.
855 3833 967 3885 Ellendt.
986 3835 1020 3883 ad
1037 3835 1092 3885 Cic.
1111 3834 1145 3883 de
1163 3834 1234 3884 Orat.
1252 3835 1288 3892 ll,
1306 3847 1332 3897 p.
1345 3834 1403 3883 stt.
1417 3859 1445 3868 —
1464 3836 1539 3894 etque
1554 3831 1576 3880 ie
1592 3830 1623 3877 V:

295 3909 430 3972 otlawg)
448 3909 620 3972 pretege
640 3909 1051 3974 atnetnuaenetqnantb-
1071 3909 1095 3959 6.
1113 3908 1274 3970 copisV¹-
1293 3908 1623 3970 i.neVb:necagt-

294 3987 377 4049 frater
388 3983 411 4033 V
424 4009 451 4019 -
470 3984 589 4034 eodemne
605 3983 636 4032 V¹
650 4010 678 4021 -
696 3984 720 4034 8.
738 3985 767 4034 ln
782 3985 892 4035 Gelliam
902 4011 939 4022 --
950 3985 1098 4034 coemiteria
1117 3984 1195 4035 alleri
1211 3984 1309 4036 Nonius
1325 3998 1352 4048 p.
1370 3982 1402 4035 34
1418 3985 1453 4034 tt.
1475 4008 1501 4017 -
1525 3981 1550 4032 9.
1568 3993 1626 4030 caen

296 4071 350 4109 om.
368 4059 400 4106 V¹
418 4059 509 4120 (babet
525 4061 632 4120 Nonius)
652 4087 679 4098 -
701 4061 850 4111 eoedtlonte
865 4061 886 4110 V
904 4063 931 4112 et
950 4063 1061 4119 Nonius:
1084 4074 1109 4109 v.
1127 4061 1289 4110 incbmenni
1307 4061 1457 4110 comment.
1474 4059 1502 4108 in
1519 4057 1624 4108 Lucrct.

296 4147 322 4197 p.
340 4133 424 4185 37.-
442 4135 484 4185 to.
502 4141 586 4186 autern
603 4147 655 4185 om.
670 4135 689 4185 b
705 4161 732 4172 —
751 4137 907 4198 munnittone
923 4140 999 4198 agi:
1017 4136 1184 4198 mpsimittoree
1201 4138 1235 4195 V;
1253 4136 1403 4185 mirentltone
1418 4134 1480 4192 ho:
1500 4131 1626 4193 nprntto

294 4209 317 4256 V
334 4208 415 4258 etiam
432 4208 514 4260 babet
529 4210 561 4270 V,
580 4209 595 4273 ἓ
612 4212 653 4261 20.
672 4212 719 4270 Vl,
739 4210 770 4274 ἕξ
789 4212 829 4260 40.
850 4211 887 4262 ta.
905 4212 964 4272 llll,
982 4213 1027 4271 ao,
1046 4211 1094 4262 sod
1112 4211 1242 4275 scriptura
1257 4211 1384 4260 mannitio
1400 4208 1499 4260 rectior
1509 4206 1624 4257 videtur.

297 4309 324 4320 -
343 4283 383 4333 tt.
401 4285 480 4345 effecit
497 4283 583 4335 Klotz:
601 4286 708 4347 effocent
723 4285 759 4344 V;
776 4286 834 4349 pontt
851 4287 885 4344 D:
906 4287 968 4348 facit
985 4286 1005 4336 0
1022 4298 1084 4336 cum
1100 4289 1212 4337 biureto.
1230 4286 1296 4336 Vide
1313 4288 1403 4336 tumen
1421 4295 1455 4332 ne
1472 4283 1497 4331 in
1511 4281 1535 4330 V
1551 4284 1625 4331 recte

294 4358 400 4420 effecerit
420 4359 549 4422 seriptum
571 4363 618 4422 sit,
641 4362 664 4411 si
686 4363 787 4412 statues
804 4364 865 4424 post
880 4362 1012 4425 uestigium
1027 4363 1136 4426 praeter
1153 4361 1236 4423 pendit
1251 4360 1334 4423 opem.
1353 4357 1423 4409 aliud
1440 4356 1518 4407 colon
1541 4354 1627 4417 (velut

293 4433 349 4494 quis
366 4437 477 4484 oeetmen
493 4437 607 4499 Μαι)
628 4435 803 4487 intercidisse.
823 4462 850 4474 -
868 4438 1000 4501 uestigium
1016 4439 1050 4487 V:
1068 4438 1175 4500 untiqio
1189 4438 1213 4486 D
1227 4461 1254 4472 -
1273 4437 1314 4485 te.
1330 4433 1413 4496 fundit
1429 4433 1561 4494 apothecas
1576 4430 1625 4480 Er-

294 4508 380 4558 nesti:
398 4521 451 4558 om.
465 4509 544 4561 codd.
557 4511 624 4562 baec
642 4511 694 4561 duo
706 4509 803 4573 verba,
821 4523 889 4575 quae
908 4525 940 4562 ex
956 4513 1047 4563 Servio
1063 4513 1172 4574 recepta
1189 4511 1263 4570 sunt,
1282 4511 1327 4573 qui
1344 4508 1421 4558 allent
1432 4507 1466 4558 ad
1478 4507 1556 4568 Verg.
1569 4503 1624 4556 Ecl.

293 4583 340 4643 Vt,
357 4584 403 4634 ee:
427 4583 492 4647 {ndu
514 4587 660 4648 emmone,
682 4586 768 4636 cecidit
789 4599 877 4650 prena
892 4593 1064 4638 ommonem
1081 4586 1193 4649 (optundit
1208 4597 1250 4647 ap.
1268 4585 1391 4646 Schuetz)
1409 4609 1436 4618 -
1454 4581 1545 4644 ‘dliv‘
1561 4593 1578 4630 ⁸
1595 4606 1623 4617 ··

294 4658 334 4710 te.
353 4663 438 4710 asten
455 4661 573 4712 omt-
592 4659 633 4712 tt.
651 4662 773 4711 indutor
788 4661 866 4724 obfuit
882 4661 953 4710 414-
971 4663 1086 4725 [omilim
1102 4662 1137 4709 V:
1154 4661 1376 4724 fmnitioaDO-
1393 4659 1435 4709 46.
1453 4659 1578 4722 quoquot
1595 4683 1623 4694 —-

294 4735 473 4786 ll.om.V-
492 4736 681 4786 numnisv
698 4749 813 4786 corner
830 4734 1001 4788 umente-
1021 4739 1062 4788 2⁰.
1080 4737 1212 4786 inm.t—
1232 4736 1273 4786 at.
1292 4731 1627 4800 oterqorrontetoteribus

294 4810 433 4860 Gereoni:
452 4823 470 4860 o
486 4815 555 4874 terno
570 4810 652 4872 fronte
670 4810 788 4860 nteribm
805 4815 832 4874 (o
848 4811 966 4862 utentur
982 4825 1052 4863 corr.
1071 4826 1108 4863 m.
1126 4813 1150 4873 2)
1168 4812 1204 4872 V;
1228 4824 1247 4861 a
1263 4817 1332 4875 terno
1348 4825 1366 4860 o
1380 4811 1463 4872 pense
1478 4809 1555 4858 atet.
1572 4808 1625 4858 ΒΟ

294 4909 321 4919 -
346 4887 480 4936 mauri)
501 4911 528 4922 -·
546 4899 597 4935 non
613 4885 653 4936 ille
669 4899 711 4948 eg
729 4913 758 4922 -
780 4887 820 4936 22.
840 4887 943 4938 decretis
957 4888 1049 4937 nostrie
1065 4888 1099 4937 V:
1116 4888 1209 4937 nostris
1224 4886 1321 4948 [mnis
1336 4885 1364 4948 b)
1381 4886 1447 4936 deor.
1465 4884 1516 4934 ΒΟ
1533 4907 1560 4918 -
1578 4895 1626 4931 eer-

292 4958 404 5022 puendur
419 4963 443 5008 et
459 4959 495 5020 V;
512 4960 639 5022 urpntdoa
653 4965 689 5010 est
705 4960 757 5010 ΒΟ
775 4985 802 4996 -
825 4961 866 5010 uie
881 4961 980 5012 etv-
999 4961 1040 5011 it.
1058 4974 1150 5012 nunren
1167 4961 1237 5011 mei:
1254 4973 1345 5010 nomen
1361 4960 1382 5010 0
1399 4962 1426 5009 et
1442 4956 1543 5022 aliquot
1557 4954 1623 5007 dett.

293 5033 327 5084 ol.
347 5047 372 5097 p.
390 5035 452 5096 858,
470 5034 496 5084 9.
513 5035 571 5096 cett,
586 5036 625 5084 40.
645 5036 699 5084 Lis.
713 5035 770 5096 Vll,
783 5035 824 5085 30.
843 5036 913 5096 Vlll,
926 5035 966 5087 dl.
988 5062 1016 5072 -
1034 5035 1074 5087 st.
1093 5037 1243 5099 sorentum
1256 5028 1288 5085 V¹
1300 5063 1328 5072 -
1345 5033 1561 5098 poentnnqroeb:
1576 5045 1625 5094 po-

291 5105 391 5172 putee,
412 5109 447 5169 V;
470 5121 518 5171 qne
534 5122 588 5160 om.
607 5111 627 5160 0
649 5135 675 5146 ·-
700 5106 821 5160 consonis
837 5112 860 5160 V
879 5112 1006 5173 (poputum
1025 5126 1048 5161 r.
1067 5112 1200 5174 [mque
1216 5112 1240 5174 a)
1259 5137 1287 5149 -
1310 5116 1423 5173 ereptrtm
1438 5111 1450 5159 t
1468 5135 1495 5145 -
1513 5107 1555 5157 te.
1571 5106 1625 5168 sre-

294 5186 389 5248 quentis
405 5187 468 5236 V·
486 5186 554 5236 uidet
568 5199 614 5236 noe
629 5186 668 5236 bie
683 5187 695 5235 t
713 5213 740 5222 -·
759 5186 800 5236 26.
816 5193 950 5248 ecpoetons
966 5189 1033 5248 mei,
1052 5188 1082 5238 ut
1096 5187 1151 5239 iere
1169 5200 1286 5252 semper.
1300 5213 1328 5223 -
1347 5184 1435 5237 antoni
1450 5185 1513 5234 V·
1532 5182 1572 5234 28.
1590 5183 1626 5233 nd

293 5261 360 5324 quod
376 5260 482 5324 Vagt:
501 5261 567 5324 qnod
583 5262 618 5313 od
634 5261 682 5312 ho
700 5263 727 5314 ot
743 5261 803 5316 cod.
823 5262 905 5313 Colot.
