4009 6159
745 544 818 610 Gar.
839 545 964 610 I-Ill.
993 542 1040 630 §S
1062 541 1169 610 t-e.
1535 539 1620 608 4297

298 736 369 780 cum
399 713 439 778 ab
467 713 604 778 Antonio
633 714 667 776 in
696 713 836 779 colonias
858 720 966 778 essent
987 713 1131 789 deducti,
1159 711 1245 776 illius
1266 708 1420 776 beneficio
1441 709 1619 774 libertatem

297 809 408 895 populi
436 809 568 874 Romani
598 814 854 892 anteposuemnt.
903 804 932 870 l.
963 807 1070 883 Quid?
1099 807 1184 890 legio
1212 807 1342 882 Martia,
1369 803 1469 890 quidt
1498 810 1620 888 quarta,

297 924 354 968 eur
374 903 566 968 laudenturt
597 903 628 966 Si
650 904 736 967 enim
758 904 920 968 consulem
942 923 1036 967 suum
1053 901 1268 985 reliquemnt,
1289 898 1516 983 vituperandae
1530 905 1620 960 sunt:

297 997 324 1060 si
346 998 509 1062 inimicum
531 996 759 1080 reipublicae,
791 998 860 1061 inre
881 996 1057 1062 laudantur.
1098 997 1195 1080 Atqui
1216 1015 1289 1060 cunr
1310 992 1458 1058 consules
1478 991 1620 1055 nondum

296 1090 471 1166 haberetis,
495 1089 677 1156 decrevistis
699 1098 735 1153 ut
757 1090 797 1154 de
819 1092 967 1174 praemiis
990 1089 1125 1154 militum
1146 1096 1177 1153 et
1195 1089 1235 1153 de
1256 1088 1432 1152 honoribus
1452 1085 1644 1168 imperato-e

296 1205 366 1248 rum
394 1184 496 1267 primo
519 1205 647 1269 quoque
676 1193 819 1267 tempore
841 1184 1020 1250 referretur.
1056 1183 1164 1247 Placet
1184 1182 1297 1248 eodem
1320 1188 1461 1264 tempore
1482 1181 1622 1264 praemia

297 1277 489 1342 constituere
512 1277 575 1352 eis,
602 1278 658 1362 qui
681 1286 790 1343 eontra
811 1279 981 1342 Antonium
1004 1296 1091 1342 arma
1112 1277 1269 1361 ceperint,
1300 1284 1333 1340 et
1353 1276 1474 1360 legatos
1496 1276 1537 1340 ad
1557 1277 1622 1338 An-

296 1371 420 1434 tonium
441 1372 588 1436 mitteret
609 1380 645 1436 ut
666 1373 728 1452 iam
749 1372 933 1456 pudendum
956 1373 997 1435 sit
1017 1371 1199 1436 honestiora
1220 1371 1347 1436 decreta
1368 1391 1439 1436 esse
1460 1371 1620 1454 legionum

298 1484 395 1547 quam
417 1473 561 1530 senatus:
584 1466 610 1530 si
633 1466 761 1551 quidem
783 1466 928 1549 legiones
943 1466 1150 1531 decreverunt
1166 1473 1308 1530 senatum
1324 1463 1496 1530 defendere
1511 1472 1622 1529 contra

296 1558 483 1635 Antonium,
511 1567 638 1625 senatus
668 1561 811 1624 decernit
840 1560 961 1642 legatos
982 1560 1023 1623 ad
1045 1560 1227 1624 Antonium.
1263 1560 1371 1624 Utrum
1394 1558 1456 1624 hoc
1477 1566 1527 1625 est
1547 1575 1658 1622 oon-ro

296 1648 420 1716 lirmare
446 1653 582 1718 militnm
613 1655 735 1718 animos
757 1674 799 1718 an
821 1653 986 1720 debilitare
1007 1653 1181 1718 vinutemt
1222 1651 1252 1716 5.
1274 1653 1343 1717 lIoc
1365 1653 1433 1717 dies
1454 1652 1621 1718 duodecim

297 1746 516 1828 profecerunt,
537 1755 589 1824 ut,
612 1767 708 1833 quem
729 1768 823 1812 nemo
846 1755 970 1833 praeter
985 1746 1129 1832 Cotylam
1143 1748 1289 1812 inventus
1304 1748 1346 1812 sit
1359 1748 1414 1831 qni
1427 1746 1628 1823 detenderet,

297 1839 324 1901 is
350 1838 466 1903 hebeat
493 1841 555 1906 iam
585 1851 736 1925 patronos
765 1843 859 1906 etiarn
889 1841 1078 1908 consulares.
1117 1841 1180 1916 Qui
1202 1844 1324 1905 utinam
1346 1861 1457 1906 omnen
1477 1849 1551 1905 ante
1571 1860 1622 1905 me

297 1934 483 1999 sententiam
503 1937 708 2020 rogarenturl
730 1969 772 1984 -
794 1956 985 2020 quemquam
1008 1935 1167 2019 suspicor,
1189 1935 1268 2019 quid
1282 1935 1394 2000 dicturi
1412 1936 1477 2000 siut
1492 1935 1622 2022 quidam

297 2048 422 2105 eornm,
445 2031 499 2114 qui
522 2034 594 2113 post
614 2049 665 2094 me
688 2030 884 2113 rogabuntur
903 2052 964 2093 -ι
985 2029 1110 2094 facilius
1131 2037 1239 2095 contm
1260 2029 1415 2106 dicerem,
1436 2030 1463 2094 si
1484 2029 1562 2114 quid
1576 2031 1660 2094 u-re

296 2123 433 2188 deretur.
475 2125 533 2188 Est
561 2124 646 2188 enim
680 2125 789 2207 opinio
818 2123 1018 2188 decreturum
1045 2123 1183 2206 aliquem
1210 2123 1349 2187 Antonio
1373 2124 1460 2189 illam
1481 2123 1623 2188 ultimam

297 2215 447 2293 Galliam,
476 2237 570 2301 quam
593 2218 727 2282 Plancus
750 2217 881 2282 obtinet.
915 2216 999 2293 Quid
1022 2223 1071 2280 est
1091 2216 1179 2279 aliud
1200 2218 1307 2280 omnia
1328 2217 1368 2282 ad
1388 2219 1508 2283 bellum
1529 2215 1623 2281 civile

295 2308 380 2374 hosti
401 2330 488 2375 arma
510 2310 643 2394 largiri?
666 2311 802 2394 primum
824 2331 939 2375 nervos
960 2309 1053 2385 belli,
1076 2312 1243 2394 pecuniam
1264 2311 1437 2388 inlinitum,
1460 2331 1524 2395 qua
1538 2331 1623 2375 nunc

297 2409 385 2486 eget,
421 2403 537 2468 deinde
570 2405 764 2487 equitatum,
798 2414 952 2489 quantum
986 2403 1073 2468 velit.
1115 2405 1298 2488 Equitatum
1325 2406 1419 2471 dico?
1452 2406 1623 2479 dubitabit,

298 2496 410 2571 oredo,
432 2504 542 2580 gentes
563 2498 712 2562 barbaras
735 2519 841 2562 secum
863 2499 1033 2564 adducere.
1059 2498 1128 2562 Hoc
1149 2497 1204 2581 qui
1226 2518 1291 2562 non
1304 2499 1405 2576 videt,
1427 2520 1549 2576 excors,
1567 2499 1661 2583 quino

298 2608 370 2652 eum
398 2589 485 2654 videt
511 2591 671 2667 decernit,
699 2592 815 2676 impius
844 2600 902 2660 est.
946 2590 976 2657 6.
999 2593 1046 2656 Tu
1074 2591 1173 2655 civem
1199 2592 1385 2658 sceleratum
1407 2602 1441 2660 et
1465 2594 1623 2679 perditum

299 2682 459 2747 Gallorum
481 2692 513 2750 et
534 2687 760 2756 Germanorum
782 2687 932 2772 pecunia,
961 2686 1119 2773 peditatu,
1140 2687 1309 2770 equitatu,
1339 2689 1441 2773 copiis
1461 2690 1623 2752 instruesl

297 2776 410 2841 Nullae
437 2779 517 2843 istee
545 2781 767 2846 excusationes
796 2791 887 2846 snut:
923 2800 1031 2845 omens
1062 2781 1182 2846 amicus
1204 2788 1290 2845 ostra
1322 2782 1365 2846 sit
1384 2781 1505 2866 patriae
1525 2783 1623 2866 prius.

301 2871 408 2934 oileus
429 2881 609 2956 cognatus.»
643 2876 692 2938 An
715 2883 821 2958 potest
842 2876 985 2958 coguatio
1007 2874 1137 2959 propior
1157 2874 1223 2938 ulla
1237 2895 1308 2940 esse
1323 2895 1418 2961 pram
1436 2875 1567 2960 patriae,
1589 2875 1623 2938 in

298 2982 361 3046 qua
381 2974 529 3047 parentes
551 2970 644 3032 etiam
668 2970 892 3034 continentur?
924 2969 1022 3034 «Mihi
1041 2969 1207 3052 pecuniam
1229 2971 1366 3036 tribuito
1393 2970 1494 3054 Cupio
1514 2969 1660 3036 viderere

298 3059 354 3141 qui
375 3059 408 3122 id
429 3061 544 3126 audeat
565 3062 679 3127 dicere.
714 3063 798 3139 Quid
820 3071 925 3128 autem
947 3070 1059 3147 agatur
1080 3083 1154 3128 cnm
1175 3083 1345 3149 aperuero,
1365 3064 1460 3130 facile
1481 3064 1542 3130 erit
1562 3070 1623 3128 sta·

297 3158 386 3216 tuere
408 3173 503 3238 quam
525 3158 714 3222 sententiam
736 3156 849 3223 dicetis
871 3165 926 3222 aut
947 3177 1043 3242 quarn
1066 3158 1255 3242 sequamini.

380 3257 434 3320 ΠΙ.
455 3259 585 3344 Agitur,
613 3268 721 3325 utrum
749 3263 790 3326 n.
812 3262 951 3327 Antonio
979 3261 1110 3326 noetus
1133 3263 1226 3327 detur
1247 3261 1475 3348 opprimendae
1495 3262 1543 3328 rei
1564 3282 1625 3349 pu-

296 3349 414 3428 blicae,
437 3352 544 3418 caedis
563 3354 729 3420 faciendae
747 3355 923 3433 honorum,
944 3357 1029 3420 ordis
1049 3357 1250 3440 diripiendae,
1272 3377 1420 3444 agrorum
1440 3359 1506 3424 suis
1528 3360 1624 3424 latro·

364 3747 529 3801 l.otltiruV
552 3773 580 3786 ·—
606 3748 743 3816 nieuw
766 3774 793 3789 -·
821 3752 1008 3818 tquet-
1034 3752 1225 3806 nemeen:
1253 3754 1458 3807 toadoturv—
1480 3759 1621 3811 tuosv-

298 3822 825 3888 t.oao‹ev-t.etaee:ocstv:
850 3828 1332 3892 utetdebgtO-pruemisv-
1354 3831 1559 3898 litunporev:
1583 3837 1624 3888 dte

298 3901 367 3951 D-
390 3900 540 3964 deserdurt
562 3924 590 3938 -
614 3900 808 3962 amman:
834 3903 890 3966 aqui
912 3902 947 3965 V;
970 3903 1009 3953 lic
1029 3904 1072 3967 qut
1093 3917 1149 3968 affl
1173 3905 1205 3954 iia
1226 3903 1328 3967 quito
1353 3928 1381 3944 -
1407 3908 1623 3975 &lautomia--

297 3976 433 4042 epitom
449 3989 504 4028 om.
516 3973 549 4026 V¹
561 4003 589 4016 -
606 3975 631 4027 9.
650 3977 812 4028 dxrotenmt
826 3976 859 4040 V,
876 3979 925 4031 sed
943 3991 1036 4030 rasura
1052 3978 1151 4030 lactum
1167 3980 1365 4031 dwmutut-
1382 3985 1423 4035 444.
1440 3987 1477 4037 n.
1489 3986 1623 4038 mesra

298 4051 406 4116 abg-
425 4048 604 4102 decmuttb-
621 4051 778 4116 coopmeov
793 4077 818 4090 -
839 4052 1020 4115 tt.lrodiaaV;
1037 4052 1083 4103 hoc
1099 4054 1138 4104 dia
1153 4067 1180 4104 aa
1195 4056 1247 4104 t-
1264 4054 1623 4126 Xllvltlestam.i,sed

298 4129 340 4180 est
360 4129 421 4179 ante
439 4125 629 4192 perstrueret
649 4152 676 4163 -
699 4127 741 4177 42.
760 4139 833 4189 quam
855 4141 908 4181 om.
927 4129 994 4179 V-
1021 4127 1123 4190 cotulas»
1144 4129 1261 4194 (cotum
1280 4133 1360 4195 corr.)
1377 4147 1413 4184 un
1432 4137 1571 4198 commemo
1585 4138 1621 4199 V;

297 4201 434 4264 autumnum
449 4200 529 4265 abg;
549 4200 678 4251 eotitoneru
692 4200 817 4266 amfleat
831 4205 959 4254 cunonem
974 4205 993 4255 t.
1016 4204 1170 4268 cognomen
1186 4205 1276 4268 cotula
1292 4208 1349 4270 (nisi
1366 4208 1442 4262 melis
1452 4212 1548 4276 0044444)
1566 4211 1623 4266 allis

297 4277 363 4330 loeis
378 4277 582 4343 Philippicarum
599 4277 771 4328 confirmetur
790 4279 905 4341 (v.V111,
924 4279 955 4344 §5
972 4277 1014 4330 ab..
1030 4279 1072 4330 28.
1089 4280 1161 4338 lllll,
1179 4280 1194 4344 5
1211 4282 1266 4344 26),
1283 4281 1334 4333 sed
1345 4283 1375 4346 V,
1393 4284 1409 4350 8
1425 4285 1441 4336 7
1457 4287 1512 4338 mel
1528 4299 1623 4340 omnes

298 4353 382 4415 Ootuto
399 4353 513 4415 hahent,
530 4354 561 4404 nt
577 4353 619 4404 cst
634 4351 705 4417 epud
722 4351 788 4404 Plut.
801 4366 826 4404 v.
839 4355 899 4404 Ant.
912 4365 936 4404 c.
951 4353 996 4415 48ς
1015 4355 1159 4406 accusativi
1175 4357 1267 4408 eutem
1283 4357 1396 4409 formem
1412 4359 1526 4422 comtum
1541 4361 1624 4414 hebet

297 4427 439 4482 Vaticanus
454 4430 526 4491 vill,
544 4429 560 4494 s
576 4428 618 4481 il.
630 4456 664 4468 —
679 4430 793 4480 luemus
807 4429 965 4494 staveng:
984 4441 1038 4480 om.
1051 4431 1077 4488 t;
1095 4435 1148 4479 tun
1162 4431 1276 4482 uocetur
1290 4433 1323 4482 ait
1338 4433 1433 4486 ocum
1448 4435 1578 4487 Ferraria.
1592 4461 1620 4475 -

298 4504 626 4568 radesponens—
645 4504 793 4557 stema:
811 4506 942 4556 4444444)-
960 4505 1139 4555 todocretmn
1154 4506 1230 4556 et-
1249 4507 1622 4571 otiqumuv-Antoatovbc
1680 4536 1682 4538 ·

297 4579 333 4631 ll.
351 4578 408 4632 Aac
427 4582 490 4644 egt
508 4606 536 4618 -
555 4579 595 4632 47.
615 4579 767 4645 opttuetbg
785 4607 812 4618 -
831 4581 901 4632 uliud
917 4593 994 4644 quom
1009 4580 1172 4644 miog-
1190 4583 1262 4634 etoile
1278 4596 1333 4635 om.
1350 4587 1362 4634 t
1378 4609 1406 4622 -
1426 4584 1466 4635 48.
1484 4585 1622 4638 tenuvia:

297 4653 397 4705 tostdto
413 4656 472 4719 egt
484 4683 512 4692 —
523 4654 563 4705 49.
577 4655 690 4718 equdem
700 4657 724 4716 t,
737 4655 880 4718 emmaum
889 4656 942 4704 V·
955 4655 997 4707 20.
1008 4656 1149 4720 94444441·-
1160 4659 1325 4723 succresco
1336 4671 1398 4710 cum
1410 4658 1622 4711 ceddreerii-

298 4727 556 4782 anaunensium:
574 4742 627 4780 om.
645 4729 978 4793 vno-anomalam
996 4730 1625 4793 momiano-emmanue

299 4804 584 4870 g-precJoeco-
602 4804 643 4858 il.
658 4805 849 4868 propatoratta
864 4806 962 4864 essm
980 4804 1154 4868 uttamoptor
1170 4807 1327 4870 (propium)
1345 4809 1488 4872 metm
1505 4810 1560 4860 utto
1575 4823 1625 4861 ease

296 4880 480 4944 orootorg-
498 4881 794 4942 neocaesareenses
815 4907 843 4918 -
861 4880 999 4932 moon:
1018 4880 1241 4933 4444444400-
1259 4884 1302 4935 26.
1320 4882 1623 4947 quemquem

300 4955 420 5018 quta-
440 4953 1027 5007 ammtv1-27.seottomVe-28.at.
1046 4954 1131 5006 omb
1150 4956 1625 5022 -olpnt-tttsuoimdooabt

301 5055 329 5069 -
347 5029 418 5082 urbis
433 5030 598 5096 moras]
614 5030 683 5082 urbia
699 5033 865 5082 mundonem
881 5032 912 5092 V,
930 5029 980 5082 scd
995 5030 1066 5081 weit
1081 5044 1157 5082 meo
1173 5044 1211 5082 m.
1228 5033 1244 5085 2
1260 5033 1288 5083 ln
1304 5045 1358 5083 ras.
1375 5033 1505 5097 seriptum
1521 5034 1571 5094 est,
1589 5034 1625 5083 tta

298 5106 328 5155 ut
344 5106 512 5170 spetlumrix
529 5104 564 5158 ed
579 5104 680 5158 litteras
696 5105 832 5172 suppletas
848 5104 996 5166 suffecerit;
1015 5105 1199 5168 ertptmdonm
1212 5106 1283 5158 urbte
1296 5108 1351 5170 Di,
1369 5107 1396 5158 ln
1408 5106 1506 5173 quihus
1516 5106 1626 5169 utplus-

298 5180 389 5232 dosnm
405 5181 486 5232 etlam
501 5179 648 5233 vorborum
659 5180 826 5234 distinctione
842 5193 904 5232 cum
921 5179 1042 5230 ioum
1057 5181 1176 5231 iunctum
1187 5183 1242 5243 est;
1259 5182 1415 5245 diripiendos
1428 5181 1499 5232 ardis
1509 5181 1538 5231 0.
1557 5179 1624 5241 Quid

300 5253 355 5306 Cic.
373 5255 509 5320 scripserit
524 5254 596 5310 latet.
616 5281 645 5298 -
663 5270 741 5323 apros
755 5257 799 5310 od.
817 5258 896 5321 lunt..
914 5257 942 5307 at
956 5267 983 5306 v.
1001 5253 1088 5308 tledv.
1106 5255 1142 5307 ed
1158 5257 1212 5311 Cic.
1231 5257 1265 5310 de
1281 5257 1347 5311 dnn.
1363 5270 1392 5324 p.
1410 5257 1467 5309 443.

339 5345 512 5398 crementi.
1367 5348 1410 5417 82
