4009 6159
634 565 707 675 cu.
729 565 1000 632 xxxin-xc.
1026 563 1072 650 ss
1094 511 1267 628 so-sss
1519 541 1596 616 4444

286 736 349 800 iam
371 735 447 798 mibi
468 735 636 810 servirem,
665 735 861 800 consulerem
888 737 982 800 meis:
1011 757 1045 800 44
1067 755 1131 800 444
1152 734 1246 800 modo
1267 734 1343 798 44414
1364 732 1479 795 14414444
1501 747 1518 792 4
1540 747 1603 800 me,

285 828 458 892 sedetiam
480 830 581 893 vereri
597 849 643 892 ne
665 849 775 913 parum
795 829 872 892 mibi
894 850 951 913 pro
973 850 1022 905 eo,
1048 836 1199 913 qnantum
1220 851 1240 892 a
1260 848 1311 892 me
1330 826 1475 897 baberet,
1497 819 1603 886 reddi·
1665 841 1666 844 ¹

285 922 391 986 disset.
433 919 485 984 93.
508 921 614 998 Quior
637 924 664 987 si
686 924 799 988 1444444
821 944 879 1006 444
901 923 981 987 441441
1003 925 1106 1006 cogito
1128 931 1160 988 44
1180 925 1265 988 idem
1280 942 1350 986 sum
1364 923 1397 984 in
1411 939 1446 984 re
1467 915 1601 1003 publice,

284 1017 341 1097 qui
359 1015 407 1079 iui
427 1036 568 1100 semper,
598 1024 745 1082 tamenne
766 1018 941 1082 libertatem
961 1018 1104 1102 requires
1126 1021 1250 1082 meam?
1281 1036 1376 1102 quam
1398 1023 1433 1078 tu
1454 1008 1546 1096 ponis
1568 1006 1601 1069 in

284 1128 341 1184 44,
362 1109 391 1174 41
411 1130 536 1195 semper
555 1131 626 1174 eum
646 1113 697 1186 iis,
719 1112 907 1195 quibuscum
927 1111 1099 1195 aliquando
1115 1110 1351 1183 contendimus,
1373 1109 1626 1189 depugnaturus-⁵

286 1202 377 1278 Quod
399 1204 560 1287 44414444
582 1224 684 1270 secus,
717 1205 806 1268 Stare
828 1205 913 1269 enim
934 1225 1043 1268 omnes
1059 1203 1207 1269 debemus
1229 1213 1387 1288 tamquam
1406 1201 1439 1264 in
1454 1196 1530 1260 orbe
1545 1192 1603 1256 414-

285 1317 349 1382 quo
371 1296 418 1359 rei
440 1297 602 1380 publicae,
626 1300 682 1383 qui
705 1300 854 1383 quoniam
875 1308 1032 1373 versatur,
1055 1318 1123 1362 eam
1138 1297 1278 1381 deligere
1292 1288 1491 1381 partem,(ad
1507 1305 1603 1371 quam

283 1409 342 1452 nos
371 1390 457 1454 illins
485 1391 605 1456 utilitas
633 1392 781 1477 salusque
803 1382 1021 1546 converterit?
1046 1391 1195 1455 XXXIX.
1217 1393 1284 1476 Ego
1306 1398 1410 1456 autem
1434 1383 1603 1450 (14.1)444·
1704 1375 1782 1451 441..

283 1484 403 1568 poium,
430 1505 496 1550 non
526 1485 597 1549 dico
627 1494 803 1560 auctorem,
832 1486 961 1561 ducem,
997 1484 1190 1550 ’4144444444
1218 1485 1329 1551 salutis
1354 1503 1443 1548 44444
1467 1513 1505 1526 -
1528 1495 1601 1540 nam

282 1576 362 1641 baec
381 1579 527 1660 privatim
549 1580 681 1644 fortasse
703 1578 879 1644 officiorum
901 1579 1084 1643 memoriam
1099 1586 1132 1642 et
1151 1580 1282 1662 gratiam
1297 1583 1452 1662 quaerunt
1465 1605 1522 1648 -,
1545 1570 1601 1635 sed
1611 1579 1639 1626 ⁴⁰
1679 1627 1687 1642 .

283 1671 354 1735 dico
381 1671 458 1748 hoc,
489 1674 575 1756 quod
605 1675 644 1737 ad
666 1675 799 1739 salntem
819 1675 867 1738 rei
888 1673 1034 1757 publicae
1056 1675 1210 1757 pertinet:
1240 1694 1298 1757 444
1321 1693 1394 1736 eum
1415 1691 1483 1755 non,
1501 1677 1602 1738 tuear,

284 1786 379 1850 quem
409 1784 519 1830 omnes
546 1768 579 1830 44
601 1789 635 1831 44
656 1768 784 1851 publica
805 1768 982 1851 principem
1003 1787 1073 1830 4444
1096 1767 1294 1831 concedunt?
1321 1787 1379 1849 444
1403 1765 1436 1828 (l.
1460 1759 1603 1827 Caesaris

282 1858 429 1923 laudibus
451 1860 568 1936 desim,
591 1882 671 1946 quas
692 1862 829 1945 primum
849 1862 960 1945 populi
981 1861 1132 1936 Romani,
1161 1883 1245 1926 nunc
1267 1862 1362 1926 etiam
1384 1864 1511 1924 senatus
1518 1899 1528 1931 ,
1551 1850 1601 1917 cui
1652 1914 1653 1918 ,

283 1975 334 2016 me
356 1974 483 2037 semper
503 1955 628 2030 addixi,
657 1956 800 2040 plurimis
828 1964 922 2039 atque
944 1955 1146 2039 amplissimis
1167 1955 1295 2023 indiciis
1316 1955 1438 2018 videam
1462 1969 1530 2014 4444
1552 1967 1602 2010 ce-

284 2047 439 2112 lebratas?
469 2051 549 2112 Tum
579 2050 706 2114 hercule
737 2071 787 2114 444
809 2048 961 2112 confitear
980 2069 1046 2112 non
1068 2047 1217 2113 iudicium
1239 2048 1370 2134 aliquod
1391 2047 1540 2113 babuisse
1562 2043 1639 2108 41415

282 2141 419 2206 utilitate
436 2144 482 2206 rei
504 2144 659 2227 publicae,
675 2143 732 2208 sed
745 2143 928 2208 hominibus
943 2143 1079 2207 amicum
1093 2152 1149 2207 444
1162 2145 1323 2208 inimicum
1336 2143 1444 2206 inisse.
1476 2137 1527 2202 91.
1542 2141 1601 2214 An,

283 2257 353 2298 cum
375 2235 498 2300 videam
520 2257 632 2302 444444
653 2238 801 2303 secundis
823 2239 924 2300 ventis
945 2257 1072 2302 cursum
1095 2246 1255 2302 tenentem
1275 2257 1385 2312 suum,
1408 2237 1436 2299 44
1450 2255 1512 2298 444
1529 2254 1601 2296 eum

282 2336 370 2414 petat
389 2338 530 2414 portum,
552 2351 648 2415 quem
669 2351 728 2414 444
749 2331 920 2415 aliquando
942 2321 1090 2414 probari,
1114 2331 1169 2396 sed
1185 2332 1282 2395 alium
1296 2351 1361 2394 non
1376 2330 1481 2394 minus
1499 2335 1602 2392 tutum

282 2434 377 2509 atque
398 2425 619 2509 tranquillum,
649 2446 722 2489 cum
743 2431 929 2509 tempestate
951 2444 1089 2508 pugnem
1111 2426 1290 2509 periculose
1312 2424 1417 2508 potius
1440 2443 1533 2506 quam
1555 2421 1602 2484 illi

282 2519 383 2582 salute
411 2519 595 2601 praesertim
617 2520 780 2602 proposita
801 2517 1014 2602 obtemperem
1036 2525 1067 2582 et
1088 2522 1238 2601 paream‘t
1271 2521 1337 2601 Ego
1359 2537 1433 2582 vero
1454 2518 1533 2580 baec
1555 2517 1639 2577 di-so

282 2613 362 2687 dici,
391 2614 471 2678 baec
494 2611 576 2688 ridi,
597 2613 675 2676 14444
697 2615 813 2696 scripta
834 2613 918 2694 1441;
945 2611 1024 2677 haec
1046 2612 1085 2675 dc
1107 2613 1346 2698 sapientissimis
1369 2618 1401 2676 et
1422 2608 1602 2674 clarissimis

281 2707 357 2770 viris
379 2714 412 2771 et
432 2707 465 2768 14
487 2705 547 2770 1444
568 2727 602 2770 44
617 2707 743 2790 publica
757 2713 789 2770 et
809 2707 843 2768 in
864 2705 936 2768 aliis
952 2705 1130 2770 civitatibus
1151 2709 1344 2770 monimenta
1367 2705 1457 2770 nobis
1479 2703 1602 2766 11444444

282 2799 502 2884 prodiderunt,
524 2819 589 2863 non
609 2821 734 2886 semper
755 2801 883 2863 easdem
904 2800 1078 2865 sententias
1100 2800 1139 2864 ab
1161 2801 1290 2876 eisdem,
1313 2799 1601 2886 sedsquascumque

280 2894 328 2957 rei
359 2892 502 2978 publicae
533 2900 649 2969 status,
682 2894 844 2957 inclinatio
870 2901 1067 2978 temporum,
1099 2895 1178 2959 44414
1209 2894 1397 2960 concordiae
1417 2891 1616 2979 postularetl
1697 2892 1774 2976 »ᾖ

282 3008 352 3052 4444
374 2986 529 3050 defensas.
563 2987 658 3064 Quod
681 3008 738 3072 444
761 2994 792 3051 44
812 2986 914 3063 14414,
939 2988 1134 3063 Laterensis,
1158 2995 1189 3052 et
1210 3008 1335 3074 semper
1354 2986 1485 3062 1444444,
1506 2978 1638 3047 111444-’44

281 3089 456 3165 talemque,
485 3101 580 3167 qnam
608 3090 643 3145 tu
672 3082 706 3146 44
733 3102 784 3146 444
812 3081 964 3165 requiris,
995 3099 1091 3165 quam
1118 3102 1177 3164 ego
1199 3101 1303 3166 neque
1324 3080 1427 3146 dimisi
1449 3099 1601 3166 nmquam

281 3197 386 3262 usqne
408 3177 579 3252 dimittam,
609 3195 673 3239 non
700 3176 734 3239 44
762 3176 950 3259 pertinacia,
981 3175 1038 3239 sed
1064 3175 1097 3239 44
1119 3176 1255 3260 quadam
1277 3175 1493 3240 moderatione
1514 3170 1602 3259 posi·

281 3278 345 3334 tam
367 3270 495 3354 putabo.

364 3366 431 3428 XL.
452 3362 503 3427 95.
524 3367 615 3428 Nunc
637 3365 730 3428 venio
752 3364 792 3428 ad
813 3364 892 3428 illud
914 3370 1105 3438 extremum,
1133 3365 1167 3428 in
1190 3386 1252 3448 quo
1274 3365 1395 3441 dixisti,
1417 3365 1491 3428 dum
1509 3362 1601 3426 Plan·

280 3459 321 3522 cii
343 3460 377 3522 in
399 3479 449 3522 me
471 3461 616 3523 meritum
637 3459 742 3522 4441414
764 3459 966 3534 extollerem,
988 3480 1038 3522 me
1059 3478 1163 3523 arcem
1180 3459 1284 3524 iacere
1299 3479 1317 3522 4
1330 3461 1438 3525 cloaca
1450 3457 1638 3542 lapidem-oo

281 3573 344 3637 qne
366 3573 384 3615 e
406 3553 573 3638 sepulchro
594 3555 736 3617 44444444
757 3573 815 3638 pro
837 3553 914 3627 deo;
936 3571 1042 3636 neque
1067 3553 1152 3616 enim
1174 3552 1251 3618 mihi
1272 3552 1457 3618 insidiarum
1478 3552 1601 3637 pericu-

280 3647 345 3708 lum
368 3646 467 3712 ullum
489 3667 594 3732 neque
617 3649 723 3712 mortis
745 3648 854 3712 fuisse.
889 3647 986 3710 Cuius
1009 3666 1068 3730 444
1090 3647 1240 3730 temporis
1262 3647 1415 3712 rationem
1436 3646 1600 3734 explicabo

279 3741 368 3804 144441
397 3761 501 3826 neque
529 3742 664 3817 inritus3
695 3743 774 3806 nihil
802 3742 886 3804 enim
908 3749 957 3804 444
979 3760 1020 3803 ex
1042 3739 1120 3805 meis
1143 3741 1354 3826 temporibus,
1382 3742 1469 3826 quod
1499 3741 1601 3806 minus

279 3843 484 3920 pervagatum
508 3835 657 3919 quodque
679 3835 784 3898 minus
805 3843 861 3899 aut
882 3855 953 3900 4444
972 3835 1271 3901 44444444441444
1286 3836 1477 3900 celebratum
1493 3837 1534 3900 sit
1548 3842 1601 3899 aut

281 3928 462 4012 bominibus
484 3929 626 3994 auditum
649 3937 743 4013 atque
765 3938 883 3994 notum.
915 3931 983 4014 1444
1005 3931 1105 4004 enim,
1134 3929 1332 4006 Laterensis,
1354 3951 1396 3996 ex
1416 3931 1471 3996 illo
1493 3933 1638 3995 incon-se

282 4021 336 4086 dio
358 4022 477 4105 legum,
506 4024 601 4099 iuris,
628 4032 772 4100 senatus,
798 4024 954 4087 bonorum
976 4024 1117 4089 omnium
1139 4022 1272 4101 cedens,
1305 4045 1374 4090 cum
1396 4045 1467 4090 mea
1487 4024 1599 4088 domus

281 4115 392 4179 ardore
422 4135 479 4179 suo
510 4117 768 4201 deflagrationem
789 4117 859 4180 urbi
879 4125 976 4200 atquc
997 4117 1107 4180 1441144
1130 4117 1188 4180 4441
1210 4117 1398 4194 minaretur,
1427 4117 1487 4182 nisi
1511 4118 1599 4201 quie·

280 4209 415 4294 iissem,
438 4208 578 4275 Siciliam
599 4212 698 4294 petivi
719 4211 844 4285 animo,
867 4229 950 4293 qnae
972 4210 1093 4295 etipsa
1115 4217 1181 4273 erat
1202 4211 1280 4274 441141
1302 4211 1385 4275 41444
1403 4211 1515 4276 domus
1536 4231 1599 4274 una

280 4303 447 4367 coniuncta
468 4309 500 4366 et
521 4305 721 4369 obtinebatur
741 4325 761 4368 a
783 4305 817 4367 C.
835 4303 1008 4396 Vergilio‚(
1014 4324 1151 4388 quocum
1165 4320 1295 4412 mepnno
1310 4305 1361 4370 rel
1376 4308 1598 4397 maximesoum

342 4595 367 4644 4.
385 4588 647 4656 4444444044111444
665 4605 742 4654 44444
761 4592 892 4652 tomTE3
910 4592 1110 4656 4441444440
1129 4617 1156 4628 -
1176 4592 1200 4643 3.
1221 4593 1406 4656 0444411-
1425 4596 1449 4646 7.
1467 4595 1599 4661 4111144444

281 4670 512 4730 -444444444
532 4665 1187 4731 444441441144144)0-44.4441144Ε-
1212 4669 1276 4731 eam]
1296 4670 1444 4722 441444-
1467 4672 1507 4722 43.
1525 4671 1600 4722 cota

278 4745 398 4796 4441-
417 4742 456 4794 11.
475 4742 719 4794 iudictriodocmT
738 4768 765 4779 —
789 4743 1060 4805 144411144444414.
1079 4743 1144 4794 TE:
1168 4744 1457 4808 44144411144440-
1480 4747 1599 4810 444444-

278 4817 1596 4874 14414411-4441114411-444444144444411144444444444440-11444444111411444440-

278 4892 1599 4960 43.414414444“Ε;114414440-41.44441441141“-44414444444144444410-1444144444

280 4967 323 5018 ed.
341 4968 456 5030 14444144,
479 4965 551 5030 quod
572 4968 723 5020 necessario
744 4969 938 5020 restituendum
953 4967 1057 5018 videtur
1079 4967 1159 5018 Bnkio
1175 4967 1256 5018 Sobel.
1273 4969 1396 5033 11444444.
1413 4973 1447 5022 lV
1463 4985 1489 5037 p.
1507 4973 1548 5024 11.
1568 4997 1595 5007 -

276 5042 362 5104 placet
377 5043 397 5092 T
415 5068 442 5078 -
468 5041 509 5092 341.
529 5043 618 5105 «Lego
640 5055 715 5092 44444
736 5055 785 5107 pro
805 5055 898 5093 444444.
919 5042 993 5093 bers
1013 5055 1062 5107 pro
1084 5055 1146 5092 oras
1168 5043 1300 5096 1144414144
1319 5047 1382 5108 (444.
1399 5048 1477 5110 msc.)
1494 5045 1555 5111 legit
1571 5047 1597 5096 in

278 5119 349 5182 virg.
366 5119 432 5168 444.
451 5118 475 5178 1,
493 5116 550 5168 tos.
568 5119 631 5168 Stat.
650 5115 711 5168 silv.
729 5119 777 5178 111,
794 5117 825 5178 4,
839 5119 912 5168 tta.»
929 5119 1031 5168 1144444
1047 5119 1074 5168 14
1090 5116 1245 5170 41444411.
1263 5134 1290 5184 p.
1302 5120 1359 5172 314.
1373 5147 1401 5159 -
1419 5135 1433 5173 4
1449 5122 1513 5172 TE:
1530 5121 1597 5172 440

281 5193 431 5243 -ctoccT
450 5219 477 5228 -
502 5192 802 5246 33.44144444414Τ114
823 5193 1063 5247 4444414410-
1089 5193 1130 5248 39.
1149 5194 1340 5268 optiocboturl'
1359 5223 1386 5240 --
1408 5195 1594 5264 corporcis:

281 5268 384 5334 11441114
400 5267 435 5330 0;
452 5269 517 5323 item
532 5281 559 5333 p.
578 5268 650 5330 1134,
668 5269 693 5321 b.
