4009 6159
423 616 506 685 llll
662 620 815 686 ORATIO
837 619 971 685 PRIDIE
994 618 1110 697 QUAM
1130 620 1173 683 IN
1194 616 1391 683 exsufflet
1411 615 1506 681 Illli'l'

424 800 473 858 est
501 812 555 856 eos
582 791 732 876 praemiis
760 790 839 856 meis
864 788 1025 865 invidere,
1054 789 1109 873 qui
1132 789 1248 853 virtute
1273 794 1394 852 certare
1416 786 1603 864 noluerunt,
1631 808 1687 852 ees
1714 789 1753 852 in

424 886 660 949 contentionem
680 885 789 948 venire
810 883 959 959 honoris,
984 883 1041 967 qui
1063 879 1176 947 officiis
1198 902 1233 946 se
1263 881 1406 964 superari
1427 882 1534 946 animo
1555 883 1753 966 aequissimo

423 982 584 1045 tulerunt?
607 980 642 1043 Si
662 978 766 1042 dulcis
781 985 830 1042 est
848 977 966 1061 gloria,
988 996 1185 1061 consequere
1199 976 1363 1051 virtutem3
1385 975 1451 1039 noli
1464 974 1601 1039 abiicere
1614 975 1754 1051 laboras,

312 1110 316 1115 ‚
423 1074 446 1155 †
457 1082 566 1158 petere
579 1073 751 1137 bonorem:
771 1072 926 1136 honorem
942 1072 1036 1136 dico?
1059 1072 1247 1133 immorare
1266 1068 1392 1145 tamem,
1413 1068 1566 1144 torennae,
1587 1068 1753 1145 familiam,

286 1169 309 1247 3
402 1168 554 1243 eliberos,
576 1174 689 1250 eaput,
711 1186 844 1249 corpus,
866 1166 969 1250 ipsum
991 1166 1131 1249 denique
1153 1164 1338 1247 sanguinem
1361 1170 1455 1246 atque
1478 1164 1624 1226 enimam.
1661 1163 1750 1227 Cedo
1890 1244 1891 1253 ἵ

421 1261 540 1325 invitus
563 1260 603 1325 de
624 1281 660 1323 re
681 1260 824 1343 publica3
847 1245 938 1323 cedo
951 1280 1123 1343 oppressus
1145 1258 1185 1322 de
1207 1258 1350 1333 fortuna,
1373 1257 1413 1321 de
1428 1256 1599 1340 dignitate;
1621 1254 1751 1320 discedo
1783 1262 1788 1274 '

421 1355 461 1417 ab
483 1376 518 1418 re
539 1354 668 1438 publica
688 1355 791 1417 rictus
812 1355 945 1417 audacie
966 1354 1127 1419 malorum.
1172 1350 1202 1417 8.
1225 1353 1332 1416 Liceat
1352 1370 1496 1426 manere,
1526 1350 1555 1415 si
1576 1370 1639 1415 non
1660 1350 1751 1415 illum

421 1450 464 1512 lt.
485 1448 640 1523 Tullium,
670 1447 835 1512 custodem
865 1448 971 1523 urbis,
1002 1446 1201 1511 defensorem
1229 1447 1387 1521 omnium,
1416 1454 1538 1529 patrem
1559 1444 1696 1529 patriae,
1717 1452 1752 1509 at

422 1549 507 1605 eerte
529 1540 680 1625 reliquias
701 1542 815 1618 Tullii;
837 1542 930 1605 liceat
951 1541 985 1605 in
1008 1548 1181 1624 conspeetu
1203 1541 1335 1615 civium,
1357 1541 1390 1604 in
1407 1540 1466 1604 bac
1481 1539 1576 1613 urbe,
1598 1558 1694 1622 quam
1708 1558 1749 1601 ex

385 1653 413 1699 te
421 1634 650 1719 parricidarum
677 1635 824 1699 faucibus
851 1636 983 1721 eripuit,
1012 1654 1193 1709 remanere,
1221 1642 1304 1698 tecta
1326 1636 1485 1708 emnium,
1513 1633 1586 1697 lana
1607 1631 1748 1707 deorum,

422 1730 601 1793 universam
630 1729 739 1793 videre
770 1730 903 1812 periculi
931 1726 979 1764 Η
1003 1730 1179 1803 civitatem3
1208 1727 1301 1791 liceat
1322 1748 1362 1791 er
1384 1727 1445 1791 bae
1466 1729 1592 1791 tlamma
1613 1728 1747 1801 evolare,

421 1823 606 1906 praesertim
638 1823 695 1906 qui
722 1822 803 1887 illud
831 1823 964 1906 impium
991 1822 1177 1886 incendium
1207 1820 1401 1904 perditorum
1425 1820 1591 1885 bominum
1612 1822 1748 1885 lacrimis

421 1918 528 1998 potius
550 1917 629 1979 meis
651 1936 747 1999 quam
761 1924 868 1980 vestro
891 1916 1046 1999 sanguine
1067 1915 1219 1999 restingui
1235 1913 1343 1978 malui.
1375 1915 1487 1997 Neque
1501 1917 1584 1979 enim
1601 1934 1659 1998 ege
1673 1922 1746 1999 pete

422 2017 458 2072 ut
479 2009 556 2072 mibi
578 2007 661 2073 detis
682 2011 795 2085 vitam,
820 2011 877 2074 sed
899 2012 1004 2074 domm
1027 2017 1136 2093 repeto
1158 2016 1193 2072 ut
1213 2007 1362 2072 reddatis.
1399 2008 1433 2071 Si
1453 2009 1640 2073 meministis
1662 2009 1748 2093 quod

386 2101 513 2177 rededi,
535 2121 601 2165 nen
623 2102 746 2167 debetis
770 2098 864 2187 [istis]
886 2103 1028 2167 oblivisci
1051 2104 1225 2167 retribuere
1241 2101 1327 2186 qued
1350 2102 1512 2166 debuistis.
1555 2103 1609 2165 lv.
1628 2098 1658 2164 9.
1673 2102 1747 2177 Vos,

421 2216 480 2261 vos
501 2196 657 2271 obtestor,
685 2195 717 2259 di
746 2197 953 2272 immortales,
983 2198 1041 2282 qui
1062 2218 1152 2261 meae
1174 2196 1273 2260 menti
1294 2194 1413 2259 lumina
1435 2196 1648 2279 praetulistis,
1677 2217 1747 2261 cum

423 2309 615 2353 consensum
649 2290 788 2353 exstinxi
821 2292 1047 2355 coniurationis
1080 2310 1248 2374 arcemque
1282 2290 1369 2353 urbis
1395 2290 1545 2354 incendio
1566 2309 1604 2353 ae
1625 2291 1749 2353 bamma

422 2383 557 2447 liberavi
577 2383 758 2469 liberosque
779 2394 902 2449 vestros
923 2406 943 2449 a
964 2387 1084 2467 giendo
1106 2394 1138 2449 et
1159 2385 1328 2468 complexu
1348 2392 1483 2448 matrum
1504 2382 1544 2448 ad
1567 2383 1697 2448 caedem
1717 2392 1748 2447 et

423 2498 565 2541 cruorem
593 2498 657 2542 nen
684 2499 754 2542 sum
777 2499 889 2563 possus
911 2479 1062 2543 abstrahi.
1105 2479 1188 2542 Num
1210 2480 1304 2560 igitur
1324 2486 1431 2560 petest
1449 2474 1519 2541 fieri
1541 2497 1559 2540 a
1580 2477 1748 2542 clientibus

385 2579 460 2639 seut
478 2572 628 2656 recipiar,
650 2592 723 2635 cum
744 2592 763 2635 a
786 2574 903 2657 quibus
919 2573 1051 2637 debeam
1071 2572 1201 2636 retineri
1223 2572 1353 2635 reiicere
1375 2572 1560 2635 instituant?
1584 2572 1669 2635 Socii
1683 2590 1745 2655 quo

420 2666 559 2748 fugiant,
580 2686 653 2730 cum
674 2665 778 2730 aditus
801 2667 926 2731 custodi
947 2667 1130 2750 praeclusus
1153 2667 1217 2730 sil?
1243 2665 1315 2741 Quo
1338 2664 1432 2729 modo
1455 2685 1527 2748 spes
1549 2664 1661 2731 salutis
1674 2666 1746 2731 reli·

422 2762 494 2845 quis
515 2760 682 2836 residebit,
703 2782 776 2824 cum
798 2762 917 2825 civibus
938 2762 1105 2845 praeclusa
1123 2762 1165 2824 sit
1186 2759 1381 2844 exspectatio
1404 2760 1656 2825 incolumitatis?
1684 2780 1746 2843 pax

422 2863 454 2919 et
471 2854 641 2919 eoncordia
668 2856 827 2919 extraneis
855 2857 1016 2942 gignuntur,
1039 2874 1109 2919 eum
1132 2852 1313 2918 domesticis
1340 2873 1405 2917 non
1427 2852 1581 2926 insident,
1610 2852 1666 2917 sed
1688 2875 1746 2936 pu-

420 2949 504 3012 blice
531 2948 713 3033 providenti
740 2950 913 3032 eripiatur?
956 2944 1006 3011 l0.
1029 2951 1107 3012 Nam
1129 2948 1209 3033 quid
1231 2967 1291 3032 ego
1313 2948 1529 3031 improborum
1550 2948 1634 3011 iactu
1656 2968 1745 3013 rene·

385 3064 492 3112 serem
507 3042 662 3117 oratione,
675 3050 712 3107 ut
724 3043 949 3126 redintegratio
963 3044 1047 3107 illius
1061 3043 1290 3107 coniurationis
1305 3044 1428 3105 animes
1443 3042 1589 3106 vulneret
1602 3046 1744 3105 rosbes?

418 3136 583 3203 Auxilium
611 3137 651 3199 ab
672 3137 786 3201 alienis
808 3134 1034 3221 efflagitabitis,
1061 3158 1132 3201 cum
1155 3137 1240 3201 cives
1262 3136 1437 3201 deseratis?
1468 3137 1634 3201 Sociorum
1657 3138 1744 3201 invo-

420 3249 488 3293 cem
509 3229 704 3305 subsidium,
726 3251 797 3295 eum
819 3252 840 3295 a
861 3233 979 3296 civibus
1001 3231 1207 3295 interclusum
1222 3231 1264 3294 sit
1284 3230 1500 3314 praesidium?
1523 3230 1624 3306 Quam
1640 3231 1744 3295 celere

420 3331 546 3407 gentem
566 3344 631 3387 non
652 3324 798 3389 institui?
820 3334 926 3390 utrum
947 3333 1054 3389 custos
1076 3324 1211 3409 accipiar
1232 3345 1272 3389 an
1295 3333 1331 3389 ut
1354 3324 1498 3408 proditer
1519 3325 1696 3389 excludar?
1718 3328 1743 3389 si

418 3425 456 3480 ut
476 3424 694 3493 conservator,
716 3427 821 3482 restra
842 3420 902 3482 erit
922 3419 1115 3501 ignominiam
1144 3420 1171 3481 si
1192 3427 1228 3483 ut
1248 3428 1466 3502 oppugnator,
1488 3420 1631 3501 praecisa
1652 3427 1744 3485 erunt

382 3511 536 3581 momnis.
575 3512 687 3595 ltaque
717 3502 803 3595 gued
831 3514 941 3596 putavi
968 3512 1038 3576 fere
1067 3511 1236 3595 gaudium,
1263 3512 1296 3576 id
1323 3513 1445 3577 exstitit
1472 3514 1580 3579 exitio.
1623 3509 1673 3577 ll.
1696 3514 1742 3589 Si,

420 3604 576 3680 Quirites,
605 3604 741 3667 eundem
769 3606 801 3669 in
831 3614 1008 3669 ceterorum
1030 3605 1178 3688 periculis
1201 3604 1390 3669 baberemus
1410 3606 1565 3683 animum,
1595 3628 1691 3692 quem
1711 3610 1743 3671 iu

418 3700 535 3763 nocuis
566 3695 819 3775 difficultatibus,
846 3708 879 3764 et
905 3720 964 3783 pro
986 3700 1244 3765 innocentissime
1265 3720 1394 3784 quoque
1415 3720 1615 3784 propugnare
1636 3708 1668 3764 et
1688 3721 1744 3767 ue-

418 3795 636 3858 eentiseimum
665 3814 824 3878 quemque
852 3812 1038 3878 oppugnare
1066 3793 1158 3857 nubis
1183 3794 1387 3858 utilissimum
1413 3814 1484 3859 esse
1505 3796 1743 3869 arbitraremur3

418 3894 451 3951 et
471 3889 499 3952 si
521 3908 593 3951 cum
615 3889 726 3972 optimi
747 3889 903 3973 cuiusque
932 3887 1027 3953 rebus
1049 3888 1189 3953 adversis
1212 3897 1350 3953 noemam
1372 3888 1521 3964 salutem,
1547 3908 1620 3953 cum
1641 3888 1743 3953 deter-

483 4189 509 4238 t.
527 4201 567 4239 eos
588 4187 784 4237 in--telement
803 4198 859 4239 om.
878 4188 899 4237 G
922 4214 949 4225 -
972 4190 997 4241 ἱ.
1016 4189 1101 4239 oniae
1122 4191 1270 4252 aagendam
1291 4191 1350 4241 PS:
1373 4190 1522 4253 marianeno
1545 4190 1631 4241 enine
1647 4191 1696 4243 ΕΟ
1713 4216 1740 4226 -

416 4263 440 4313 3.
459 4264 553 4314 uirtute
572 4266 592 4315 P
609 4275 687 4313 erasa
708 4260 803 4313 lineola
825 4261 972 4326 superbit.
991 4278 1051 4313 e-
1069 4263 1166 4315 niuem
1183 4266 1202 4316 C
1222 4292 1249 4301 -
1272 4262 1371 4317 labori.
1389 4268 1409 4317 Ρ
1426 4264 1530 4329 (lineola
1546 4264 1651 4317 videtur
1666 4278 1683 4315 a
1698 4279 1743 4316 re·

416 4338 534 4388 centiore
555 4336 605 4400 m.)
628 4365 656 4375 —
683 4337 708 4390 l.
726 4342 810 4399 petere
831 4337 920 4387 PES:
941 4343 997 4401 pete
1014 4341 1047 4390 G:
1071 4340 1177 4401 perdere
1193 4341 1213 4391 0
1232 4366 1259 4377 —
1282 4339 1388 4403 semme]
1406 4342 1518 4403 [ornnem
1538 4341 1599 4398 ES;
1626 4338 1687 4391 vide
1709 4340 1744 4391 ad

414 4426 442 4477 p.
462 4413 539 4476 teet,
558 4417 582 4464 t.
602 4438 631 4449 -
654 4413 679 4462 7.
698 4411 730 4461 eb
748 4411 839 4462 PGE:
858 4424 876 4461 e
892 4413 938 4463 So
957 4440 984 4451 -
1008 4414 1135 4465 materiem
1152 4415 1171 4465 C
1189 4440 1216 4451 -
1239 4416 1263 4465 e.
1281 4415 1371 4467 tulliP
1391 4440 1418 4453 -
1437 4415 1568 4467 erbeom.
1586 4418 1636 4468 PG
1654 4442 1683 4454 -
1701 4417 1741 4466 tt.

412 4488 518 4551 periculi
535 4490 569 4539 c:
585 4488 697 4551 pertende
713 4486 846 4537 motem
862 4500 907 4537 eree
925 4488 959 4545 0;
974 4491 1081 4553 emirati
1097 4496 1224 4553 emperiam
1240 4488 1357 4541 Halmius
1371 4516 1398 4529 -
1418 4492 1457 4543 43.
1475 4496 1558 4542 oestro
1573 4492 1695 4556 sanguim
1709 4493 1741 4543 P:

414 4566 537 4628 sangnine
550 4570 634 4617 umero
651 4563 757 4615 GESO
777 4590 804 4600 -
824 4564 864 4615 te.
883 4565 936 4615 istie
952 4563 1063 4615 obliuisci
1079 4564 1215 4615 retribuere
1232 4566 1251 4615 C
1270 4564 1328 4628 (sad
1345 4566 1372 4617 iu
1388 4569 1407 4617 P
1423 4567 1477 4617 istie
1493 4569 1643 4617 correctum
1660 4568 1701 4618 est
1717 4568 1743 4618 iu

413 4639 477 4700 istit:
496 4638 620 4689 obliuisci:
636 4640 679 4689 eed
693 4638 831 4689 retribuere
847 4639 867 4689 0
886 4665 914 4676 -
932 4639 1048 4691 debuistis
1065 4641 1099 4690 C:
1118 4640 1242 4691 debetieO
1262 4668 1290 4678 -
1306 4654 1351 4692 eoe
1367 4654 1420 4693 em.
1433 4642 1480 4693 ES
1498 4668 1525 4679 ··
1545 4642 1586 4692 46.
1603 4644 1742 4705 epteatorP

415 4715 483 4764 -di
498 4716 530 4765 P:
550 4715 616 4765 diiO
630 4742 657 4753 -
676 4729 733 4765 men
749 4728 802 4766 om.
818 4717 837 4766 P
855 4715 996 4765 incasura.
1011 4742 1039 4752 -
1059 4716 1100 4765 tr.
1119 4716 1218 4765 eetinei
1236 4715 1297 4766 c-
1316 4715 1386 4766 urbis
1402 4717 1515 4768 omlis
1534 4743 1561 4754 -
1579 4716 1691 4769 memdio
1708 4719 1739 4769 P:

413 4790 1740 4857 obterendieGESO-48.eC:eo-gronnieP-t9.Nem]NonC-?0.reieerec

414 4894 441 4903 -
460 4867 502 4917 et.
519 4866 620 4930 frigium
637 4866 671 4915 C:
689 4865 785 4929 mpient
801 4867 821 4916 0
840 4892 868 4903 -
887 4867 982 4917 custodi
999 4868 1034 4917 C:
1053 4866 1148 4917 melodi
1162 4866 1264 4927 patriae
1280 4867 1300 4916 0
1316 4894 1342 4905 -
1362 4868 1488 4930 Quomodo
1505 4868 1538 4917 G:
1557 4870 1742 4919 conmodorum

412 4943 445 5001 P;
463 4942 504 4991 uei
519 4941 705 4991 comoedorum
721 4941 843 5003 quomedo
859 4940 906 4991 ES
924 4970 952 4980 -
970 4942 1013 4993 22.
1031 4942 1171 5004 eepeetetio
1187 4942 1265 4992 PGE
1280 4968 1307 4978 —
1324 4942 1499 4994 incolomitatis
1514 4942 1535 4993 E
1552 4968 1578 4979 -
1597 4942 1639 4994 23.
1656 4945 1741 5008 gigni-

412 5020 490 5067 terP
509 5042 536 5053 -
554 5028 612 5065 eren
628 5015 661 5066 C:
680 5028 739 5066 eom
754 5017 807 5067 iem
823 5017 844 5067 0
863 5041 891 5053 -
914 5016 955 5069 ii.
971 5018 1121 5080 prouidendi
1136 5016 1279 5079 reperietur
1295 5019 1314 5068 P
1333 5043 1361 5053 -
1385 5018 1426 5069 25.
1444 5018 1741 5081 memmgretioneel-

411 5098 481 5143 ncret
492 5093 526 5143 C:
544 5093 755 5156 redintegratione
765 5120 801 5131 --
811 5093 938 5144 emacren
950 5093 971 5143 0
985 5120 1013 5130 -
1031 5093 1071 5143 26.
1086 5090 1255 5157 effiagitebitie
1266 5090 1300 5141 C:
1319 5090 1460 5157 efttogimbe
1472 5094 1492 5142 0
1505 5116 1533 5129 —
1546 5094 1613 5144 einer
1624 5094 1660 5145 C:
1677 5096 1742 5146 ciues

411 5170 587 5220 eeeoeeo-
608 5168 781 5229 recimerem
800 5169 849 5219 Es
868 5196 896 5206 -
920 5169 960 5220 28.
979 5174 1146 5233 gantonem.
1165 5166 1185 5217 E
1205 5192 1230 5205 -
1254 5168 1465 5218 nonmetiteiC:
1491 5181 1558 5219 nene
1574 5170 1741 5221 inetssuemo

414 5244 769 5294 -eeetoec:etoertee0
789 5268 815 5281 -
834 5243 1691 5307 29.eiC:ein0-preeeieeos;preetiesoPG;preeieeoli
1710 5272 1737 5282 -

412 5315 453 5367 30.
470 5318 566 5380 coneto
583 5317 628 5379 (³¹3
645 5317 739 5383 gaudie
756 5316 788 5368 G²
805 5342 833 5355 -
851 5318 969 5369 antec
989 5346 1017 5355 -
1036 5318 1113 5369 ereio
1131 5318 1164 5369 C:
1184 5319 1289 5370 aritium
1306 5320 1326 5370 0
1344 5346 1372 5357 -
1391 5316 1431 5371 et.
1449 5320 1565 5372 oomnis
1580 5322 1640 5373 PG.
