4009 6159
369 595 451 670 4000
784 613 935 680 enarro
961 614 1040 679 ruo
1062 615 1111 680 44.
1127 614 1272 680 casuro

369 800 434 865 qua
456 781 570 856 lustra,
603 781 766 858 libidines,
788 785 942 861 luxuries,
965 786 1070 850 omnia
1091 786 1231 869 denique
1252 784 1395 849 inaudita
1416 785 1492 848 vitia
1513 805 1549 848 ae
1570 785 1689 867 tlagitia

196 871 273 976 ,μί
369 861 551 968 versentur)
571 875 623 940 bio
645 897 752 943 servos
774 899 836 942 non
860 899 930 943 esse
951 883 1082 944 servos?
1104 881 1217 963 quibus
1240 879 1346 943 omnia
1367 880 1611 952 committantur,
1633 897 1690 960 per

371 989 451 1051 quos
473 977 640 1054 gerantur,
662 973 716 1056 qui
738 981 904 1036 versentur
924 975 1025 1038 isdem
1048 976 1080 1038 iu
1101 974 1331 1057 voluptatibus,
1354 974 1471 1057 quibus
1485 971 1608 1036 occulta
1622 993 1689 1037 cre·

371 1061 503 1140 dantur,
530 1063 570 1128 ad
593 1085 673 1149 quos
695 1066 888 1150 aliquantum
914 1068 1009 1132 etiam
1032 1088 1072 1131 ex
1094 1066 1288 1152 quotidianis
1310 1067 1484 1151 sumptibus
1505 1086 1542 1129 ac
1564 1066 1689 1129 luxurie

346 1157 533 1222 ireduudet.
577 1155 627 1221 58.
651 1158 685 1222 ld
717 1160 813 1243 igitur
842 1161 967 1226 Caelius
995 1182 1060 1225 uon
1087 1162 1237 1226 videbat?
1269 1162 1301 1224 Si
1331 1163 1415 1224 euim
1442 1168 1504 1224 tam
1527 1161 1688 1224 familiaris

369 1247 437 1314 erat
458 1253 615 1328 mulieris,
637 1274 733 1337 quam
754 1275 811 1318 ros
832 1256 944 1331 vultis,
966 1257 1045 1319 istos
1067 1275 1196 1340 quoque
1218 1275 1325 1319 servos
1349 1255 1519 1319 familiares
1541 1275 1611 1318 esse
1633 1255 1689 1318 do·

369 1346 472 1410 minue
495 1347 622 1412 sciebat.
658 1349 714 1412 Sin
737 1350 765 1412 ei
788 1355 873 1413 tauta
894 1351 1107 1426 consuetudo,
1135 1356 1253 1434 quanta
1275 1370 1293 1412 a
1314 1351 1405 1413 vobis
1427 1350 1602 1423 inducitur,
1624 1369 1688 1412 nou

369 1448 451 1515 erat,
474 1461 556 1525 quae
579 1463 649 1506 cum
668 1445 767 1507 servis
782 1446 885 1528 potuit
898 1443 1095 1509 familiaritas
1110 1465 1180 1508 esse
1194 1447 1304 1508 taniai
1340 1444 1453 1508 xxiv.
1469 1444 1572 1528 lpsius
1585 1450 1689 1507 autem

368 1537 482 1599 veneni
505 1556 587 1621 quae
609 1537 689 1601 ratio
712 1534 859 1619 0443444444
888 1538 944 1600 ubi
974 1541 1151 1622 quaesitum
1174 1541 1243 1602 esti
1273 1559 1368 1623 quem
1390 1539 1429 1602 ad
1451 1536 1579 1601 modum
1599 1556 1691 1621 para·

333 1634 459 1693 sommi
481 1651 545 1715 quo
566 1634 682 1714 pacto?
705 1633 772 1706 cui,
795 1650 858 1715 quo
880 1632 912 1693 in
934 1630 1006 1695 loco
1027 1632 1200 1696 traditum?
1221 1632 1379 1696 Habuisse
1399 1635 1489 1697 aiunt
1510 1631 1596 1694 domi
1612 1632 1691 1695 rim·

370 1744 432 1808 quo
461 1725 528 1788 eius
556 1743 625 1787 esse
656 1733 819 1809 expertum
849 1726 881 1788 in
905 1745 996 1789 servo
1020 1727 1172 1810 quodam,
1204 1727 1243 1789 ad
1267 1747 1335 1791 eam
1356 1748 1423 1790 rem
1444 1728 1543 1811 ipsam
1566 1733 1690 1809 parator

370 1818 460 1880 cuius
482 1817 633 1902 perceleri
656 1819 784 1882 interitu
807 1839 876 1883 esso
898 1821 1020 1884 abhoc
1043 1821 1278 1903 comprobatum
1301 1841 1468 1884 venenum.
1503 1817 1554 1882 59.
1576 1818 1690 1883 Prodi

369 1911 577 1975 immortales!
607 1933 662 1976 cur
683 1913 839 1976 interdum
862 1915 896 1976 in
917 1915 1082 1978 bominum
1104 1915 1275 1978 sceleribus
1297 1915 1441 1979 maximis
1462 1922 1517 1977 aut
1538 1914 1689 1977 conivetis

369 2011 424 2068 aut
451 2013 631 2088 praesentes
661 2006 781 2070 fraudis
810 2028 929 2090 poenas
958 2009 991 2071 in
1015 2009 1098 2072 diem
1120 2010 1311 2073 reservatis?
1343 2009 1416 2072 Vidi
1439 2005 1538 2082 enim,
1571 2010 1636 2072 vidi
1658 2015 1691 2070 et

333 2096 458 2160 stillum
480 2096 572 2162 hausi
595 2099 738 2164 dolorem
760 2102 810 2163 vel
839 2102 1074 2166 acerbissimum
1096 2104 1129 2165 iu
1150 2105 1229 2177 vita,
1257 2123 1328 2166 cum
1351 2103 1389 2178 Q.
1405 2101 1551 2166 ldetellus
1571 2103 1690 2166 abstra-

369 2188 499 2253 heretur
520 2212 538 2255 e
560 2195 632 2257 sinu
653 2196 836 2278 gremioque
857 2197 994 2281 patriae,
1025 2217 1161 2281 cumque
1189 2198 1243 2260 ille
1265 2198 1327 2271 vir,
1357 2197 1411 2280 qui
1432 2217 1466 2260 se
1487 2204 1595 2260 natum
1615 2196 1689 2260 huic

369 2284 501 2366 imperio
523 2289 661 2371 putarit,
691 2290 783 2354 tertio
805 2290 856 2353 die
878 2299 950 2374 post
971 2310 1065 2374 44444444
1087 2292 1120 2354 in
1143 2292 1243 2366 ouria,
1270 2311 1365 2375 qnam
1386 2293 1419 2354 iu
1440 2291 1567 2363 rostris,
1594 2309 1690 2373 quam

369 2376 402 2438 in
424 2397 459 2440 re
481 2379 607 2462 publiea
628 2384 800 2458 llornieset,
826 2385 1028 2467 integerrima
1049 2393 1167 2458 aetate,
1190 2387 1310 2467 optimo
1330 2385 1456 2460 babitu,
1477 2383 1622 2448 maximis
1643 2383 1690 2446 ri·

370 2471 471 2546 ribus,
500 2475 676 2559 eriperetur
704 2478 922 2560 indignissime
953 2479 1046 2542 bonis
1076 2480 1223 2543 omnibus
1248 2485 1343 2562 atque
1364 2479 1530 2542 universae
1552 2477 1688 2541 civitati:

332 2585 434 2649 aequo
457 2568 585 2650 quidem
607 2577 747 2656 tempore
768 2572 822 2636 ille
844 2573 997 2649 moriens,
1021 2593 1091 2636 cum
1114 2576 1174 2636 iam
1197 2574 1310 2636 ceteris
1325 2592 1366 2636 ex
1385 2573 1526 2655 partibus
1540 2589 1690 2657 oppressa

370 2679 458 2722 mens
488 2668 586 2738 esset,
616 2673 791 2729 extremum
820 2685 946 2729 sensum
977 2667 1016 2730 ad
1044 2669 1227 2730 memoriam
1256 2668 1302 2729 rei
1327 2666 1473 2749 publicae
1495 2667 1690 2739 reservabam

370 2773 440 2816 eum
467 2777 517 2820 me
548 2758 675 2822 intuens
697 2761 824 2822 dentem
847 2757 1040 2843 significabat
1060 2761 1244 2844 interruptis
1266 2781 1303 2824 ao
1324 2759 1529 2823 morientibus
1550 2760 1689 2833 vocibus,

370 2857 486 2931 quanta
508 2849 704 2936 impenderet
724 2853 864 2937 procella
886 2853 979 2929 mibi,
1003 2863 1120 2939 quauta
1141 2863 1311 2938 tempestas
1334 2855 1467 2928 civitati,
1490 2859 1522 2916 et
1543 2875 1613 2916 oum
1633 2872 1690 2935 pa-

369 2942 479 3006 rietem
501 2965 595 3030 saepe
617 2947 733 3012 leriens
756 2969 845 3023 eum,
869 2949 924 3032 qui
946 2969 1018 3012 cum
1040 2949 1078 3025 Q.
1103 2949 1212 3013 Catulo
1235 2950 1338 3013 iuerat
1358 2950 1388 3011 ei
1410 2947 1603 3022 communis,
1625 2966 1690 3010 cre·

329 3035 424 3104 aebro
441 3038 602 3116 Catulum,
626 3062 720 3127 saepe
738 3063 805 3118 me,
828 3043 1012 3126 saepissime
1027 3063 1091 3107 rem
1107 3044 1266 3129 publicam
1280 3042 1476 3116 nominabat,
1498 3050 1534 3105 ut
1548 3063 1611 3105 non
1625 3049 1689 3104 tam

368 3151 403 3194 se
425 3136 504 3199 mori
527 3155 622 3220 quarn
645 3136 773 3220 spoliari
796 3157 853 3202 suo
875 3137 1035 3220 praesidio
1050 3158 1119 3202 cum
1134 3137 1278 3222 patriam,
1301 3143 1366 3199 tum
1383 3136 1477 3199 etiam
1493 3155 1543 3198 me
1557 3135 1688 3199 doleret

368 3223 419 3288 60.
442 3227 544 3303 Quem
567 3229 696 3314 quidem
719 3232 821 3295 virum
843 3232 869 3294 si
892 3232 979 3295 nulla
995 3232 1043 3296 vis
1065 3231 1221 3315 repentini
1244 3229 1373 3293 sceleris
1393 3227 1586 3302 sustulisset,
1611 3248 1689 3312 quo-

368 3340 441 3384 nam
468 3323 563 3387 modo
593 3324 646 3386 ille
675 3324 792 3388 furenti
822 3325 909 3389 fratri
938 3345 995 3389 suo
1026 3320 1184 3409 [patrueli]
1216 3324 1391 3387 consularis
1418 3323 1601 3395 restitisset,
1634 3323 1689 3406 qui

370 3415 480 3478 consul
508 3416 713 3500 incipientem
740 3417 846 3482 furere
873 3426 967 3502 atque
995 3426 1161 3482 conantem
1191 3437 1248 3480 sua
1278 3439 1313 3480 se
1334 3437 1429 3480 manu
1451 3416 1688 3480 interfecturum

329 3525 359 3574 so
369 3509 516 3574 audiente
546 3518 657 3575 senatu
685 3512 824 3576 dixerit?
856 3513 905 3574 lix
932 3511 992 3576 bac
1015 3512 1112 3595 igitur
1133 3511 1226 3574 domo
1250 3530 1415 3593 progressa
1435 3511 1496 3574 ista
1516 3510 1629 3574 mulier
1649 3510 1690 3572 de

435 3871 459 3918 4.
477 3867 558 3918 lustro
573 3869 604 3919 S:
623 3867 741 3918 4444444444
757 3870 788 3928 Ρ,
806 3868 915 3918 illitati-ia
930 3867 980 3918 liti
993 3893 1020 3903 -
1039 3866 1170 3916 4444444444
1186 3867 1214 3916 P¹
1233 3891 1260 3902 -
1279 3865 1416 3916 4444441)-
1436 3879 1466 3915 444
1483 3865 1561 3916 4)Εο
1577 3867 1605 3915 et
1621 3865 1687 3916 Col:

370 3947 444 4004 4444444
460 3943 506 3993 SO
524 3968 551 3978 -
576 3945 601 3994 0.
618 3948 752 3994 uerteretur
774 3945 821 3993 PG
842 3971 869 3980 -
893 3957 979 3994 44444444
998 3956 1048 3992 ooo
1064 3954 1215 3992 4444444444
1232 3938 1261 3991 P¹
1279 3967 1306 3975 —
1326 3942 1691 4006 perguosomotogcrootar

370 4018 521 4070 Lambinus.
537 4047 563 4056 -
582 4020 606 4070 3.
624 4021 701 4070 edem
716 4020 743 4068 444
760 4021 791 4069 Ρ;
811 4019 896 4070 44444444
912 4021 938 4070 444
956 4021 989 4078 0;
1008 4020 1034 4067 444
1051 4032 1104 4068 om.
1118 4018 1182 4078 EG,
1200 4015 1251 4068 sed
1267 4015 1379 4067 babetG
1397 4028 1455 4080 sup.
1467 4014 1513 4066 lin.
1526 4019 1588 4068 ante
1604 4018 1691 4068 44444444

372 4119 399 4130 -
418 4092 442 4144 4.
462 4096 496 4144 ad
512 4108 565 4146 om.
584 4097 604 4146 P
625 4123 648 4132 -
669 4095 853 4158 aliquantolum
870 4093 925 4145 Col.
947 4122 973 4131 —
992 4093 1122 4144 solidiores
1140 4095 1158 4142 P
1177 4117 1204 4126 —
1223 4092 1341 4142 lueurtoe
1358 4090 1466 4150 P¹EG¹;
1485 4091 1518 4141 ei.
1536 4103 1563 4154 p.
1578 4091 1649 4152 4008,
1662 4092 1688 4142 8.

372 4189 438 4238 -o.
456 4193 509 4238 tam
525 4191 554 4238 S:
573 4190 664 4250 iomP,
684 4189 799 4240 om.EG
819 4212 846 4225 -
867 4189 977 4240 04444444
993 4191 1056 4238 0-
1076 4199 1273 4237 seruos--cum
1290 4189 1323 4245 iv.
1337 4186 1360 4247 8)
1378 4186 1546 4236 om.E—es
1561 4186 1681 4247 4444444444

369 4275 418 4313 csse
434 4264 511 4314 scibat
527 4266 561 4325 P,
580 4267 694 4316 4444444444
710 4279 760 4316 4444
775 4265 865 4314 4444444
882 4267 902 4314 0
921 4291 948 4300 -
967 4264 990 4313 i.
1009 4265 1031 4313 ri
1047 4265 1070 4313 44
1086 4265 1106 4312 G
1125 4287 1152 4298 -
1171 4274 1189 4311 4
1204 4263 1293 4310 omo
1313 4285 1337 4295 -
1359 4261 1398 4309 40.
1417 4259 1489 4310 44444444
1505 4263 1535 4310 P¹
1550 4261 1576 4311 in
1593 4274 1645 4311 ras.
1660 4289 1688 4299 -

371 4339 410 4388 44.
428 4339 463 4388 od
478 4351 534 4388 eom
549 4351 603 4390 rem
619 4342 764 4405 Madvigius
781 4354 807 4404 p.
826 4340 887 4391 loe:
910 4341 944 4390 od
961 4341 1046 4390 44444444
1061 4351 1115 4388 rem
1131 4335 1176 4395 1>¹;
1199 4337 1234 4384 444
1253 4349 1307 4386 rem
1328 4333 1442 4386 P²EGO
1462 4361 1487 4374 -
1508 4337 1548 4386 40.
1565 4350 1612 4398 pro
1628 4337 1689 4387 diP

370 4412 427 4474 (sed
444 4414 470 4462 dl
486 4415 512 4464 in
530 4417 606 4476 rasi:
630 4429 677 4478 per
694 4419 750 4466 deos
766 4418 801 4474 E;
818 4429 866 4478 pro
883 4417 918 4465 4444
933 4416 968 4475 0;
990 4415 1057 4466 odii
1073 4411 1239 4470 immortates,
1262 4425 1309 4459 cur
1324 4412 1351 4460 444
1366 4411 1486 4460 4444444444ιί4
1501 4409 1630 4460 melotibus
1645 4415 1691 4460 44444

369 4490 502 4539 conrivatis
517 4491 640 4541 interdum
657 4497 703 4542 444
713 4517 749 4530 --
758 4491 892 4542 reservatis
902 4490 979 4540 alieri
989 4490 1066 4539 arus.
1079 4488 1158 4538 blesa.
1171 4497 1193 4536 s.
1206 4497 1231 4534 v.
1244 4485 1271 4533 444
1287 4485 1339 4535 dies
1354 4498 1385 4547 p..
1394 4483 1442 4534 044
1453 4484 1527 4535 Lind.
1543 4512 1570 4521 —
1583 4485 1623 4535 43.
1635 4499 1691 4535 mo·

368 4563 453 4611 sumu
469 4565 532 4612 P—
548 4567 666 4616 contactis
682 4568 774 4618 PEG:
793 4566 926 4617 4444444444
943 4565 962 4614 0
978 4591 1003 4600 -
1023 4562 1064 4612 ii.
1079 4561 1217 4623 praecoma
1233 4559 1291 4610 CO.
1317 4561 1347 4612 Ut
1363 4560 1440 4610 nobis
1452 4563 1613 4621 constemus,
1631 4559 1690 4610 vul-

369 4650 460 4700 garem
478 4640 620 4689 accusativi
637 4639 704 4704 plur.
723 4639 835 4692 lormam
853 4639 1029 4698 restituimus;
1052 4649 1114 4686 nam
1132 4635 1271 4696 4444444444
1287 4647 1337 4684 non
1355 4635 1391 4684 ad
1405 4635 1504 4696 44444444
1519 4634 1690 4686 referendum

370 4726 430 4764 esse
448 4713 616 4764 manifestum
633 4717 683 4772 est,
702 4713 736 4765 de
754 4729 805 4780 qua
823 4729 852 4765 re
869 4710 1197 4774 contulitWesenbergius
1209 4711 1263 4760 Cic.
1276 4709 1310 4759 de
1328 4710 1410 4760 Divio.
1424 4711 1455 4771 ii,
1474 4711 1557 4774 5400.
1576 4711 1688 4762 Phaedr.

370 4790 416 4848 lll,
436 4789 478 4848 40,
497 4789 539 4838 00.
556 4788 627 4838 Suet.
647 4787 739 4840 Claud.
758 4788 799 4840 34.
818 4791 889 4840 Curi.
902 4789 939 4847 ll,
959 4789 982 4849 4,
997 4787 1038 4837 30.
1058 4786 1122 4836 Plor.
1136 4787 1160 4844 i,
1174 4786 1214 4836 00.
1229 4811 1256 4820 -
1277 4785 1316 4834 444.
1334 4786 1521 4834 44444404444444444
1537 4788 1597 4836 P-
1614 4787 1691 4846 444444-

369 4871 409 4916 4444
425 4866 444 4916 P
463 4891 491 4901 -
511 4865 550 4914 46.
569 4865 725 4926 cormones
742 4864 782 4924 P¹;
802 4878 815 4915 4
830 4864 973 4930 marioque
989 4859 1101 4914 P²EGS
1120 4887 1147 4896 —
1167 4860 1207 4910 48.
1224 4861 1395 4923 integerrimae
1410 4865 1492 4910 aetate
1507 4866 1607 4921 4444444444
1622 4863 1642 4909 Ρ
1659 4886 1687 4895 -

371 4941 411 4990 40.
430 4939 606 5002 iadtpnismme
622 4941 681 4989 P—
699 4940 741 4990 00.
760 4953 791 4988 ac
808 4941 841 4989 C:
861 4945 935 5002 atquc
948 4940 968 4988 0
982 4965 1010 4976 -
1028 4936 1069 4987 03.
1086 4936 1228 4998 inpenderet
1244 4937 1263 4985 P
1277 4959 1304 4971 —
1322 4936 1384 4984 4444444
1400 4933 1477 4986 Orelli
1489 4935 1536 4996 iii:
1554 4935 1589 4984 444
1605 4935 1687 4992 PEG;

370 5015 427 5065 4444
443 5016 503 5074 80;
520 5014 558 5063 rei
571 5027 599 5076 p.
618 5013 756 5074 Garaioui3
774 5014 843 5064 uotis
859 5015 966 5072 liavius,
986 5025 1066 5076 quam
1083 5009 1296 5060 emendationem
1308 5008 1422 5059 illotaius
1438 5023 1453 5058 a
1470 5008 1547 5060 nobis
1564 5011 1688 5073 receptae

371 5089 505 5155 praetulit,
529 5102 579 5154 ego
596 5086 666 5138 illam
683 5091 791 5152 propter
807 5102 877 5140 vers.
896 5090 928 5138 05
945 5090 973 5138 44
987 5088 1029 5138 se.
1050 5112 1076 5122 -
1103 5085 1144 5136 04.
1163 5097 1219 5133 444444
1240 5084 1326 5146 quinto
1343 5087 1361 5135 P
1380 5110 1407 5120 —
1433 5085 1474 5134 06.
1491 5095 1516 5134 re
1531 5083 1597 5132 444444
1614 5083 1646 5132 P:
1663 5093 1690 5130 sc

370 5166 449 5217 4444444
465 5165 570 5215 EGSO
587 5191 616 5230 ¹-
640 5165 681 5213 07.
699 5163 738 5214 uis
754 5167 773 5216 P
790 5177 859 5214 corr.
878 5178 911 5214 ex
926 5165 1013 5214 uirum
1031 5188 1057 5198 -
1080 5161 1121 5210 00.
1136 5159 1246 5221 parneis
1262 5161 1291 5208 ut
1307 5157 1439 5222 glossema
1456 5157 1609 5209 inclusimus
1626 5169 1688 5206 cum

372 5238 466 5292 Orellio
478 5239 522 5303 (0),
542 5252 603 5289 cum
620 5239 759 5290 manilesto
777 5241 805 5290 P.
824 5237 930 5290 Clodius
947 5237 1117 5302 significetur.
1144 5235 1182 5287 Ci.
1201 5234 1315 5286 delier.
1334 5236 1412 5300 tiesp.
1431 5233 1445 5297 s
1463 5233 1503 5284 to.
1524 5260 1551 5270 -
1569 5232 1610 5282 09.
1627 5243 1688 5281 cou-

370 5316 410 5366 4444
425 5316 568 5368 Manutius:
586 5313 710 5366 4444444444
726 5315 745 5364 C
766 5341 793 5352 -
810 5327 836 5368 44
850 5327 899 5364 aro
915 5315 944 5364 G.
