4009 6159
389 501 451 567 ete
763 507 817 574 DE
839 507 1095 576 elauslucun
1115 509 1333 576 mucosus

390 676 485 750 casti,
506 673 694 750 sollemnes,
721 675 878 759 religiosi,
900 679 1017 763 quihus
1038 680 1122 743 ludis
1142 681 1278 764 primum
1299 687 1372 744 ante
1393 678 1506 762 populi
1528 697 1712 744 consessum

389 769 513 834 senatui
535 767 638 834 locum
658 770 692 832 P.
715 769 878 836 Africanus
900 773 1015 836 iterum
1036 775 1150 838 consul
1171 775 1226 838 ille
1246 777 1349 838 maior
1373 774 1477 848 dedit,
1498 780 1535 837 ut
1548 793 1603 838 eos
1617 774 1712 837 ludos

387 863 466 927 haec
495 863 564 926 lues
592 862 715 948 impura
743 865 915 946 polluerit?
947 888 1011 951 qno
1041 868 1068 932 si
1099 871 1154 952 qui
1176 869 1258 933 liber
1273 853 1334 932 ient
1355 868 1520 952 spectandi
1540 868 1712 932 autetiam

387 957 549 1040 religionis
572 975 665 1020 causa
687 968 878 1034 accesserat,
900 980 1013 1026 manus
1033 962 1258 1026 afferebantur:
1279 983 1345 1046 quo
1368 971 1511 1027 matrona
1532 961 1714 1026 nnllaadiit

362 1055 514 1136 5propter
527 1053 592 1114 vim
614 1071 862 1136 consessumque
885 1073 1057 1118 servorum
1092 1058 1139 1119 lta
1153 1056 1246 1120 ludos
1261 1077 1327 1131 eos,
1348 1077 1485 1141 quorum
1498 1056 1714 1139 religionnis

386 1153 451 1221 est,
480 1153 516 1208 ut
537 1165 578 1208 cx
599 1145 721 1208 ultimis
742 1147 834 1209 terris
855 1150 1005 1211 arcessita
1026 1151 1060 1211 in
1082 1150 1142 1214 hac
1163 1151 1242 1214 urbe
1264 1151 1459 1225 consederit,
1487 1151 1543 1233 qui
1564 1151 1622 1214 uni
1641 1147 1711 1212 ludi

385 1259 425 1303 ne
447 1241 543 1304 verbo
566 1237 696 1322 quidem
718 1241 918 1323 appellantur
940 1242 1070 1317 Latino,
1091 1254 1127 1307 nt
1144 1245 1299 1308 vocabulo
1314 1245 1385 1327 ipso
1400 1244 1585 1327 etappetita
1596 1242 1711 1325 religio

385 1341 515 1398 externa
537 1340 569 1396 et
590 1334 698 1397 Matris
720 1353 851 1416 magnae
873 1336 1002 1399 nomine
1024 1346 1171 1422 suscepta
1193 1338 1370 1401 declaretur
1385 1373 1426 1384 -
1446 1337 1614 1402 hosludos
1627 1336 1712 1401 servi

383 1428 543 1504 iecerunt,
564 1427 647 1490 servi
669 1434 911 1510 spectaverunt,
932 1436 999 1493 tota
1013 1431 1154 1514 denique
1169 1431 1231 1495 hoc
1246 1431 1351 1495 aedile
1364 1451 1526 1495 servornm
1539 1431 1712 1514 Megalesia

347 1522 520 1586 ⁴⁰fuerunt.
565 1518 985 1587 25.ur0nrimmortales1
1013 1525 1067 1607 qui
1089 1526 1188 1608 magis
1210 1526 1373 1590 nobiscum
1395 1524 1484 1608 loqui
1505 1525 1661 1606 possetis,
1683 1523 1711 1587 si

384 1617 496 1680 essetis
512 1616 781 1698 versareminique
795 1617 983 1680 nobiscum?
1005 1617 1097 1682 ludos
1111 1638 1182 1682 esse
1195 1619 1337 1704 pollutos
1351 1618 1551 1701 significastis
1565 1635 1603 1682 ac
1616 1616 1711 1701 plane

382 1709 495 1774 dicitis.
533 1707 616 1782 Quid
638 1711 736 1792 magis
759 1710 975 1792 inquinatum,
1004 1711 1232 1787 deformatum,
1262 1731 1463 1795 perversum,
1489 1710 1710 1776 conturbatum

382 1805 442 1867 dici
465 1810 568 1887 potest
590 1823 684 1886 quam
709 1824 807 1868 omne·
826 1806 988 1870 servitium
1020 1806 1175 1888 permissu
1201 1807 1401 1888 magistratus
1421 1804 1589 1868 liberaum
1609 1805 1642 1867 in
1663 1805 1710 1867 al·

381 1906 481 1962 teram
496 1915 639 1960 scaenam
654 1898 846 1972 immissum,
869 1898 960 1963 alteri
978 1900 1212 1983 praepositum,
1234 1907 1271 1962 nt
1284 1899 1364 1963 alter
1378 1917 1548 1963 consessus
1562 1897 1710 1981 potestati

343 2009 543 2056 reservorum
565 1989 763 2067 obiiceretnr,
785 1992 864 2055 alter
886 2012 1049 2056 servorum
1071 2000 1154 2056 totus
1177 1996 1282 2056 esset?
1305 1993 1340 2056 si
1354 2013 1488 2056 examen
1503 1991 1609 2074 apium
1624 1991 1708 2056 ludis

370 2079 415 2148 'in
430 2102 577 2150 scaenam
591 2104 759 2150 caveamve
770 2087 919 2160 venisset,
933 2086 1118 2172 haruspices
1132 2087 1300 2152 acciendos
1315 2107 1357 2150 ex
1370 2087 1497 2150 Etruria
1509 2093 1708 2169 putaremus:

382 2178 525 2243 videmus
554 2178 694 2242 universi
723 2187 854 2262 repente
877 2182 1026 2244 examina
1047 2189 1135 2245 unta
1155 2201 1318 2244 servorum
1339 2180 1482 2244 immissa
1500 2179 1534 2242 in
1555 2179 1708 2262 populum

380 2273 557 2337 Romanum
572 2278 715 2354 saeptum
731 2280 826 2356 atque
842 2274 1011 2350 inclusum,
1034 2282 1066 2339 ct
1080 2295 1146 2338 non
1160 2277 1414 2338 commovemur?
1435 2274 1542 2354 Atque
1555 2273 1590 2337 in
1602 2274 1708 2356 apium

379 2366 513 2432 fortasse
541 2368 686 2430 examine
715 2387 774 2430 nos
803 2387 845 2430 ex
872 2368 1079 2432 Etruscorum
1109 2369 1233 2451 scriptis
1254 2368 1455 2450 haruspices,
1484 2373 1520 2430 nt
1539 2385 1560 2429 a
1580 2367 1707 2430 servitio

342 2481 579 2535 secaveremus,
610 2469 785 2525 monerent.
828 2459 879 2524 26.
903 2461 995 2537 Quod
1024 2462 1121 2545 igitur
1148 2482 1191 2525 ex
1219 2461 1329 2545 aliquo
1353 2461 1495 2525 diiuncto
1517 2459 1707 2543 diversoque

380 2563 520 2622 monstro
549 2551 758 2637 significatum
788 2575 988 2631 caveremus,
1016 2556 1051 2620 id
1080 2576 1151 2618 cnm
1172 2556 1278 2638 ipsum
1300 2554 1361 2620 sibi
1382 2560 1558 2618 monstrum
1579 2560 1645 2628 est,
1674 2560 1708 2617 et

380 2672 451 2714 cum
472 2652 506 2714 in
527 2669 566 2713 eo
588 2649 658 2730 ipso
679 2649 856 2733 periculum
878 2657 941 2724 est,
964 2670 1007 2712 ex
1028 2669 1091 2733 quo
1113 2649 1288 2732 periculum
1310 2647 1526 2731 portenditur,
1547 2667 1613 2710 non
1636 2666 1708 2730 per-

327 2759 330 2766 '
379 2744 602 2808 timescemusl
625 2741 719 2806 Istius
741 2742 826 2806 modi
847 2743 1019 2826 Megalesia
1038 2742 1114 2806 iecit
1128 2751 1218 2826 pater
1231 2745 1326 2806 tuus?
1347 2742 1441 2806 istius
1455 2742 1542 2805 modi
1556 2744 1707 2824 patruus?

380 2838 409 2900 ls
433 2837 509 2902 mihi
530 2836 625 2900 etiarn
647 2837 772 2918 generis
794 2837 844 2900 sui
867 2837 1059 2900 mentionem
1080 2835 1265 2920 lacit,(cum
1279 2835 1468 2900 Athenionis
1488 2843 1545 2898 aut
1564 2835 1707 2919 Spartaci

225 2969 239 3032 j
340 2931 526 3014 stexemplo
548 2930 643 2994 ludos
664 2929 768 2996 facere
791 2931 938 2996 maluerit
960 2950 1056 3014 qnam
1078 2931 1112 2992 C.
1134 2937 1189 2993 ant
1209 2931 1303 3013 Appii
1319 2928 1546 3014 Claudiorum?
1567 2928 1620 2992 Illi
1634 2949 1705 2992 urm

379 3026 471 3090 ludos
499 3025 654 3100 lacerent,
686 3045 795 3090 servos
825 3025 864 3088 de
891 3044 987 3090 cavea
1014 3025 1102 3088 exire
1130 3023 1298 3087 iubebant:
1332 3031 1366 3087 tu
1388 3024 1421 3085 in
1442 3021 1574 3086 atteram
1595 3040 1705 3087 servos

377 3120 552 3194 immisisti,
574 3138 616 3182 ex
637 3118 735 3184 altera
756 3118 875 3183 liberos
897 3120 1029 3183 eiecisti.
1071 3119 1182 3201 ltaque
1204 3119 1259 3201 qui
1282 3125 1376 3180 antea
1396 3135 1474 3180 voce
1496 3117 1663 3198 praeconis
1684 3133 1704 3178 a

378 3215 486 3279 liberis
507 3213 766 3288 semovebantur,
788 3215 851 3278 tuis
874 3214 958 3276 ludis
981 3232 1047 3275 non
1061 3231 1155 3286 voce,
1177 3212 1235 3276 sed
1259 3231 1355 3274 mnu
1375 3210 1493 3274 liberos
1515 3230 1585 3274 use
1598 3227 1704 3292 segra-

379 3310 505 3392 gabant.
548 3307 633 3369 Xlll.
656 3309 701 3370 Ne
722 3307 784 3370 hoc
807 3306 936 3391 quidem
958 3307 1017 3369 tihi
1038 3307 1072 3369 in
1094 3313 1232 3369 mentem
1247 3305 1408 3379 veniebat,
1431 3303 1587 3388 Sibyllino
1601 3322 1704 3368 sacer-

340 3403 462 3477 sodoti,
483 3404 563 3467 haec
585 3419 674 3464 sacra
695 3403 830 3465 maiores
852 3409 977 3464 nostros
1000 3419 1041 3462 cx
1062 3400 1175 3462 vestris
1196 3399 1286 3462 libris
1307 3398 1491 3481 expetisset
1512 3398 1540 3460 si
1562 3398 1610 3462 illi
1631 3404 1705 3461 sunt

379 3499 490 3574 vestri,
512 3513 591 3581 quos
613 3502 649 3557 tu
670 3496 766 3580 impia
788 3503 893 3559 mente
916 3493 1088 3577 conquiris,
1110 3494 1233 3556 violatis
1248 3493 1348 3556 oculis
1369 3492 1459 3575 legis,
1482 3492 1703 3556 contaminatis

378 3593 521 3656 manibus
542 3595 700 3654 attrectas.
744 3586 795 3653 27.
816 3589 883 3654 Hac
905 3589 1001 3670 igitur
1015 3596 1087 3652 vate
1105 3587 1258 3651 suadente
1272 3585 1452 3670 quondam,
1473 3583 1599 3648 defessa
1613 3583 1703 3648 Italia

271 3763 275 3771 ⁸
377 3684 492 3750 Punico
512 3685 598 3749 hello
619 3690 714 3767 atque
736 3684 776 3746 ab
789 3683 966 3748 Hannibale
987 3689 1112 3756 vexata,
1135 3701 1223 3746 sacra
1243 3681 1304 3743 ista
1318 3679 1418 3742 nostri
1433 3677 1569 3742 maiores
1583 3677 1703 3742 adscita

377 3797 418 3840 ex
446 3777 584 3862 Phrygia
613 3777 730 3841 Romae
758 3778 970 3841 collocarunt:
1006 3795 1088 3860 quac
1117 3775 1166 3838 vir
1194 3777 1222 3838 is
1244 3774 1382 3858 accepit,
1416 3773 1472 3856 qui
1493 3780 1543 3836 est
1563 3771 1702 3855 optimus

339 3870 486 3954 eppepoli
514 3872 648 3936 Romani
677 3871 851 3948 indicatus,
881 3872 915 3935 P.
938 3870 1061 3953 Scipio,
1091 3869 1208 3935 femina
1229 3877 1352 3943 antem,
1382 3885 1465 3952 qnae
1486 3872 1701 3933 mansuetum

439 4235 1123 4300 teoramunmzeoucsssuummcstaesnc-
1148 4229 1701 4294 s.P.om.r-cos.r-s.pcttsaeu

373 4309 503 4361 Faernus:
519 4311 641 4374 pausent
657 4311 707 4361 CO
726 4337 752 4346 -
776 4311 801 4362 t.
820 4310 1035 4374 adsumantur?
1054 4337 1083 4346 -
1100 4309 1248 4360 murce
1268 4335 1295 4345 -
1316 4308 1342 4357 6.
1360 4307 1404 4367 qut
1419 4305 1586 4356 tudinem
1601 4305 1700 4369 qaam

370 4384 1008 4448 ouooM-7.udnetitaP—40.Prodsu:
1031 4385 1163 4444 Putem
1186 4380 1700 4442 enumerasse-sume

371 4459 537 4522 mensesque
552 4463 601 4512 PG
618 4485 647 4498 -
664 4461 821 4526 sipstflccsts's
838 4461 870 4512 C:
889 4461 1036 4526 specificata
1051 4460 1114 4510 0-
1132 4460 1173 4511 ⁴2.
1191 4459 1351 4522 inquinem
1365 4457 1533 4517 Murrum
1547 4455 1641 4507 Pella
1657 4455 1700 4506 dc

369 4533 519 4596 smmum,
536 4534 695 4598 inquinatum
710 4537 766 4587 ΜΟ
785 4564 812 4572 -
832 4536 872 4586 43.
891 4536 1077 4587 stamme:
1096 4535 1336 4592 tilectessPOElh
1354 4533 1469 4584 muer
1483 4533 1555 4585 Ρ·-
1573 4530 1616 4586 tt.
1632 4543 1700 4583 scae·

369 4609 869 4672 acme:scmem0;itemv.tc.-
890 4607 1696 4671 tt.obtcsrsturG;obictmuu·P-oplssac:cm0-

370 4683 410 4731 tc.
428 4695 544 4734 secanae
560 4697 693 4737 ceommue
708 4687 811 4737 cenum
828 4687 1033 4737 Mommsenius:
1051 4699 1157 4736 cussum
1172 4697 1277 4736 mun
1291 4683 1396 4734 aarum
1407 4686 1450 4744 1³¹3
1468 4684 1699 4736 mum

368 4757 518 4810 P²GEll0
536 4783 564 4796 -
583 4763 710 4824 enuplcsr
726 4763 746 4810 o
765 4788 793 4797 -
812 4761 852 4811 ts.
870 4762 958 4824 spiren
973 4761 1112 4813 Pacem:
1133 4761 1297 4823 musaeu
1315 4771 1393 4820 αριηη
1409 4760 1472 4809 0-
1488 4758 1532 4808 49.
1549 4758 1699 4823 eechout

367 4833 1694 4899 umenecessitatis-anapesto-2⁰.uttusccoe:ustsecsou;utstssetceo-

367 4906 580 4970 amputandum
596 4912 646 4962 GE
665 4937 693 4950 -
714 4909 756 4960 23.
773 4911 929 4962 lulrumodt
944 4909 1314 4974 capesserecapescere
1329 4910 1458 4960 cmo-
1475 4909 1697 4973 &mundns-

366 4985 1693 5051 musuprsversumm-ssmuuscnanaaunssssoe-wupscuuparmu-

365 5058 406 5108 25.
426 5058 1693 5123 cromaco-apsters-se.sume¹-rs.sosusur-eo.tusuv¹e-

365 5132 1181 5190 32.curscsosr¹-ae.eoom.c-mscvmasosscz
1204 5129 1445 5189 mancuso
1469 5161 1497 5176 -·
1519 5136 1691 5190 muam-

365 5206 533 5275 dl.plmrplu
549 5209 871 5274 eE-ccrtocauscr;
894 5210 1125 5267 mllocmtd.
