4009 6159
693 576 984 644 uem-un
1011 572 1228 661 ssia-er.
1537 571 1619 639 :ros

301 771 364 836 qua
384 750 532 814 maritum
553 747 760 825 arbitrantur,
781 749 972 813 existimant.
1015 745 1067 811 20.
1088 747 1240 813 Memoria
1259 751 1368 811 teuent
1386 764 1436 809 ma
1449 751 1522 811 anta
1536 746 1619 811 diem

299 868 361 911 xur
390 844 550 910 Kalendas
575 843 736 908 Ianuarias
760 844 937 927 principem
966 842 1162 909 revocandae
1188 842 1340 907 libertatis
1364 840 1478 917 fuisse:
1507 861 1557 905 me
1579 860 1620 905 ex

300 939 453 1005 Kalendis
473 939 629 1004 Ianuariis
650 937 690 1002 ad
711 938 794 1002 hauc
814 938 925 1001 horam
941 938 1122 1021 invigilasse
1136 940 1182 1003 rei
1196 938 1357 1023 puhlicaa;
1379 956 1479 1001 meam
1494 936 1620 1002 domum

301 1055 452 1119 measque
479 1054 572 1099 aures
595 1032 663 1097 dies
693 1039 866 1118 noctesque
887 1033 1029 1096 omnium
1054 1033 1230 1117 praeceptis
1251 1032 1443 1115 monitisque
1464 1032 1620 1114 patuisse:

300 1131 382 1194 meis
402 1129 527 1203 littaris,
549 1131 630 1191 meis
651 1127 786 1203 nuntiis,
813 1128 892 1191 meis
913 1127 1181 1191 cohortationibus
1204 1146 1327 1201 omues,
1355 1127 1410 1209 qui
1432 1127 1549 1211 ubique
1572 1144 1644 1191 ιιι

301 1228 387 1297 sent,
408 1223 449 1285 ad
469 1222 591 1307 patriae
612 1220 805 1305 praesidium
827 1221 998 1297 excitatos:
1020 1222 1099 1284 meis
1121 1221 1287 1286 sententiis
1307 1219 1489 1285 allalendis
1510 1223 1622 1285 lanua-

301 1316 357 1380 riis
378 1336 550 1400 numquam
572 1315 694 1400 legatos
716 1314 755 1379 ad
777 1316 964 1391 Antonium:
995 1335 1119 1400 semper
1139 1316 1229 1380 illum
1249 1315 1390 1390 hostem,
1418 1334 1543 1397 semper
1561 1314 1621 1380 hoc

301 1409 434 1485 hellam,
465 1418 501 1473 ut
529 1430 607 1493 eqo,
635 1411 690 1493 qui
720 1410 806 1472 omui
835 1416 975 1493 tempore
1004 1429 1099 1473 verae
1124 1410 1211 1493 pacis
1237 1416 1347 1473 auctor
1371 1408 1515 1484 fuissem,
1546 1408 1622 1473 huic

301 1525 403 1569 essem
431 1505 551 1570 nomini
580 1503 749 1588 pestiferae
779 1504 866 1587 pacis
888 1503 1046 1567 inimicus.
1090 1498 1141 1567 al.
1162 1504 1249 1567 Idem
1272 1506 1306 1567 P.
1328 1503 1523 1579 Ventidium,
1551 1522 1623 1566 cum

301 1598 357 1663 alii
377 1598 402 1679 ’ς
422 1604 461 1661 tr.
482 1598 525 1683 pl.
547 1598 753 1673 uolusanum,
784 1616 842 1679 eqo
871 1616 996 1681 semper
1023 1597 1159 1661 hostem.
1194 1599 1260 1663 llas
1284 1600 1317 1663 in
1344 1599 1515 1663 sententias
1537 1617 1661 1665 measse

302 1694 330 1756 si
352 1692 499 1756 consules
520 1692 745 1755 discessionem
766 1689 870 1755 lacere
891 1690 1083 1767 voluissent,
1114 1692 1260 1757 omnihus
1286 1694 1354 1757 istis
1374 1691 1547 1756 latronibus
1569 1712 1624 1756 au·

301 1787 446 1850 ctoritate
467 1788 536 1870 ipsa
557 1795 685 1851 senatus
707 1787 770 1849 iam
788 1785 911 1869 pridem
925 1786 965 1849 de
979 1787 1124 1851 manibus
1138 1806 1225 1850 arma
1239 1787 1432 1851 cecidissent.
1453 1788 1535 1851 Vlll.
1550 1786 1623 1863 Sed,

302 1878 388 1963 quod
409 1888 475 1944 tum
496 1900 561 1944 non
582 1880 689 1955 licuit,
711 1886 817 1964 patras
839 1880 1026 1963 conscripti,
1049 1879 1081 1942 id
1103 1880 1164 1945 hoo
1185 1888 1326 1964 tempora
1346 1900 1410 1945 non
1426 1882 1526 1945 solum
1540 1881 1623 1957 licat,

303 1993 413 2036 rarum
437 1974 530 2038 etiam
552 1995 682 2038 necesse
704 1983 766 2050 ast,
789 1993 861 2047 eos,
882 1974 939 2057 qui
958 1994 993 2037 ra
1008 1982 1082 2039 suut
1094 1975 1220 2051 hostes,
1241 1975 1346 2039 verbis
1359 1976 1476 2051 notari,
1499 1984 1626 2041 senten-

302 2068 354 2131 tiis
376 2070 494 2133 uostris
516 2068 624 2133 hostes
645 2068 789 2131 iudicari.
832 2064 884 2129 22.
905 2069 1007 2131 Antea
1035 2089 1104 2132 cum
1125 2068 1250 2133 hostem
1271 2088 1308 2132 ac
1328 2069 1445 2133 bellum
1466 2071 1663 2136 nominas-rs

304 2181 389 2234 sem,
412 2161 511 2225 semel
533 2171 565 2225 et
586 2163 712 2246 saepius
735 2165 921 2226 sententiam
944 2182 1046 2225 meam
1069 2162 1109 2225 de
1130 2182 1261 2226 numero
1281 2162 1506 2228 sententiarum
1521 2170 1626 2229 sustu-

303 2253 427 2319 lerunt:
450 2255 536 2337 quod
558 2256 590 2318 in
611 2255 671 2319 bac
692 2276 788 2321 causa
809 2258 872 2319 iam
893 2252 961 2319 ficri
982 2276 1047 2319 nou
1061 2264 1178 2339 potest.
1208 2258 1258 2320 Ex
1270 2258 1385 2321 litteris
1399 2258 1483 2321 euim
1498 2258 1531 2321 C.
1546 2260 1626 2323 Pan·

305 2368 360 2412 sac
381 2350 419 2412 A.
441 2350 536 2413 Hirtii
557 2349 739 2441 consulum,
762 2350 795 2413 G.
811 2350 955 2414 Caesaris
975 2370 1034 2432 pro
1055 2358 1215 2443 prqetore,
1238 2351 1278 2414 de
1293 2351 1414 2415 honore
1429 2351 1477 2416 dis
1498 2352 1627 2416 immor·
1730 2332 1758 2423 l

303 2442 422 2507 talibus
442 2442 589 2507 hahendo
611 2446 781 2509 sententias
804 2444 949 2507 dicimus.
992 2444 1261 2529 supplicationem
1282 2444 1376 2509 modo
1398 2447 1453 2530 qui
1474 2445 1627 2523 demerit,

306 2536 393 2601 idem
414 2536 600 2622 imprudens
620 2537 728 2602 hostes
750 2538 918 2602 iudicavit:
945 2558 1117 2623 numquam
1139 2540 1222 2603 enim
1244 2540 1277 2602 in
1299 2540 1383 2604 cirili
1404 2540 1488 2604 bello
1510 2541 1665 2624 suppli-to

304 2632 384 2695 catio
413 2632 538 2696 decreta
566 2639 624 2696 ost
669 2634 832 2697 Decretam
855 2634 949 2697 dico‘l
976 2652 1017 2696 no
1039 2632 1164 2697 victoris
1186 2632 1315 2717 quidam
1337 2634 1450 2698 litteris
1470 2635 1627 2718 postulata

307 2734 365 2788 est.
408 2722 460 2789 23.
485 2726 584 2791 Civile
614 2727 730 2791 bellum
760 2728 870 2792 consul
893 2726 981 2791 Sulla
1002 2728 1116 2810 gessit:
1146 2727 1323 2811 legionibus
1344 2729 1376 2791 in
1397 2729 1507 2793 urbem
1527 2729 1628 2793 addu-

308 2821 367 2883 ctis
389 2840 470 2903 quos
491 2820 593 2883 uoluit
613 2822 752 2905 expulit,
775 2843 855 2905 quos
877 2823 981 2905 potnit
995 2821 1129 2885 occidit:
1151 2822 1385 2907 supplicationis
1399 2824 1516 2887 mentio
1529 2823 1627 2886 nulla.

307 2911 408 2976 Grave
430 2914 549 2978 bellum
564 2915 770 2980 Octavianum
791 2918 967 2981 insecutum
986 2923 1050 2980 est:
1072 2916 1258 3001 supplicatio
1274 2917 1393 2981 Cinnae
1407 2918 1494 2982 nulla
1507 2917 1628 2983 uictori.

308 3006 427 3071 Cinnae
447 3009 609 3073 victoriam
631 3013 801 3094 imperator
821 3011 907 3075 ultus
929 3018 978 3073 est
999 3010 1104 3073 Sulla:
1133 3010 1221 3074 nulla
1248 3010 1435 3095 supplicatio
1462 3009 1588 3075 decreta
1609 3026 1665 3076 aaa
1731 2994 1754 3081 ἴ

305 3110 426 3166 senatu.
458 3103 507 3166 ild
528 3111 561 3166 te
581 3094 702 3189 ipsum,
720 3107 754 3168 P.
777 3105 906 3179 Servili,
928 3126 1004 3167 uurn
1026 3104 1113 3167 misit
1133 3104 1214 3167 ullas
1230 3105 1351 3187 collega
1370 3105 1491 3169 litteras
1513 3104 1553 3168 de
1573 3105 1629 3169 illa

304 3195 575 3261 calamitosissima
597 3218 703 3282 pugna
724 3198 907 3262 Pharsalia?
929 3218 1003 3261 uum
1026 3205 1058 3261 to
1081 3197 1120 3261 de
1135 3198 1362 3281 supplicatione
1375 3198 1627 3265 voluitreserrct

306 3288 451 3353 Profecto
466 3292 578 3356 noluit.
614 3295 656 3356 At
675 3294 761 3357 misit
780 3301 891 3377 postca
912 3291 952 3356 de
967 3290 1176 3367 Alexandria,
1199 3291 1239 3355 de
1252 3292 1428 3356 Phameae:
1449 3293 1627 3359 Pharsaliae

304 3403 380 3447 sero
408 3406 534 3469 pugnae
566 3408 607 3451 ne
635 3386 828 3472 triumphum
857 3387 988 3472 quidem
1016 3388 1089 3470 egit.
1131 3387 1195 3450 Eos
1220 3386 1304 3450 euim
1327 3387 1413 3451 cives
1437 3408 1545 3472 pugna
1572 3389 1629 3453 illa

305 3478 493 3555 sustulerat,
521 3480 637 3566 quihus
663 3502 728 3546 non
757 3483 853 3546 modo
882 3481 977 3557 viris,
1006 3482 1063 3545 sed
1089 3481 1183 3545 etiam
1205 3481 1374 3545 victoribus
1401 3482 1568 3547 incolumis
1598 3492 1665 3549 etto

305 3572 423 3637 florens
444 3574 554 3640 civitas
575 3596 646 3640 esse
666 3583 785 3660 posset.
816 3573 879 3642 bl.
900 3576 994 3652 Quod
1015 3574 1101 3639 idam
1116 3575 1291 3658 contigerat
1305 3575 1519 3659 superioribus
1536 3576 1629 3641 hellis

370 3852 395 3903 2.
412 3852 478 3904 Xlll.
496 3852 647 3905 Ferrarius:
668 3854 745 3905 xiiii.
763 3855 834 3915 mci:
857 3854 891 3905 ct.
910 3855 997 3905 Garat.
1017 3851 1095 3904 adh.
1113 3850 1130 3904 l.
1151 3879 1178 3891 -
1200 3853 1454 3917 paaupau--Kut
1472 3856 1528 3908 lea.
1547 3871 1599 3911 om.
1618 3860 1630 3908 t

306 3927 599 3992 -autpoaaoi-
625 3928 1002 3991 suessoniensem
1029 3928 1317 3981 steortesblvo-
1342 3931 1545 3995 munimentisque
1563 3946 1581 3983 v
1598 3960 1626 3971 -

305 4002 330 4051 b.
348 4003 525 4064 meisqesecoh.
543 4003 553 4051 i
571 4028 599 4039 —
619 4005 732 4055 adesm
747 4018 765 4054 v
783 4032 811 4041 -
830 4005 854 4054 ti.
872 4004 907 4055 od
922 4004 979 4055 liet.
996 4004 1052 4053 loc.
1072 4005 1081 4054 i
1099 4030 1126 4039 -
1145 4004 1169 4053 l.
1188 4006 1222 4054 ud
1238 4016 1292 4055 om.
1310 4000 1339 4055 h¹
1358 4030 1385 4040 -
1404 4004 1466 4057 Η,
1480 4008 1627 4061 Ferrarius:

308 4090 341 4126 .r.
360 4078 382 4137 t,
401 4080 430 4128 a.
447 4091 477 4139 v:
501 4092 555 4130 om.
573 4078 664 4130 ahio
681 4080 751 4143 (den
769 4084 913 4141 praetorem
930 4080 958 4129 V.
976 4079 1044 4130 coni.
1064 4076 1142 4129 Orelli
1158 4079 1184 4129 in
1202 4078 1244 4129 ad.
1263 4080 1313 4144 pr.)
1332 4104 1360 4116 -
1382 4092 1440 4130 caeo
1459 4082 1517 4132 uitis
1534 4088 1576 4135 or.
1592 4085 1628 4148 pi.

305 4147 434 4203 mammo.
451 4167 496 4218 eqo
513 4157 539 4215 t:
555 4168 613 4205 aaa
628 4156 675 4205 eiii
687 4169 715 4218 p.
727 4168 751 4203 r.
765 4159 784 4205 t.
797 4168 821 4204 r.
839 4156 884 4217 (p.
902 4159 921 4205 t.
932 4168 994 4217 ep.
1008 4156 1031 4217 a)
1048 4152 1194 4205 colosseum
1210 4166 1254 4217 epo
1271 4152 1328 4210 ab:
1346 4167 1403 4205 aaa
1418 4154 1464 4205 otii
1479 4160 1512 4205 tr.
1528 4157 1564 4220 pi.
1581 4172 1630 4209 uo-

306 4228 406 4279 luissent
421 4243 483 4279 aum
498 4242 543 4293 epo
558 4232 607 4289 iv:
624 4244 682 4281 cum
698 4230 744 4279 ulii
759 4229 886 4279 masaa
899 4230 936 4291 pt.
953 4229 1120 4291 vocavissent,
1138 4242 1188 4279 eoo
1204 4242 1248 4293 epo
1265 4230 1396 4291 Fatmus;
1418 4244 1475 4281 eum
1490 4232 1536 4282 alii
1549 4246 1636 4296 prae.

307 4308 397 4363 torem
418 4318 469 4354 noa
490 4318 535 4368 eqo
555 4305 678 4355 Garatoni
694 4302 753 4357 coll.
772 4318 812 4356 or.
829 4304 886 4361 llll,
900 4303 920 4371 3
933 4304 984 4372 tl,
1006 4318 1063 4353 caan
1079 4304 1125 4353 aiii
1143 4308 1297 4366 praetoreve,
1319 4304 1628 4371 cremoniensium,

307 4391 353 4443 epo
368 4376 446 4429 Orelli
463 4378 504 4440 (3),
523 4380 564 4429 cut
582 4380 749 4431 coniecturas
766 4380 819 4431 iam
837 4377 983 4429 verborum
999 4378 1065 4429 ordo
1081 4379 1201 4443 ratioque
1218 4380 1350 4431 rhetorica
1366 4380 1520 4445 refragatur.
1541 4410 1566 4422 -
1588 4385 1628 4435 ⁴0.

305 4456 372 4504 teter
387 4466 403 4504 a
421 4480 449 4489 -
472 4454 512 4503 lt.
529 4455 552 4503 si
567 4456 676 4505 coemo:
691 4455 835 4507 Manutius:
859 4455 881 4504 si
898 4468 950 4519 qq.
968 4458 991 4513 t:
1016 4468 1069 4506 om.
1088 4469 1116 4516 a:
1134 4456 1156 4506 rt
1172 4468 1221 4507 cos.
1240 4454 1325 4521 (cose.)
1341 4456 1434 4521 derium
1451 4457 1628 4527 (dedpuutilh

306 4530 342 4579 ir
358 4529 386 4577 at
401 4526 479 4578 codd.
498 4525 626 4593 plerique.
647 4558 674 4567 -
699 4533 740 4583 tt.
757 4533 787 4581 de
803 4530 917 4581 muudus
933 4543 1010 4579 amsa
1026 4530 1055 4580 de
1070 4528 1185 4581 manum
1201 4533 1212 4582 t
1230 4556 1257 4567 -
1281 4531 1321 4581 43.
1339 4545 1390 4583 eon
1406 4534 1467 4583 ante
1484 4534 1524 4585 lic.
1542 4548 1596 4587 om.
1613 4549 1631 4586 v

309 4602 482 4665 -td]int;
509 4604 626 4653 uda-
654 4603 1109 4656 il.aosessuutv-uorost-
1138 4606 1272 4657 louet:
1298 4604 1491 4659 outrell.mei
1514 4612 1628 4662 cto-

308 4679 348 4729 tl.
365 4679 421 4741 fleri
436 4676 490 4726 ium
506 4677 575 4728 abr
594 4705 620 4717 -
641 4680 681 4730 t8.
699 4680 793 4731 hirtih
813 4708 841 4717 -
857 4693 961 4744 propr.
980 4680 1006 4740 ῖς
1028 4684 1131 4742 propter
1143 4678 1199 4743 (per
1210 4680 1307 4744 comp.)
1320 4686 1402 4732 retore
1417 4684 1440 4743 t;
1456 4689 1574 4746 predere
1590 4696 1631 4734 av

309 4750 468 4802 -disbvt
487 4752 570 4805 otoo
589 4755 776 4805 -ium.a-
796 4756 835 4806 ta.
855 4754 1631 4823 mammutiuutcsmmvo-eopptoactoma3asp-

304 4829 450 4892 plicatione:
470 4828 489 4878 h
508 4856 536 4865 -
557 4829 599 4880 ιθ.
618 4831 684 4893 iupr.
703 4844 719 4881 a
739 4856 767 4867 -
789 4831 831 4882 tl.
849 4832 948 4881 musto
969 4830 1061 4881 maluit
1081 4830 1209 4891 Faernus,
1227 4831 1258 4880 ut
1274 4832 1314 4881 est
1335 4832 1362 4882 iu
1379 4832 1394 4881 2
1411 4832 1527 4895 Oxonn.;
1552 4837 1579 4885 at
1595 4834 1629 4885 ol.

306 4918 335 4969 p.
354 4905 427 4966 laea,
445 4905 487 4954 ²0.
506 4930 534 4939 -
560 4905 659 4965 quidem
679 4918 731 4957 om.
750 4918 765 4955 a
784 4930 812 4943 -
839 4906 871 4955 ht
890 4906 971 4956 etse.
989 4906 1054 4968 aptio
1074 4905 1127 4955 mai
1151 4930 1179 4942 -
1204 4904 1245 4955 23.
1263 4904 1332 4955 uultu
1350 4907 1461 4957 ohtam.
1478 4920 1558 4972 musae
1574 4908 1582 4957 i
1600 4932 1628 4945 -·

307 4977 349 5030 al.
362 4978 488 5038 Osismii,
507 4982 570 5029 atu.
584 4979 684 5030 denat.
697 4980 771 5030 deor.
785 4982 816 5043 ΙΙ,
831 4980 845 5045 5
858 4979 930 5032 :t.-
948 4982 1177 5031 imecutusaiv-
1195 4992 1291 5042 :queue
1308 4983 1344 5031 tv
1357 5008 1385 5019 -
1402 4982 1493 5032 metum
1510 4984 1535 5032 t:
1554 4983 1631 5033 sicto

307 5055 345 5103 ets
360 5052 416 5104 rell.
435 5053 489 5103 mci
506 5055 578 5115 eto:
597 5053 632 5104 ci.
645 5054 728 5119 55⁴⁴·
742 5054 775 5106 tl
791 5059 819 5106 et
834 5067 916 5119 saepe
932 5054 1006 5108 alias.
1020 5082 1048 5092 -
1067 5055 1108 5107 26.
1126 5054 1215 5105 Sentii
1231 5068 1292 5105 esea
1309 5054 1367 5106 ab:
1385 5058 1514 5108 matiam
1530 5056 1582 5106 ltu
1601 5082 1628 5093 -

307 5128 534 5181 dissimilem
553 5156 580 5166 —
598 5128 729 5179 thsetio
744 5142 805 5181 nos:
822 5130 934 5193 porsoiie
950 5129 1051 5189 ahts:
1068 5130 1234 5192 pharsalici:
1252 5130 1442 5191 mosaeam
1460 5130 1628 5193 v.ador.ll,

310 5204 384 5268 3³9.
405 5232 433 5241 -
453 5204 548 5268 :esem
568 5204 636 5269 serre
656 5217 698 5254 av
721 5231 748 5244 -
774 5204 996 5268 :apameo
1021 5231 1049 5241 —
1075 5206 1221 5255 mesatica
1242 5206 1337 5257 abit:
1362 5206 1582 5258 Phursutieoevo
1600 5230 1627 5243 -

310 5279 1042 5332 30.uictoeibussedetiomaiuisl-etiucoleeatai0
1061 5280 1342 5348 -3t.idem]idat.
