<?xml version="1.0" encoding="UTF-8"?>
<!DOCTYPE html PUBLIC "-//W3C//DTD XHTML 1.0 Transitional//EN"
    "http://www.w3.org/TR/xhtml1/DTD/xhtml1-transitional.dtd">
<html xmlns="http://www.w3.org/1999/xhtml" xml:lang="en" lang="en">
 <head>
  <title>
</title>
<meta http-equiv="Content-Type" content="text/html;charset=utf-8" />
  <meta name='ocr-system' content='tesseract 3.04.00' />
  <meta name='ocr-capabilities' content='ocr_page ocr_carea ocr_par ocr_line ocrx_word'/>
</head>
<body>
  <div class='ocr_page' id='page_1' title='image "./mtulliiciceroni01baitgoog_0330.png"; bbox 0 0 4009 6159; ppageno 0'>
   <div class='ocr_carea' id='block_1_1' title="bbox 712 554 1630 650">
    <p class='ocr_par' dir='ltr' id='par_1_1' title="bbox 712 554 1630 650">
     <span class='ocr_line' id='line_1_1' title="bbox 712 554 1630 650; baseline -0.011 -20"><span class='ocrx_word' id='word_1_1' title='bbox 712 565 785 630; x_wconf 70' lang='lat' dir='ltr'><strong>on.</strong></span> <span class='ocrx_word' id='word_1_2' title='bbox 807 565 987 636; x_wconf 86' lang='lat' dir='ltr'><strong>rur-rx.</strong></span> <span class='ocrx_word' id='word_1_3' title='bbox 1015 563 1061 650; x_wconf 72' lang='lat' dir='ltr'><strong>sp</strong></span> <span class='ocrx_word' id='word_1_4' title='bbox 1084 560 1230 630; x_wconf 79' lang='lat' dir='ltr'><strong>tr-rr.</strong></span> <span class='ocrx_word' id='word_1_5' title='bbox 1547 554 1630 624; x_wconf 83' lang='lat' dir='ltr'><strong>rora</strong></span> 
     </span>
    </p>
   </div>
   <div class='ocr_carea' id='block_1_2' title="bbox 306 729 1821 3455">
    <p class='ocr_par' dir='ltr' id='par_1_2' title="bbox 307 729 1631 820">
     <span class='ocr_line' id='line_1_2' title="bbox 307 729 1631 820; baseline -0.005 -18"><span class='ocrx_word' id='word_1_6' title='bbox 307 739 364 802; x_wconf 89' lang='lat' dir='ltr'><strong>sed</strong></span> <span class='ocrx_word' id='word_1_7' title='bbox 386 737 537 802; x_wconf 86' lang='lat' dir='ltr'><strong>advocato</strong></span> <span class='ocrx_word' id='word_1_8' title='bbox 567 745 621 801; x_wconf 89' lang='lat' dir='ltr'><strong>aut</strong></span> <span class='ocrx_word' id='word_1_9' title='bbox 642 736 866 819; x_wconf 72' lang='lat' dir='ltr'><strong>adstipulatore</strong></span> <span class='ocrx_word' id='word_1_10' title='bbox 888 737 1077 820; x_wconf 75' lang='lat' dir='ltr'>paratiorem</span> <span class='ocrx_word' id='word_1_11' title='bbox 1099 736 1168 799; x_wconf 90' lang='lat' dir='ltr'><strong>lore</strong></span> <span class='ocrx_word' id='word_1_12' title='bbox 1190 742 1323 818; x_wconf 89' lang='lat' dir='ltr'><strong>putaret.</strong></span> <span class='ocrx_word' id='word_1_13' title='bbox 1378 729 1428 796; x_wconf 79' lang='lat' dir='ltr'><strong>te.</strong></span> <span class='ocrx_word' id='word_1_14' title='bbox 1449 734 1517 817; x_wconf 85' lang='lat' dir='ltr'><strong>Ego</strong></span> <span class='ocrx_word' id='word_1_15' title='bbox 1539 735 1631 798; x_wconf 87' lang='lat' dir='ltr'><strong>istius</strong></span> 
     </span>
    </p>

    <p class='ocr_par' dir='ltr' id='par_1_3' title="bbox 307 828 1629 916">
     <span class='ocr_line' id='line_1_3' title="bbox 307 828 1629 916; baseline -0.007 -19"><span class='ocrx_word' id='word_1_16' title='bbox 307 833 437 916; x_wconf 89' lang='lat' dir='ltr'><strong>pecudis</strong></span> <span class='ocrx_word' id='word_1_17' title='bbox 458 852 495 895; x_wconf 92' lang='lat' dir='ltr'><strong>ac</strong></span> <span class='ocrx_word' id='word_1_18' title='bbox 515 832 644 916; x_wconf 80' lang='lat' dir='ltr'>putidae</span> <span class='ocrx_word' id='word_1_19' title='bbox 666 833 768 894; x_wconf 87' lang='lat' dir='ltr'><strong>carnis</strong></span> <span class='ocrx_word' id='word_1_20' title='bbox 791 831 923 894; x_wconf 93' lang='lat' dir='ltr'><strong>consilio</strong></span> <span class='ocrx_word' id='word_1_21' title='bbox 952 831 1073 893; x_wconf 90' lang='lat' dir='ltr'><strong>scilicet</strong></span> <span class='ocrx_word' id='word_1_22' title='bbox 1100 838 1156 892; x_wconf 90' lang='lat' dir='ltr'><strong>aut</strong></span> <span class='ocrx_word' id='word_1_23' title='bbox 1183 828 1342 912; x_wconf 87' lang='lat' dir='ltr'><strong>praesidio</strong></span> <span class='ocrx_word' id='word_1_24' title='bbox 1371 829 1516 892; x_wconf 84' lang='lat' dir='ltr'><strong>volebam</strong></span> <span class='ocrx_word' id='word_1_25' title='bbox 1547 829 1629 890; x_wconf 87' lang='lat' dir='ltr'><strong>niti‘t</strong></span> 
     </span>
    </p>

    <p class='ocr_par' dir='ltr' id='par_1_4' title="bbox 306 924 1631 1010">
     <span class='ocr_line' id='line_1_4' title="bbox 306 924 1631 1010; baseline -0.003 -20"><span class='ocrx_word' id='word_1_26' title='bbox 306 928 346 990; x_wconf 91' lang='lat' dir='ltr'><strong>ab</strong></span> <span class='ocrx_word' id='word_1_27' title='bbox 367 928 429 990; x_wconf 90' lang='lat' dir='ltr'><strong>boc</strong></span> <span class='ocrx_word' id='word_1_28' title='bbox 450 929 552 990; x_wconf 91' lang='lat' dir='ltr'><strong>eiecto</strong></span> <span class='ocrx_word' id='word_1_29' title='bbox 573 925 725 988; x_wconf 85' lang='lat' dir='ltr'><strong>cadavere</strong></span> <span class='ocrx_word' id='word_1_30' title='bbox 747 926 922 1010; x_wconf 79' lang='lat' dir='ltr'><strong>quidquam</strong></span> <span class='ocrx_word' id='word_1_31' title='bbox 946 925 1023 987; x_wconf 89' lang='lat' dir='ltr'><strong>mibi</strong></span> <span class='ocrx_word' id='word_1_32' title='bbox 1050 932 1106 986; x_wconf 93' lang='lat' dir='ltr'><strong>aut</strong></span> <span class='ocrx_word' id='word_1_33' title='bbox 1126 924 1198 1006; x_wconf 90' lang='lat' dir='ltr'><strong>opis</strong></span> <span class='ocrx_word' id='word_1_34' title='bbox 1225 932 1280 986; x_wconf 89' lang='lat' dir='ltr'><strong>aut</strong></span> <span class='ocrx_word' id='word_1_35' title='bbox 1300 924 1477 986; x_wconf 85' lang='lat' dir='ltr'><strong>ornamenti</strong></span> <span class='ocrx_word' id='word_1_36' title='bbox 1499 931 1631 1006; x_wconf 84' lang='lat' dir='ltr'><strong>expete-</strong></span> 
     </span>
    </p>

    <p class='ocr_par' dir='ltr' id='par_1_5' title="bbox 306 1016 1629 1102">
     <span class='ocr_line' id='line_1_5' title="bbox 306 1016 1629 1102; baseline -0.005 -18"><span class='ocrx_word' id='word_1_37' title='bbox 306 1023 399 1084; x_wconf 76' lang='lat' dir='ltr'><strong>bam?</strong></span> <span class='ocrx_word' id='word_1_38' title='bbox 432 1020 601 1084; x_wconf 88' lang='lat' dir='ltr'><strong>Consulem</strong></span> <span class='ocrx_word' id='word_1_39' title='bbox 630 1037 689 1101; x_wconf 88' lang='lat' dir='ltr'><strong>ego</strong></span> <span class='ocrx_word' id='word_1_40' title='bbox 718 1029 783 1082; x_wconf 89' lang='lat' dir='ltr'><strong>tum</strong></span> <span class='ocrx_word' id='word_1_41' title='bbox 807 1020 1014 1102; x_wconf 88' lang='lat' dir='ltr'><strong>quaerebam,</strong></span> <span class='ocrx_word' id='word_1_42' title='bbox 1047 1019 1228 1091; x_wconf 89' lang='lat' dir='ltr'><strong>consulem,</strong></span> <span class='ocrx_word' id='word_1_43' title='bbox 1264 1020 1411 1101; x_wconf 91' lang='lat' dir='ltr'><strong>inquam,</strong></span> <span class='ocrx_word' id='word_1_44' title='bbox 1443 1036 1509 1080; x_wconf 92' lang='lat' dir='ltr'><strong>non</strong></span> <span class='ocrx_word' id='word_1_45' title='bbox 1538 1016 1629 1078; x_wconf 90' lang='lat' dir='ltr'><strong>illurn</strong></span> 
     </span>
    </p>

    <p class='ocr_par' dir='ltr' id='par_1_6' title="bbox 306 1110 1777 1460">
     <span class='ocr_line' id='line_1_6' title="bbox 309 1110 1654 1198; baseline -0.004 -22"><span class='ocrx_word' id='word_1_46' title='bbox 309 1115 455 1198; x_wconf 91' lang='lat' dir='ltr'><strong>quidem,</strong></span> <span class='ocrx_word' id='word_1_47' title='bbox 486 1133 580 1197; x_wconf 91' lang='lat' dir='ltr'><strong>quem</strong></span> <span class='ocrx_word' id='word_1_48' title='bbox 610 1113 643 1177; x_wconf 92' lang='lat' dir='ltr'><strong>in</strong></span> <span class='ocrx_word' id='word_1_49' title='bbox 672 1113 732 1176; x_wconf 95' lang='lat' dir='ltr'><strong>boc</strong></span> <span class='ocrx_word' id='word_1_50' title='bbox 761 1114 868 1176; x_wconf 90' lang='lat' dir='ltr'><strong>maiali</strong></span> <span class='ocrx_word' id='word_1_51' title='bbox 900 1113 1043 1176; x_wconf 80' lang='lat' dir='ltr'><strong>invenire</strong></span> <span class='ocrx_word' id='word_1_52' title='bbox 1072 1132 1136 1176; x_wconf 90' lang='lat' dir='ltr'><strong>non</strong></span> <span class='ocrx_word' id='word_1_53' title='bbox 1166 1132 1312 1194; x_wconf 89' lang='lat' dir='ltr'><strong>possem,</strong></span> <span class='ocrx_word' id='word_1_54' title='bbox 1348 1112 1405 1194; x_wconf 94' lang='lat' dir='ltr'><strong>qui</strong></span> <span class='ocrx_word' id='word_1_55' title='bbox 1436 1119 1554 1176; x_wconf 85' lang='lat' dir='ltr'><strong>tantam</strong></span> <span class='ocrx_word' id='word_1_56' title='bbox 1584 1110 1654 1172; x_wconf 78' lang='lat' dir='ltr'><strong>reib</strong></span> 
     </span>
     <span class='ocr_line' id='line_1_7' title="bbox 306 1205 1777 1292; baseline -0.003 -22"><span class='ocrx_word' id='word_1_57' title='bbox 306 1209 452 1292; x_wconf 89' lang='lat' dir='ltr'><strong>publicae</strong></span> <span class='ocrx_word' id='word_1_58' title='bbox 478 1227 604 1272; x_wconf 86' lang='lat' dir='ltr'><strong>cansam</strong></span> <span class='ocrx_word' id='word_1_59' title='bbox 634 1207 785 1289; x_wconf 88' lang='lat' dir='ltr'><strong>gravitate</strong></span> <span class='ocrx_word' id='word_1_60' title='bbox 815 1214 846 1268; x_wconf 89' lang='lat' dir='ltr'><strong>et</strong></span> <span class='ocrx_word' id='word_1_61' title='bbox 874 1207 1008 1270; x_wconf 91' lang='lat' dir='ltr'><strong>coasilio</strong></span> <span class='ocrx_word' id='word_1_62' title='bbox 1037 1226 1105 1286; x_wconf 36' lang='lat' dir='ltr'><strong>sno,</strong></span> <span class='ocrx_word' id='word_1_63' title='bbox 1124 1213 1279 1280; x_wconf 90' lang='lat' dir='ltr'><strong>tueretur,</strong></span> <span class='ocrx_word' id='word_1_64' title='bbox 1310 1205 1367 1268; x_wconf 90' lang='lat' dir='ltr'><strong>sed</strong></span> <span class='ocrx_word' id='word_1_65' title='bbox 1395 1207 1449 1289; x_wconf 92' lang='lat' dir='ltr'><strong>qui</strong></span> <span class='ocrx_word' id='word_1_66' title='bbox 1469 1213 1630 1288; x_wconf 87' lang='lat' dir='ltr'><strong>tamquam</strong></span> <span class='ocrx_word' id='word_1_67' title='bbox 1761 1273 1777 1290; x_wconf 23' lang='grc' dir='ltr'><strong>,Ι</strong></span> 
     </span>
     <span class='ocr_line' id='line_1_8' title="bbox 306 1287 1769 1399; baseline -0.004 -34"><span class='ocrx_word' id='word_1_68' title='bbox 306 1310 551 1384; x_wconf 35' lang='grc' dir='ltr'><strong>ΙΙυιιρ-ιιὲηειῑιῃιο</strong></span> <span class='ocrx_word' id='word_1_69' title='bbox 573 1301 690 1386; x_wconf 90' lang='lat' dir='ltr'><strong>stipes,</strong></span> <span class='ocrx_word' id='word_1_70' title='bbox 718 1301 743 1362; x_wconf 90' lang='lat' dir='ltr'><strong>si</strong></span> <span class='ocrx_word' id='word_1_71' title='bbox 766 1300 906 1364; x_wconf 80' lang='lat' dir='ltr'><strong>stetisset</strong></span> <span class='ocrx_word' id='word_1_72' title='bbox 928 1287 1178 1383; x_wconf 64' lang='lat' dir='ltr'><strong>modoj&#39;posset</strong></span> <span class='ocrx_word' id='word_1_73' title='bbox 1198 1300 1353 1362; x_wconf 90' lang='lat' dir='ltr'><strong>sustinere</strong></span> <span class='ocrx_word' id='word_1_74' title='bbox 1375 1307 1481 1362; x_wconf 87' lang='lat' dir='ltr'><strong>tamen</strong></span> <span class='ocrx_word' id='word_1_75' title='bbox 1503 1297 1630 1361; x_wconf 91' lang='lat' dir='ltr'><strong>titulum</strong></span> <span class='ocrx_word' id='word_1_76' title='bbox 1744 1316 1769 1399; x_wconf 70' lang='lat' dir='ltr'><em>s</em></span> 
     </span>
     <span class='ocr_line' id='line_1_9' title="bbox 306 1393 1630 1460; baseline -0.004 0"><span class='ocrx_word' id='word_1_77' title='bbox 306 1397 495 1460; x_wconf 87' lang='lat' dir='ltr'><strong>consulatus.</strong></span> <span class='ocrx_word' id='word_1_78' title='bbox 540 1395 617 1458; x_wconf 86' lang='lat' dir='ltr'><strong>Cum</strong></span> <span class='ocrx_word' id='word_1_79' title='bbox 646 1395 730 1457; x_wconf 90' lang='lat' dir='ltr'><strong>enim</strong></span> <span class='ocrx_word' id='word_1_80' title='bbox 760 1402 844 1458; x_wconf 88' lang='lat' dir='ltr'><strong>esset</strong></span> <span class='ocrx_word' id='word_1_81' title='bbox 870 1395 973 1458; x_wconf 90' lang='lat' dir='ltr'><strong>omnis</strong></span> <span class='ocrx_word' id='word_1_82' title='bbox 1000 1413 1095 1457; x_wconf 86' lang='lat' dir='ltr'><strong>causa</strong></span> <span class='ocrx_word' id='word_1_83' title='bbox 1120 1393 1176 1455; x_wconf 92' lang='lat' dir='ltr'><strong>illa</strong></span> <span class='ocrx_word' id='word_1_84' title='bbox 1198 1413 1269 1456; x_wconf 92' lang='lat' dir='ltr'><strong>mea</strong></span> <span class='ocrx_word' id='word_1_85' title='bbox 1290 1393 1464 1456; x_wconf 87' lang='lat' dir='ltr'><strong>consularis</strong></span> <span class='ocrx_word' id='word_1_86' title='bbox 1486 1401 1519 1456; x_wconf 92' lang='lat' dir='ltr'><strong>et</strong></span> <span class='ocrx_word' id='word_1_87' title='bbox 1538 1413 1630 1456; x_wconf 88' lang='lat' dir='ltr'><strong>sena·</strong></span> 
     </span>
    </p>

    <p class='ocr_par' dir='ltr' id='par_1_7' title="bbox 307 1487 1629 1571">
     <span class='ocr_line' id='line_1_10' title="bbox 307 1487 1629 1571; baseline -0.003 -17"><span class='ocrx_word' id='word_1_88' title='bbox 307 1491 404 1565; x_wconf 86' lang='lat' dir='ltr'><strong>toria,</strong></span> <span class='ocrx_word' id='word_1_89' title='bbox 425 1489 546 1552; x_wconf 84' lang='lat' dir='ltr'><strong>auxilio</strong></span> <span class='ocrx_word' id='word_1_90' title='bbox 568 1489 644 1551; x_wconf 90' lang='lat' dir='ltr'><strong>mibi</strong></span> <span class='ocrx_word' id='word_1_91' title='bbox 667 1507 748 1571; x_wconf 89' lang='lat' dir='ltr'><strong>opus</strong></span> <span class='ocrx_word' id='word_1_92' title='bbox 769 1487 873 1550; x_wconf 83' lang='lat' dir='ltr'><strong>luerat</strong></span> <span class='ocrx_word' id='word_1_93' title='bbox 895 1495 926 1550; x_wconf 88' lang='lat' dir='ltr'><strong>et</strong></span> <span class='ocrx_word' id='word_1_94' title='bbox 948 1487 1087 1550; x_wconf 91' lang='lat' dir='ltr'><strong>consulis</strong></span> <span class='ocrx_word' id='word_1_95' title='bbox 1110 1495 1142 1550; x_wconf 90' lang='lat' dir='ltr'><strong>et</strong></span> <span class='ocrx_word' id='word_1_96' title='bbox 1163 1495 1308 1549; x_wconf 85' lang='lat' dir='ltr'><strong>senatus:</strong></span> <span class='ocrx_word' id='word_1_97' title='bbox 1339 1506 1475 1568; x_wconf 90' lang='lat' dir='ltr'><strong>quorum</strong></span> <span class='ocrx_word' id='word_1_98' title='bbox 1496 1487 1629 1550; x_wconf 87' lang='lat' dir='ltr'><strong>alterum</strong></span> 
     </span>
    </p>

    <p class='ocr_par' dir='ltr' id='par_1_8' title="bbox 307 1581 1668 1666">
     <span class='ocr_line' id='line_1_11' title="bbox 307 1581 1668 1666; baseline -0.004 -19"><span class='ocrx_word' id='word_1_99' title='bbox 307 1587 400 1649; x_wconf 88' lang='lat' dir='ltr'><strong>etiam</strong></span> <span class='ocrx_word' id='word_1_100' title='bbox 429 1583 468 1646; x_wconf 92' lang='lat' dir='ltr'><strong>ad</strong></span> <span class='ocrx_word' id='word_1_101' title='bbox 498 1583 668 1666; x_wconf 92' lang='lat' dir='ltr'><strong>perniciem</strong></span> <span class='ocrx_word' id='word_1_102' title='bbox 691 1601 794 1644; x_wconf 89' lang='lat' dir='ltr'><strong>meam</strong></span> <span class='ocrx_word' id='word_1_103' title='bbox 817 1590 883 1644; x_wconf 90' lang='lat' dir='ltr'><strong>erat</strong></span> <span class='ocrx_word' id='word_1_104' title='bbox 904 1600 923 1644; x_wconf 91' lang='lat' dir='ltr'><strong>a</strong></span> <span class='ocrx_word' id='word_1_105' title='bbox 944 1581 1036 1642; x_wconf 85' lang='lat' dir='ltr'><strong>vobis</strong></span> <span class='ocrx_word' id='word_1_106' title='bbox 1058 1581 1242 1644; x_wconf 90' lang='lat' dir='ltr'><strong>consulibus</strong></span> <span class='ocrx_word' id='word_1_107' title='bbox 1263 1600 1468 1655; x_wconf 84' lang='lat' dir='ltr'><strong>conversum,</strong></span> <span class='ocrx_word' id='word_1_108' title='bbox 1495 1581 1668 1644; x_wconf 83' lang='lat' dir='ltr'><strong>alterumta</strong></span> 
     </span>
    </p>

    <p class='ocr_par' dir='ltr' id='par_1_9' title="bbox 307 1675 1629 1760">
     <span class='ocr_line' id='line_1_12' title="bbox 307 1675 1629 1760; baseline -0.001 -20"><span class='ocrx_word' id='word_1_109' title='bbox 307 1680 352 1742; x_wconf 88' lang='lat' dir='ltr'><strong>rei</strong></span> <span class='ocrx_word' id='word_1_110' title='bbox 374 1679 520 1760; x_wconf 89' lang='lat' dir='ltr'><strong>publicae</strong></span> <span class='ocrx_word' id='word_1_111' title='bbox 546 1676 673 1759; x_wconf 91' lang='lat' dir='ltr'><strong>penitus</strong></span> <span class='ocrx_word' id='word_1_112' title='bbox 702 1683 854 1758; x_wconf 88' lang='lat' dir='ltr'><strong>ereptum.</strong></span> <span class='ocrx_word' id='word_1_113' title='bbox 897 1677 942 1736; x_wconf 79' lang='lat' dir='ltr'><strong>Ac</strong></span> <span class='ocrx_word' id='word_1_114' title='bbox 966 1683 1089 1748; x_wconf 68' lang='lat' dir='ltr'><strong>tamem</strong></span> <span class='ocrx_word' id='word_1_115' title='bbox 1111 1676 1138 1738; x_wconf 88' lang='lat' dir='ltr'><strong>si</strong></span> <span class='ocrx_word' id='word_1_116' title='bbox 1160 1675 1330 1738; x_wconf 90' lang='lat' dir='ltr'><strong>consilium</strong></span> <span class='ocrx_word' id='word_1_117' title='bbox 1352 1675 1493 1757; x_wconf 80' lang='lat' dir='ltr'><strong>exquiris</strong></span> <span class='ocrx_word' id='word_1_118' title='bbox 1514 1695 1629 1749; x_wconf 89' lang='lat' dir='ltr'><strong>meum,</strong></span> 
     </span>
    </p>

    <p class='ocr_par' dir='ltr' id='par_1_10' title="bbox 307 1768 1631 1856">
     <span class='ocr_line' id='line_1_13' title="bbox 307 1768 1631 1856; baseline -0.002 -20"><span class='ocrx_word' id='word_1_119' title='bbox 307 1793 412 1856; x_wconf 88' lang='lat' dir='ltr'><strong>neque</strong></span> <span class='ocrx_word' id='word_1_120' title='bbox 434 1791 492 1854; x_wconf 89' lang='lat' dir='ltr'><strong>ego</strong></span> <span class='ocrx_word' id='word_1_121' title='bbox 514 1771 678 1834; x_wconf 85' lang='lat' dir='ltr'><strong>cessissem</strong></span> <span class='ocrx_word' id='word_1_122' title='bbox 702 1779 732 1832; x_wconf 88' lang='lat' dir='ltr'><strong>et</strong></span> <span class='ocrx_word' id='word_1_123' title='bbox 755 1789 804 1832; x_wconf 92' lang='lat' dir='ltr'><strong>me</strong></span> <span class='ocrx_word' id='word_1_124' title='bbox 826 1769 895 1851; x_wconf 92' lang='lat' dir='ltr'><strong>ipsa</strong></span> <span class='ocrx_word' id='word_1_125' title='bbox 917 1788 975 1831; x_wconf 91' lang='lat' dir='ltr'><strong>suo</strong></span> <span class='ocrx_word' id='word_1_126' title='bbox 999 1769 1167 1852; x_wconf 84' lang='lat' dir='ltr'><strong>complexu</strong></span> <span class='ocrx_word' id='word_1_127' title='bbox 1188 1768 1290 1852; x_wconf 92' lang='lat' dir='ltr'><strong>patria</strong></span> <span class='ocrx_word' id='word_1_128' title='bbox 1310 1772 1482 1844; x_wconf 88' lang='lat' dir='ltr'><strong>tenuisset,</strong></span> <span class='ocrx_word' id='word_1_129' title='bbox 1505 1772 1531 1833; x_wconf 92' lang='lat' dir='ltr'><strong>si</strong></span> <span class='ocrx_word' id='word_1_130' title='bbox 1552 1771 1631 1833; x_wconf 90' lang='lat' dir='ltr'><strong>mibi</strong></span> 
     </span>
    </p>

    <p class='ocr_par' dir='ltr' id='par_1_11' title="bbox 307 1861 1630 1945">
     <span class='ocr_line' id='line_1_14' title="bbox 307 1861 1630 1945; baseline -0.001 -17"><span class='ocrx_word' id='word_1_131' title='bbox 307 1887 379 1928; x_wconf 90' lang='lat' dir='ltr'><strong>cum</strong></span> <span class='ocrx_word' id='word_1_132' title='bbox 402 1865 458 1929; x_wconf 91' lang='lat' dir='ltr'><strong>illo</strong></span> <span class='ocrx_word' id='word_1_133' title='bbox 478 1865 639 1928; x_wconf 88' lang='lat' dir='ltr'><strong>bustuario</strong></span> <span class='ocrx_word' id='word_1_134' title='bbox 662 1864 835 1945; x_wconf 89' lang='lat' dir='ltr'><strong>gladiatore</strong></span> <span class='ocrx_word' id='word_1_135' title='bbox 859 1869 892 1924; x_wconf 92' lang='lat' dir='ltr'><strong>et</strong></span> <span class='ocrx_word' id='word_1_136' title='bbox 913 1869 1016 1925; x_wconf 91' lang='lat' dir='ltr'><strong>tecum</strong></span> <span class='ocrx_word' id='word_1_137' title='bbox 1039 1870 1071 1925; x_wconf 91' lang='lat' dir='ltr'><strong>et</strong></span> <span class='ocrx_word' id='word_1_138' title='bbox 1092 1883 1164 1926; x_wconf 90' lang='lat' dir='ltr'><strong>cum</strong></span> <span class='ocrx_word' id='word_1_139' title='bbox 1186 1863 1307 1945; x_wconf 91' lang='lat' dir='ltr'><strong>collega</strong></span> <span class='ocrx_word' id='word_1_140' title='bbox 1327 1870 1383 1925; x_wconf 91' lang='lat' dir='ltr'><strong>tuo</strong></span> <span class='ocrx_word' id='word_1_141' title='bbox 1406 1861 1630 1928; x_wconf 86' lang='lat' dir='ltr'><strong>decertandum</strong></span> 
     </span>
    </p>

    <p class='ocr_par' dir='ltr' id='par_1_12' title="bbox 306 1937 1821 2136">
     <span class='ocr_line' id='line_1_15' title="bbox 306 1937 1821 2075; baseline -0.001 -54"><span class='ocrx_word' id='word_1_142' title='bbox 306 1959 426 2024; x_wconf 89' lang='lat' dir='ltr'><strong>luisset.</strong></span> <span class='ocrx_word' id='word_1_143' title='bbox 469 1957 520 2022; x_wconf 68' lang='lat'><strong>90.</strong></span> <span class='ocrx_word' id='word_1_144' title='bbox 542 1958 612 2020; x_wconf 79' lang='lat' dir='ltr'><strong>alia</strong></span> <span class='ocrx_word' id='word_1_145' title='bbox 634 1958 719 2020; x_wconf 90' lang='lat' dir='ltr'><strong>enim</strong></span> <span class='ocrx_word' id='word_1_146' title='bbox 735 1976 829 2020; x_wconf 88' lang='lat' dir='ltr'><strong>causa</strong></span> <span class='ocrx_word' id='word_1_147' title='bbox 844 1957 1105 2040; x_wconf 86' lang='lat' dir='ltr'><strong>praestantissimi</strong></span> <span class='ocrx_word' id='word_1_148' title='bbox 1121 1958 1199 2031; x_wconf 85' lang='lat' dir='ltr'><strong>viri,</strong></span> <span class='ocrx_word' id='word_1_149' title='bbox 1222 1957 1261 2032; x_wconf 87' lang='lat' dir='ltr'><strong>Q.</strong></span> <span class='ocrx_word' id='word_1_150' title='bbox 1276 1957 1415 2031; x_wconf 81' lang='lat' dir='ltr'><strong>Metelli,</strong></span> <span class='ocrx_word' id='word_1_151' title='bbox 1437 1957 1512 2033; x_wconf 90' lang='lat' dir='ltr'><strong>luit,</strong></span> <span class='ocrx_word' id='word_1_152' title='bbox 1535 1978 1630 2042; x_wconf 89' lang='lat' dir='ltr'><strong>quem</strong></span> <span class='ocrx_word' id='word_1_153' title='bbox 1700 1990 1712 2075; x_wconf 66' lang='lat' dir='ltr'><strong>q</strong></span> <span class='ocrx_word' id='word_1_154' title='bbox 1791 1937 1821 2032; x_wconf 45' lang='lat' dir='ltr'><strong>(f</strong></span> 
     </span>
     <span class='ocr_line' id='line_1_16' title="bbox 307 2041 1712 2136; baseline -0.004 -19"><span class='ocrx_word' id='word_1_155' title='bbox 307 2073 367 2136; x_wconf 89' lang='lat' dir='ltr'><strong>ego</strong></span> <span class='ocrx_word' id='word_1_156' title='bbox 389 2055 489 2117; x_wconf 86' lang='lat' dir='ltr'><strong>civem</strong></span> <span class='ocrx_word' id='word_1_157' title='bbox 512 2073 582 2115; x_wconf 90' lang='lat' dir='ltr'><strong>meo</strong></span> <span class='ocrx_word' id='word_1_158' title='bbox 612 2051 729 2114; x_wconf 90' lang='lat' dir='ltr'><strong>iudicio</strong></span> <span class='ocrx_word' id='word_1_159' title='bbox 753 2071 825 2113; x_wconf 89' lang='lat' dir='ltr'><strong>cum</strong></span> <span class='ocrx_word' id='word_1_160' title='bbox 848 2050 978 2113; x_wconf 92' lang='lat' dir='ltr'><strong>deorum</strong></span> <span class='ocrx_word' id='word_1_161' title='bbox 1008 2051 1232 2114; x_wconf 87' lang='lat' dir='ltr'><strong>immortalium</strong></span> <span class='ocrx_word' id='word_1_162' title='bbox 1253 2041 1348 2115; x_wconf 75' lang='lat' dir='ltr'><strong>lasa&#39;de</strong></span> <span class='ocrx_word' id='word_1_163' title='bbox 1369 2053 1546 2135; x_wconf 86' lang='lat' dir='ltr'><strong>coniunge:</strong></span> <span class='ocrx_word' id='word_1_164' title='bbox 1575 2054 1670 2136; x_wconf 84' lang='lat' dir='ltr'><strong>quito</strong></span> <span class='ocrx_word' id='word_1_165' title='bbox 1707 2078 1712 2113; x_wconf 72' lang='lat' dir='ltr'><strong>r</strong></span> 
     </span>
    </p>

    <p class='ocr_par' dir='ltr' id='par_1_13' title="bbox 308 2144 1703 2324">
     <span class='ocr_line' id='line_1_17' title="bbox 309 2144 1703 2230; baseline -0.002 -19"><span class='ocrx_word' id='word_1_166' title='bbox 309 2149 342 2210; x_wconf 87' lang='lat' dir='ltr'><strong>C.</strong></span> <span class='ocrx_word' id='word_1_167' title='bbox 360 2149 406 2211; x_wconf 94' lang='lat' dir='ltr'><strong>illi</strong></span> <span class='ocrx_word' id='word_1_168' title='bbox 422 2147 532 2221; x_wconf 88' lang='lat' dir='ltr'><strong>Mario,</strong></span> <span class='ocrx_word' id='word_1_169' title='bbox 549 2145 721 2230; x_wconf 78' lang='lat' dir='ltr'><strong>fortissimo</strong></span> <span class='ocrx_word' id='word_1_170' title='bbox 737 2145 805 2207; x_wconf 82' lang='lat' dir='ltr'><strong>viro</strong></span> <span class='ocrx_word' id='word_1_171' title='bbox 827 2152 858 2207; x_wconf 91' lang='lat' dir='ltr'><strong>et</strong></span> <span class='ocrx_word' id='word_1_172' title='bbox 880 2144 1003 2206; x_wconf 90' lang='lat' dir='ltr'><strong>consuli</strong></span> <span class='ocrx_word' id='word_1_173' title='bbox 1025 2153 1058 2207; x_wconf 90' lang='lat' dir='ltr'><strong>et</strong></span> <span class='ocrx_word' id='word_1_174' title='bbox 1071 2152 1197 2209; x_wconf 82' lang='lat' dir='ltr'><strong>sextum</strong></span> <span class='ocrx_word' id='word_1_175' title='bbox 1212 2144 1352 2222; x_wconf 91' lang='lat' dir='ltr'><strong>consuli,</strong></span> <span class='ocrx_word' id='word_1_176' title='bbox 1375 2155 1408 2211; x_wconf 89' lang='lat' dir='ltr'><strong>et</strong></span> <span class='ocrx_word' id='word_1_177' title='bbox 1421 2147 1489 2211; x_wconf 91' lang='lat' dir='ltr'><strong>cius</strong></span> <span class='ocrx_word' id='word_1_178' title='bbox 1503 2146 1631 2210; x_wconf 85' lang='lat' dir='ltr'><strong>invictis</strong></span> <span class='ocrx_word' id='word_1_179' title='bbox 1693 2144 1703 2177; x_wconf 72' lang='lat'><strong>‘¹</strong></span> 
     </span>
     <span class='ocr_line' id='line_1_18' title="bbox 308 2239 1633 2324; baseline 0 -22"><span class='ocrx_word' id='word_1_180' title='bbox 308 2241 501 2324; x_wconf 87' lang='lat' dir='ltr'><strong>legionibus,</strong></span> <span class='ocrx_word' id='word_1_181' title='bbox 523 2259 563 2303; x_wconf 92' lang='lat' dir='ltr'><strong>ne</strong></span> <span class='ocrx_word' id='word_1_182' title='bbox 580 2239 675 2301; x_wconf 91' lang='lat' dir='ltr'><strong>armis</strong></span> <span class='ocrx_word' id='word_1_183' title='bbox 691 2239 887 2320; x_wconf 85' lang='lat' dir='ltr'><strong>confligeret,</strong></span> <span class='ocrx_word' id='word_1_184' title='bbox 910 2239 1085 2302; x_wconf 90' lang='lat' dir='ltr'><strong>cedendum</strong></span> <span class='ocrx_word' id='word_1_185' title='bbox 1100 2259 1171 2303; x_wconf 86' lang='lat' dir='ltr'><strong>esse</strong></span> <span class='ocrx_word' id='word_1_186' title='bbox 1188 2239 1290 2302; x_wconf 80' lang='lat' dir='ltr'><strong>duxit</strong></span> <span class='ocrx_word' id='word_1_187' title='bbox 1335 2239 1428 2317; x_wconf 83' lang='lat' dir='ltr'><strong>Quod</strong></span> <span class='ocrx_word' id='word_1_188' title='bbox 1442 2239 1521 2302; x_wconf 94' lang='lat' dir='ltr'><strong>mibi</strong></span> <span class='ocrx_word' id='word_1_189' title='bbox 1536 2240 1633 2323; x_wconf 91' lang='lat' dir='ltr'><strong>igitur</strong></span> 
     </span>
    </p>

    <p class='ocr_par' dir='ltr' id='par_1_14' title="bbox 307 2333 1631 2419">
     <span class='ocr_line' id='line_1_19' title="bbox 307 2333 1631 2419; baseline 0.001 -21"><span class='ocrx_word' id='word_1_190' title='bbox 307 2344 463 2400; x_wconf 71' lang='lat' dir='ltr'><strong>conamen</strong></span> <span class='ocrx_word' id='word_1_191' title='bbox 486 2342 571 2398; x_wconf 88' lang='lat' dir='ltr'><strong>esset</strong></span> <span class='ocrx_word' id='word_1_192' title='bbox 591 2333 686 2396; x_wconf 91' lang='lat' dir='ltr'><strong>buius</strong></span> <span class='ocrx_word' id='word_1_193' title='bbox 708 2333 818 2394; x_wconf 82' lang='lat' dir='ltr'><strong>modii</strong></span> <span class='ocrx_word' id='word_1_194' title='bbox 841 2351 911 2394; x_wconf 91' lang='lat' dir='ltr'><strong>cum</strong></span> <span class='ocrx_word' id='word_1_195' title='bbox 936 2333 968 2395; x_wconf 88' lang='lat' dir='ltr'><strong>C.</strong></span> <span class='ocrx_word' id='word_1_196' title='bbox 985 2333 1085 2397; x_wconf 85' lang='lat' dir='ltr'><strong>biario</strong></span> <span class='ocrx_word' id='word_1_197' title='bbox 1107 2333 1230 2396; x_wconf 88' lang='lat' dir='ltr'><strong>scilicet</strong></span> <span class='ocrx_word' id='word_1_198' title='bbox 1250 2343 1305 2397; x_wconf 90' lang='lat' dir='ltr'><strong>aut</strong></span> <span class='ocrx_word' id='word_1_199' title='bbox 1327 2355 1399 2398; x_wconf 85' lang='lat' dir='ltr'><strong>cunr</strong></span> <span class='ocrx_word' id='word_1_200' title='bbox 1421 2335 1530 2419; x_wconf 86' lang='lat' dir='ltr'><strong>aliqbo</strong></span> <span class='ocrx_word' id='word_1_201' title='bbox 1552 2336 1631 2419; x_wconf 93' lang='lat' dir='ltr'><strong>pari,</strong></span> 
     </span>
    </p>

    <p class='ocr_par' dir='ltr' id='par_1_15' title="bbox 307 2417 1761 2700">
     <span class='ocr_line' id='line_1_20' title="bbox 307 2417 1761 2510; baseline 0.002 -17"><span class='ocrx_word' id='word_1_202' title='bbox 307 2449 347 2493; x_wconf 90' lang='lat' dir='ltr'><strong>an</strong></span> <span class='ocrx_word' id='word_1_203' title='bbox 370 2450 439 2493; x_wconf 90' lang='lat' dir='ltr'><strong>cum</strong></span> <span class='ocrx_word' id='word_1_204' title='bbox 461 2430 572 2501; x_wconf 89' lang='lat' dir='ltr'><strong>altero,</strong></span> <span class='ocrx_word' id='word_1_205' title='bbox 593 2427 726 2506; x_wconf 88' lang='lat' dir='ltr'><strong>barbaro</strong></span> <span class='ocrx_word' id='word_1_206' title='bbox 747 2426 914 2508; x_wconf 89' lang='lat' dir='ltr'><strong>Epicureo,</strong></span> <span class='ocrx_word' id='word_1_207' title='bbox 941 2447 1013 2490; x_wconf 91' lang='lat' dir='ltr'><strong>cnm</strong></span> <span class='ocrx_word' id='word_1_208' title='bbox 1035 2427 1147 2501; x_wconf 89' lang='lat' dir='ltr'><strong>altero,</strong></span> <span class='ocrx_word' id='word_1_209' title='bbox 1171 2426 1322 2493; x_wconf 86' lang='lat' dir='ltr'><strong>Catilinae</strong></span> <span class='ocrx_word' id='word_1_210' title='bbox 1343 2429 1534 2510; x_wconf 67' lang='lat' dir='ltr'><strong>lanternario</strong></span> <span class='ocrx_word' id='word_1_211' title='bbox 1556 2449 1633 2508; x_wconf 82' lang='lat' dir='ltr'><strong>apa·</strong></span> <span class='ocrx_word' id='word_1_212' title='bbox 1730 2417 1761 2508; x_wconf 53' lang='lat' dir='ltr'><strong>a(</strong></span> 
     </span>
     <span class='ocr_line' id='line_1_21' title="bbox 308 2521 1670 2607; baseline 0 -21"><span class='ocrx_word' id='word_1_213' title='bbox 308 2523 403 2586; x_wconf 84' lang='lat' dir='ltr'><strong>sulci</strong></span> <span class='ocrx_word' id='word_1_214' title='bbox 431 2525 542 2606; x_wconf 87' lang='lat' dir='ltr'><strong>Neque</strong></span> <span class='ocrx_word' id='word_1_215' title='bbox 563 2521 692 2584; x_wconf 92' lang='lat' dir='ltr'><strong>hercule</strong></span> <span class='ocrx_word' id='word_1_216' title='bbox 714 2540 774 2601; x_wconf 91' lang='lat' dir='ltr'><strong>ego</strong></span> <span class='ocrx_word' id='word_1_217' title='bbox 797 2521 999 2603; x_wconf 86' lang='lat' dir='ltr'><strong>supercilium</strong></span> <span class='ocrx_word' id='word_1_218' title='bbox 1022 2530 1110 2584; x_wconf 91' lang='lat' dir='ltr'><strong>tuum</strong></span> <span class='ocrx_word' id='word_1_219' title='bbox 1133 2541 1239 2606; x_wconf 90' lang='lat' dir='ltr'><strong>neque</strong></span> <span class='ocrx_word' id='word_1_220' title='bbox 1263 2522 1402 2606; x_wconf 75' lang='lat' dir='ltr'><strong>collegae</strong></span> <span class='ocrx_word' id='word_1_221' title='bbox 1423 2524 1470 2588; x_wconf 92' lang='lat' dir='ltr'><strong>tui</strong></span> <span class='ocrx_word' id='word_1_222' title='bbox 1491 2524 1670 2607; x_wconf 71' lang='lat' dir='ltr'><strong>cymbalam</strong></span> 
     </span>
     <span class='ocr_line' id='line_1_22' title="bbox 307 2615 1632 2700; baseline 0.002 -22"><span class='ocrx_word' id='word_1_223' title='bbox 307 2616 391 2700; x_wconf 85' lang='lat' dir='ltr'><strong>lugi;</strong></span> <span class='ocrx_word' id='word_1_224' title='bbox 413 2637 517 2700; x_wconf 91' lang='lat' dir='ltr'><strong>neque</strong></span> <span class='ocrx_word' id='word_1_225' title='bbox 539 2624 601 2679; x_wconf 86' lang='lat' dir='ltr'><strong>tam</strong></span> <span class='ocrx_word' id='word_1_226' title='bbox 623 2615 669 2677; x_wconf 83' lang='lat' dir='ltr'><strong>fui</strong></span> <span class='ocrx_word' id='word_1_227' title='bbox 691 2615 837 2689; x_wconf 88' lang='lat' dir='ltr'><strong>timidus,</strong></span> <span class='ocrx_word' id='word_1_228' title='bbox 860 2623 910 2690; x_wconf 89' lang='lat' dir='ltr'><strong>ut,</strong></span> <span class='ocrx_word' id='word_1_229' title='bbox 933 2615 988 2697; x_wconf 93' lang='lat' dir='ltr'><strong>qui</strong></span> <span class='ocrx_word' id='word_1_230' title='bbox 1011 2617 1044 2678; x_wconf 94' lang='lat' dir='ltr'><strong>in</strong></span> <span class='ocrx_word' id='word_1_231' title='bbox 1067 2616 1213 2679; x_wconf 83' lang='lat' dir='ltr'><strong>maximis</strong></span> <span class='ocrx_word' id='word_1_232' title='bbox 1236 2617 1414 2682; x_wconf 83' lang='lat' dir='ltr'><strong>turbinibus</strong></span> <span class='ocrx_word' id='word_1_233' title='bbox 1434 2638 1471 2681; x_wconf 91' lang='lat' dir='ltr'><strong>ac</strong></span> <span class='ocrx_word' id='word_1_234' title='bbox 1485 2618 1632 2680; x_wconf 89' lang='lat' dir='ltr'><strong>lluctibus</strong></span> 
     </span>
    </p>

    <p class='ocr_par' dir='ltr' id='par_1_16' title="bbox 309 2709 1632 2794">
     <span class='ocr_line' id='line_1_23' title="bbox 309 2709 1632 2794; baseline 0.002 -20"><span class='ocrx_word' id='word_1_235' title='bbox 309 2713 355 2774; x_wconf 91' lang='lat' dir='ltr'><strong>rei</strong></span> <span class='ocrx_word' id='word_1_236' title='bbox 376 2711 521 2794; x_wconf 91' lang='lat' dir='ltr'><strong>publicae</strong></span> <span class='ocrx_word' id='word_1_237' title='bbox 544 2729 659 2772; x_wconf 85' lang='lat' dir='ltr'><strong>navem</strong></span> <span class='ocrx_word' id='word_1_238' title='bbox 674 2709 898 2792; x_wconf 75' lang='lat' dir='ltr'><strong>gubernassem</strong></span> <span class='ocrx_word' id='word_1_239' title='bbox 913 2709 1099 2794; x_wconf 84' lang='lat' dir='ltr'><strong>salvamque</strong></span> <span class='ocrx_word' id='word_1_240' title='bbox 1119 2711 1260 2793; x_wconf 91' lang='lat' dir='ltr'><strong>inportu</strong></span> <span class='ocrx_word' id='word_1_241' title='bbox 1276 2710 1497 2786; x_wconf 89' lang='lat' dir='ltr'><strong>collocassem,</strong></span> <span class='ocrx_word' id='word_1_242' title='bbox 1519 2712 1632 2776; x_wconf 79' lang='lat' dir='ltr'><strong>frontis</strong></span> 
     </span>
    </p>

    <p class='ocr_par' dir='ltr' id='par_1_17' title="bbox 310 2802 1632 2887">
     <span class='ocr_line' id='line_1_24' title="bbox 310 2802 1632 2887; baseline 0.002 -19"><span class='ocrx_word' id='word_1_243' title='bbox 310 2814 381 2868; x_wconf 90' lang='lat' dir='ltr'><strong>tuac</strong></span> <span class='ocrx_word' id='word_1_244' title='bbox 402 2804 589 2868; x_wconf 89' lang='lat' dir='ltr'><strong>nubeculam</strong></span> <span class='ocrx_word' id='word_1_245' title='bbox 612 2812 666 2867; x_wconf 88' lang='lat' dir='ltr'><strong>aut</strong></span> <span class='ocrx_word' id='word_1_246' title='bbox 688 2803 828 2885; x_wconf 87' lang='lat' dir='ltr'><strong>collegae</strong></span> <span class='ocrx_word' id='word_1_247' title='bbox 860 2802 907 2865; x_wconf 90' lang='lat' dir='ltr'><strong>tui</strong></span> <span class='ocrx_word' id='word_1_248' title='bbox 929 2803 1178 2866; x_wconf 86' lang='lat' dir='ltr'><strong>contaminatum</strong></span> <span class='ocrx_word' id='word_1_249' title='bbox 1200 2803 1344 2887; x_wconf 90' lang='lat' dir='ltr'><strong>spiritum</strong></span> <span class='ocrx_word' id='word_1_250' title='bbox 1367 2808 1632 2887; x_wconf 84' lang='lat' dir='ltr'><strong>pertimescerem.</strong></span> 
     </span>
    </p>

    <p class='ocr_par' dir='ltr' id='par_1_18' title="bbox 308 2887 1798 3260">
     <span class='ocr_line' id='line_1_25' title="bbox 308 2887 1798 2984; baseline -0.003 -22"><span class='ocrx_word' id='word_1_251' title='bbox 308 2896 358 2962; x_wconf 61' lang='lat' dir='ltr'><strong>bl.</strong></span> <span class='ocrx_word' id='word_1_252' title='bbox 380 2901 468 2984; x_wconf 73' lang='lat' dir='ltr'><strong>Alios</strong></span> <span class='ocrx_word' id='word_1_253' title='bbox 491 2918 549 2980; x_wconf 90' lang='lat' dir='ltr'><strong>ego</strong></span> <span class='ocrx_word' id='word_1_254' title='bbox 572 2897 636 2960; x_wconf 87' lang='lat' dir='ltr'><strong>ridi</strong></span> <span class='ocrx_word' id='word_1_255' title='bbox 660 2906 787 2970; x_wconf 87' lang='lat' dir='ltr'><strong>ventos,</strong></span> <span class='ocrx_word' id='word_1_256' title='bbox 817 2895 896 2978; x_wconf 63' lang='lat' dir='ltr'><strong>alias</strong></span> <span class='ocrx_word' id='word_1_257' title='bbox 918 2897 1069 2978; x_wconf 78' lang='lat' dir='ltr'><strong>prospexi</strong></span> <span class='ocrx_word' id='word_1_258' title='bbox 1090 2897 1197 2959; x_wconf 91' lang='lat' dir='ltr'><strong>animo</strong></span> <span class='ocrx_word' id='word_1_259' title='bbox 1219 2898 1389 2981; x_wconf 90' lang='lat' dir='ltr'><strong>procellas,</strong></span> <span class='ocrx_word' id='word_1_260' title='bbox 1416 2900 1489 2983; x_wconf 72' lang='lat' dir='ltr'><strong>alijs</strong></span> <span class='ocrx_word' id='word_1_261' title='bbox 1511 2901 1632 2984; x_wconf 90' lang='lat' dir='ltr'><strong>impen·</strong></span> <span class='ocrx_word' id='word_1_262' title='bbox 1776 2887 1798 2958; x_wconf 57' lang='grc' dir='ltr'><em>ὅ</em></span> 
     </span>
     <span class='ocr_line' id='line_1_26' title="bbox 308 2985 1668 3075; baseline -0.001 -19"><span class='ocrx_word' id='word_1_263' title='bbox 308 2995 455 3058; x_wconf 90' lang='lat' dir='ltr'><strong>dentibus</strong></span> <span class='ocrx_word' id='word_1_264' title='bbox 476 2992 716 3075; x_wconf 90' lang='lat' dir='ltr'><strong>tempestatibus</strong></span> <span class='ocrx_word' id='word_1_265' title='bbox 741 3011 802 3053; x_wconf 91' lang='lat' dir='ltr'><strong>non</strong></span> <span class='ocrx_word' id='word_1_266' title='bbox 824 2991 921 3064; x_wconf 88' lang='lat' dir='ltr'><strong>cessi,</strong></span> <span class='ocrx_word' id='word_1_267' title='bbox 944 2991 999 3052; x_wconf 91' lang='lat' dir='ltr'><strong>scd</strong></span> <span class='ocrx_word' id='word_1_268' title='bbox 1024 2985 1097 3072; x_wconf 84' lang='lat' dir='ltr'><strong>[bis]</strong></span> <span class='ocrx_word' id='word_1_269' title='bbox 1121 3011 1220 3054; x_wconf 91' lang='lat' dir='ltr'><strong>unum</strong></span> <span class='ocrx_word' id='word_1_270' title='bbox 1241 3010 1290 3054; x_wconf 92' lang='lat' dir='ltr'><strong>me</strong></span> <span class='ocrx_word' id='word_1_271' title='bbox 1304 3013 1360 3074; x_wconf 94' lang='lat' dir='ltr'><strong>pro</strong></span> <span class='ocrx_word' id='word_1_272' title='bbox 1375 2994 1517 3056; x_wconf 91' lang='lat' dir='ltr'><strong>omnium</strong></span> <span class='ocrx_word' id='word_1_273' title='bbox 1531 2995 1668 3058; x_wconf 72' lang='lat' dir='ltr'><strong>satutem</strong></span> 
     </span>
     <span class='ocr_line' id='line_1_27' title="bbox 309 3084 1632 3169; baseline 0.001 -19"><span class='ocrx_word' id='word_1_274' title='bbox 309 3087 418 3150; x_wconf 91' lang='lat' dir='ltr'><strong>obtuli.</strong></span> <span class='ocrx_word' id='word_1_275' title='bbox 461 3087 572 3169; x_wconf 86' lang='lat' dir='ltr'><strong>Itaque</strong></span> <span class='ocrx_word' id='word_1_276' title='bbox 604 3084 746 3148; x_wconf 87' lang='lat' dir='ltr'><strong>discessu</strong></span> <span class='ocrx_word' id='word_1_277' title='bbox 776 3092 841 3147; x_wconf 86' lang='lat' dir='ltr'><strong>rum</strong></span> <span class='ocrx_word' id='word_1_278' title='bbox 871 3103 941 3146; x_wconf 89' lang='lat' dir='ltr'><strong>meo</strong></span> <span class='ocrx_word' id='word_1_279' title='bbox 969 3104 1080 3146; x_wconf 90' lang='lat' dir='ltr'><strong>omnes</strong></span> <span class='ocrx_word' id='word_1_280' title='bbox 1102 3084 1148 3147; x_wconf 91' lang='lat' dir='ltr'><strong>illi</strong></span> <span class='ocrx_word' id='word_1_281' title='bbox 1171 3085 1285 3148; x_wconf 79' lang='lat' dir='ltr'><strong>nefarii</strong></span> <span class='ocrx_word' id='word_1_282' title='bbox 1306 3086 1403 3168; x_wconf 87' lang='lat' dir='ltr'><strong>gladii</strong></span> <span class='ocrx_word' id='word_1_283' title='bbox 1427 3088 1467 3150; x_wconf 93' lang='lat' dir='ltr'><strong>de</strong></span> <span class='ocrx_word' id='word_1_284' title='bbox 1489 3087 1632 3152; x_wconf 87' lang='lat' dir='ltr'><strong>manibus</strong></span> 
     </span>
     <span class='ocr_line' id='line_1_28' title="bbox 308 3177 1632 3260; baseline 0.001 -16"><span class='ocrx_word' id='word_1_285' title='bbox 308 3180 531 3245; x_wconf 90' lang='lat' dir='ltr'><strong>crudelissimis</strong></span> <span class='ocrx_word' id='word_1_286' title='bbox 561 3178 765 3252; x_wconf 83' lang='lat' dir='ltr'><strong>exciderunt,</strong></span> <span class='ocrx_word' id='word_1_287' title='bbox 798 3199 869 3243; x_wconf 92' lang='lat' dir='ltr'><strong>cum</strong></span> <span class='ocrx_word' id='word_1_288' title='bbox 900 3177 1031 3260; x_wconf 89' lang='lat' dir='ltr'><strong>quidem</strong></span> <span class='ocrx_word' id='word_1_289' title='bbox 1059 3186 1111 3254; x_wconf 91' lang='lat' dir='ltr'><strong>tu,</strong></span> <span class='ocrx_word' id='word_1_290' title='bbox 1145 3200 1164 3243; x_wconf 95' lang='lat' dir='ltr'><strong>o</strong></span> <span class='ocrx_word' id='word_1_291' title='bbox 1192 3199 1322 3243; x_wconf 85' lang='lat' dir='ltr'><strong>vaecors</strong></span> <span class='ocrx_word' id='word_1_292' title='bbox 1343 3189 1376 3244; x_wconf 91' lang='lat' dir='ltr'><strong>et</strong></span> <span class='ocrx_word' id='word_1_293' title='bbox 1403 3201 1528 3256; x_wconf 87' lang='lat' dir='ltr'><strong>amens,</strong></span> <span class='ocrx_word' id='word_1_294' title='bbox 1561 3203 1632 3245; x_wconf 93' lang='lat' dir='ltr'><strong>cum</strong></span> 
     </span>
    </p>

    <p class='ocr_par' dir='ltr' id='par_1_19' title="bbox 309 3271 1633 3359">
     <span class='ocr_line' id='line_1_29' title="bbox 309 3271 1633 3359; baseline 0.002 -21"><span class='ocrx_word' id='word_1_295' title='bbox 309 3294 417 3338; x_wconf 92' lang='lat' dir='ltr'><strong>omnes</strong></span> <span class='ocrx_word' id='word_1_296' title='bbox 445 3274 522 3337; x_wconf 92' lang='lat' dir='ltr'><strong>boni</strong></span> <span class='ocrx_word' id='word_1_297' title='bbox 552 3271 650 3335; x_wconf 93' lang='lat' dir='ltr'><strong>abditi</strong></span> <span class='ocrx_word' id='word_1_298' title='bbox 678 3271 857 3356; x_wconf 89' lang='lat' dir='ltr'><strong>inclusique</strong></span> <span class='ocrx_word' id='word_1_299' title='bbox 887 3282 1078 3347; x_wconf 89' lang='lat' dir='ltr'><strong>maererent,</strong></span> <span class='ocrx_word' id='word_1_300' title='bbox 1109 3274 1228 3356; x_wconf 89' lang='lat' dir='ltr'><strong>templa</strong></span> <span class='ocrx_word' id='word_1_301' title='bbox 1248 3284 1426 3356; x_wconf 76' lang='lat' dir='ltr'><strong>gemerent,</strong></span> <span class='ocrx_word' id='word_1_302' title='bbox 1458 3284 1542 3340; x_wconf 90' lang='lat' dir='ltr'><strong>tecta</strong></span> <span class='ocrx_word' id='word_1_303' title='bbox 1562 3277 1633 3359; x_wconf 89' lang='lat' dir='ltr'><strong>ipsa</strong></span> 
     </span>
    </p>

    <p class='ocr_par' dir='ltr' id='par_1_20' title="bbox 307 3365 1633 3455">
     <span class='ocr_line' id='line_1_30' title="bbox 307 3365 1633 3455; baseline 0.003 -23"><span class='ocrx_word' id='word_1_304' title='bbox 307 3369 395 3434; x_wconf 88' lang='lat' dir='ltr'><strong>urbis</strong></span> <span class='ocrx_word' id='word_1_305' title='bbox 417 3369 576 3451; x_wconf 89' lang='lat' dir='ltr'><strong>lugerent,</strong></span> <span class='ocrx_word' id='word_1_306' title='bbox 605 3365 790 3451; x_wconf 86' lang='lat' dir='ltr'><strong>complexos</strong></span> <span class='ocrx_word' id='word_1_307' title='bbox 812 3384 845 3429; x_wconf 90' lang='lat' dir='ltr'><strong>es</strong></span> <span class='ocrx_word' id='word_1_308' title='bbox 868 3365 1027 3430; x_wconf 87' lang='lat' dir='ltr'><strong>funestum</strong></span> <span class='ocrx_word' id='word_1_309' title='bbox 1050 3366 1130 3429; x_wconf 90' lang='lat' dir='ltr'><strong>illud</strong></span> <span class='ocrx_word' id='word_1_310' title='bbox 1152 3368 1269 3432; x_wconf 87' lang='lat' dir='ltr'><strong>animal</strong></span> <span class='ocrx_word' id='word_1_311' title='bbox 1291 3388 1332 3432; x_wconf 85' lang='lat' dir='ltr'><strong>ex</strong></span> <span class='ocrx_word' id='word_1_312' title='bbox 1353 3370 1483 3434; x_wconf 85' lang='lat' dir='ltr'><strong>nefariis</strong></span> <span class='ocrx_word' id='word_1_313' title='bbox 1504 3372 1633 3455; x_wconf 90' lang='lat' dir='ltr'><strong>stupris,</strong></span> 
     </span>
    </p>
   </div>
   <div class='ocr_carea' id='block_1_3' title="bbox 205 3606 1635 5258">
    <p class='ocr_par' dir='ltr' id='par_1_21' title="bbox 374 3606 1632 3676">
     <span class='ocr_line' id='line_1_31' title="bbox 374 3606 1632 3676; baseline 0.001 -15"><span class='ocrx_word' id='word_1_314' title='bbox 374 3613 398 3661; x_wconf 90' lang='lat' dir='ltr'><strong>t.</strong></span> <span class='ocrx_word' id='word_1_315' title='bbox 416 3614 461 3661; x_wconf 88' lang='lat' dir='ltr'><strong>aut</strong></span> <span class='ocrx_word' id='word_1_316' title='bbox 478 3621 528 3660; x_wconf 93' lang='lat' dir='ltr'><strong>om.</strong></span> <span class='ocrx_word' id='word_1_317' title='bbox 544 3609 562 3659; x_wconf 84' lang='lat' dir='ltr'>F</span> <span class='ocrx_word' id='word_1_318' title='bbox 577 3635 602 3644; x_wconf 98' lang='lat'>-</span> <span class='ocrx_word' id='word_1_319' title='bbox 622 3606 784 3670; x_wconf 81' lang='lat' dir='ltr'><strong>astipulatore</strong></span> <span class='ocrx_word' id='word_1_320' title='bbox 802 3607 836 3664; x_wconf 87' lang='lat' dir='ltr'><strong>c;</strong></span> <span class='ocrx_word' id='word_1_321' title='bbox 855 3606 1059 3670; x_wconf 76' lang='lat' dir='ltr'><strong>adstipulatorem</strong></span> <span class='ocrx_word' id='word_1_322' title='bbox 1074 3608 1109 3666; x_wconf 83' lang='lat' dir='ltr'><strong>E;</strong></span> <span class='ocrx_word' id='word_1_323' title='bbox 1127 3609 1274 3672; x_wconf 82' lang='lat' dir='ltr'><strong>stipulatam</strong></span> <span class='ocrx_word' id='word_1_324' title='bbox 1291 3611 1317 3659; x_wconf 91' lang='lat' dir='ltr'><strong>S.</strong></span> <span class='ocrx_word' id='word_1_325' title='bbox 1336 3609 1374 3661; x_wconf 92' lang='lat' dir='ltr'><strong>Cl.</strong></span> <span class='ocrx_word' id='word_1_326' title='bbox 1389 3611 1480 3662; x_wconf 88' lang='lat' dir='ltr'><strong>Galum</strong></span> <span class='ocrx_word' id='word_1_327' title='bbox 1492 3611 1540 3673; x_wconf 95' lang='lat' dir='ltr'><strong>lll,</strong></span> <span class='ocrx_word' id='word_1_328' title='bbox 1558 3611 1632 3676; x_wconf 70' lang='lat' dir='ltr'><strong>§tta</strong></span> 
     </span>
    </p>

    <p class='ocr_par' dir='ltr' id='par_1_22' title="bbox 205 3681 1635 5258">
     <span class='ocr_line' id='line_1_32' title="bbox 309 3681 1634 3750; baseline 0.002 -14"><span class='ocrx_word' id='word_1_329' title='bbox 309 3699 334 3750; x_wconf 93' lang='lat' dir='ltr'><strong>p.</strong></span> <span class='ocrx_word' id='word_1_330' title='bbox 353 3685 401 3738; x_wconf 76' lang='lat' dir='ltr'><strong>tat</strong></span> <span class='ocrx_word' id='word_1_331' title='bbox 419 3685 462 3736; x_wconf 89' lang='lat' dir='ltr'><strong>ed.</strong></span> <span class='ocrx_word' id='word_1_332' title='bbox 481 3683 588 3734; x_wconf 81' lang='lat' dir='ltr'><strong>Lac-hm.</strong></span> <span class='ocrx_word' id='word_1_333' title='bbox 609 3707 637 3720; x_wconf 94' lang='lat'><em>-</em></span> <span class='ocrx_word' id='word_1_334' title='bbox 656 3685 681 3732; x_wconf 77' lang='lat' dir='ltr'><strong>T.</strong></span> <span class='ocrx_word' id='word_1_335' title='bbox 697 3681 800 3744; x_wconf 80' lang='lat' dir='ltr'><strong>putidae</strong></span> <span class='ocrx_word' id='word_1_336' title='bbox 816 3683 864 3732; x_wconf 82' lang='lat' dir='ltr'><strong>rc</strong></span> <span class='ocrx_word' id='word_1_337' title='bbox 877 3683 909 3732; x_wconf 86' lang='lat' dir='ltr'><strong>S:</strong></span> <span class='ocrx_word' id='word_1_338' title='bbox 926 3684 1045 3745; x_wconf 78' lang='lat' dir='ltr'><strong>putidae</strong></span> <span class='ocrx_word' id='word_1_339' title='bbox 1060 3683 1107 3734; x_wconf 85' lang='lat' dir='ltr'><strong>EF</strong></span> <span class='ocrx_word' id='word_1_340' title='bbox 1125 3710 1152 3720; x_wconf 97' lang='lat'><em>-</em></span> <span class='ocrx_word' id='word_1_341' title='bbox 1172 3685 1326 3735; x_wconf 74' lang='lat' dir='ltr'><strong>saraceni.</strong></span> <span class='ocrx_word' id='word_1_342' title='bbox 1345 3687 1373 3736; x_wconf 85' lang='lat' dir='ltr'><strong>P.</strong></span> <span class='ocrx_word' id='word_1_343' title='bbox 1396 3684 1482 3736; x_wconf 83' lang='lat' dir='ltr'><strong>Faber</strong></span> <span class='ocrx_word' id='word_1_344' title='bbox 1497 3688 1524 3737; x_wconf 93' lang='lat' dir='ltr'><strong>in</strong></span> <span class='ocrx_word' id='word_1_345' title='bbox 1540 3689 1634 3739; x_wconf 89' lang='lat' dir='ltr'><strong>Seme-</strong></span> 
     </span>
     <span class='ocr_line' id='line_1_33' title="bbox 308 3756 1634 3827; baseline 0.002 -16"><span class='ocrx_word' id='word_1_346' title='bbox 308 3761 402 3812; x_wconf 89' lang='lat' dir='ltr'><strong>strlum</strong></span> <span class='ocrx_word' id='word_1_347' title='bbox 418 3758 464 3811; x_wconf 92' lang='lat' dir='ltr'><strong>lib.</strong></span> <span class='ocrx_word' id='word_1_348' title='bbox 482 3760 505 3819; x_wconf 90' lang='lat'><strong>1,</strong></span> <span class='ocrx_word' id='word_1_349' title='bbox 525 3771 549 3809; x_wconf 91' lang='lat' dir='ltr'><strong>a.</strong></span> <span class='ocrx_word' id='word_1_350' title='bbox 568 3759 608 3808; x_wconf 88' lang='lat' dir='ltr'><strong>tt.</strong></span> <span class='ocrx_word' id='word_1_351' title='bbox 626 3785 651 3795; x_wconf 96' lang='lat'><em>-</em></span> <span class='ocrx_word' id='word_1_352' title='bbox 669 3756 782 3807; x_wconf 64' lang='lat' dir='ltr'><strong>combam</strong></span> <span class='ocrx_word' id='word_1_353' title='bbox 798 3757 845 3806; x_wconf 79' lang='lat' dir='ltr'><strong>uiti</strong></span> <span class='ocrx_word' id='word_1_354' title='bbox 861 3757 894 3808; x_wconf 90' lang='lat' dir='ltr'><strong>T:</strong></span> <span class='ocrx_word' id='word_1_355' title='bbox 912 3759 959 3807; x_wconf 84' lang='lat' dir='ltr'><strong>uiti</strong></span> <span class='ocrx_word' id='word_1_356' title='bbox 974 3759 1086 3809; x_wconf 86' lang='lat' dir='ltr'><strong>uolebam</strong></span> <span class='ocrx_word' id='word_1_357' title='bbox 1103 3759 1162 3810; x_wconf 92' lang='lat' dir='ltr'><strong>CO.</strong></span> <span class='ocrx_word' id='word_1_358' title='bbox 1187 3758 1305 3811; x_wconf 87' lang='lat' dir='ltr'><strong>Cebetas</strong></span> <span class='ocrx_word' id='word_1_359' title='bbox 1321 3758 1414 3810; x_wconf 69' lang='lat' dir='ltr'><strong>munit</strong></span> <span class='ocrx_word' id='word_1_360' title='bbox 1429 3763 1479 3823; x_wconf 86' lang='lat' dir='ltr'><strong>uti,</strong></span> <span class='ocrx_word' id='word_1_361' title='bbox 1498 3763 1634 3827; x_wconf 86' lang='lat' dir='ltr'><strong>quodutl-</strong></span> 
     </span>
     <span class='ocr_line' id='line_1_34' title="bbox 205 3831 1634 3904; baseline 0.001 -15"><span class='ocrx_word' id='word_1_362' title='bbox 205 3847 211 3854; x_wconf 83' lang='lat'><strong>·</strong></span> <span class='ocrx_word' id='word_1_363' title='bbox 307 3831 359 3902; x_wconf 80' lang='lat' dir='ltr'><strong>que</strong></span> <span class='ocrx_word' id='word_1_364' title='bbox 382 3833 586 3900; x_wconf 88' lang='lat' dir='ltr'><strong>praeterendum</strong></span> <span class='ocrx_word' id='word_1_365' title='bbox 608 3833 687 3894; x_wconf 86' lang='lat' dir='ltr'><strong>leret,</strong></span> <span class='ocrx_word' id='word_1_366' title='bbox 711 3832 759 3884; x_wconf 92' lang='lat' dir='ltr'><strong>nisl</strong></span> <span class='ocrx_word' id='word_1_367' title='bbox 782 3831 888 3883; x_wconf 85' lang='lat' dir='ltr'><strong>adesset</strong></span> <span class='ocrx_word' id='word_1_368' title='bbox 910 3837 956 3882; x_wconf 86' lang='lat' dir='ltr'><strong>aut</strong></span> <span class='ocrx_word' id='word_1_369' title='bbox 977 3834 1104 3896; x_wconf 82' lang='lat' dir='ltr'><strong>praesidio</strong></span> <span class='ocrx_word' id='word_1_370' title='bbox 1122 3861 1150 3871; x_wconf 93' lang='lat'><em>-</em></span> <span class='ocrx_word' id='word_1_371' title='bbox 1176 3834 1321 3897; x_wconf 74' lang='lat' dir='ltr'><strong>expetebam</strong></span> <span class='ocrx_word' id='word_1_372' title='bbox 1337 3835 1391 3885; x_wconf 90' lang='lat' dir='ltr'><strong>mei</strong></span> <span class='ocrx_word' id='word_1_373' title='bbox 1409 3840 1516 3900; x_wconf 87' lang='lat' dir='ltr'><strong>praeter</strong></span> <span class='ocrx_word' id='word_1_374' title='bbox 1531 3840 1569 3902; x_wconf 85' lang='lat' dir='ltr'><strong>u,</strong></span> <span class='ocrx_word' id='word_1_375' title='bbox 1588 3841 1634 3904; x_wconf 88' lang='lat' dir='ltr'><strong>qul</strong></span> 
     </span>
     <span class='ocr_line' id='line_1_35' title="bbox 308 3905 1635 3975; baseline -0.002 -11"><span class='ocrx_word' id='word_1_376' title='bbox 308 3925 370 3964; x_wconf 87' lang='lat' dir='ltr'><strong>cum</strong></span> <span class='ocrx_word' id='word_1_377' title='bbox 386 3911 402 3964; x_wconf 78' lang='lat' dir='ltr'><strong>l</strong></span> <span class='ocrx_word' id='word_1_378' title='bbox 419 3912 519 3962; x_wconf 83' lang='lat' dir='ltr'><strong>Oxonn.</strong></span> <span class='ocrx_word' id='word_1_379' title='bbox 537 3907 620 3960; x_wconf 87' lang='lat' dir='ltr'><strong>babet</strong></span> <span class='ocrx_word' id='word_1_380' title='bbox 635 3907 797 3971; x_wconf 68' lang='lat' dir='ltr'><strong>expectabam</strong></span> <span class='ocrx_word' id='word_1_381' title='bbox 813 3932 841 3942; x_wconf 94' lang='lat'><em>-</em></span> <span class='ocrx_word' id='word_1_382' title='bbox 861 3905 885 3958; x_wconf 87' lang='lat' dir='ltr'><strong>l.</strong></span> <span class='ocrx_word' id='word_1_383' title='bbox 905 3907 1054 3970; x_wconf 82' lang='lat' dir='ltr'><strong>quaerebam</strong></span> <span class='ocrx_word' id='word_1_384' title='bbox 1071 3910 1105 3959; x_wconf 92' lang='lat' dir='ltr'><strong>T:</strong></span> <span class='ocrx_word' id='word_1_385' title='bbox 1122 3910 1282 3972; x_wconf 82' lang='lat' dir='ltr'><strong>requirebam</strong></span> <span class='ocrx_word' id='word_1_386' title='bbox 1298 3911 1357 3961; x_wconf 88' lang='lat' dir='ltr'><strong>CO.</strong></span> <span class='ocrx_word' id='word_1_387' title='bbox 1381 3911 1529 3975; x_wconf 65' lang='lat' dir='ltr'><strong>«Rmuirere</strong></span> <span class='ocrx_word' id='word_1_388' title='bbox 1544 3926 1635 3964; x_wconf 76' lang='lat' dir='ltr'><strong>conar-</strong></span> 
     </span>
     <span class='ocr_line' id='line_1_36' title="bbox 307 3980 1634 4052; baseline -0.003 -12"><span class='ocrx_word' id='word_1_389' title='bbox 307 3989 355 4040; x_wconf 91' lang='lat' dir='ltr'><strong>tem</strong></span> <span class='ocrx_word' id='word_1_390' title='bbox 376 3989 418 4038; x_wconf 89' lang='lat' dir='ltr'><strong>est</strong></span> <span class='ocrx_word' id='word_1_391' title='bbox 438 3998 501 4036; x_wconf 89' lang='lat' dir='ltr'><strong>eum</strong></span> <span class='ocrx_word' id='word_1_392' title='bbox 517 3997 648 4048; x_wconf 84' lang='lat' dir='ltr'><strong>quaerere</strong></span> <span class='ocrx_word' id='word_1_393' title='bbox 666 3983 711 4047; x_wconf 91' lang='lat' dir='ltr'><strong>qul</strong></span> <span class='ocrx_word' id='word_1_394' title='bbox 734 3985 794 4032; x_wconf 89' lang='lat' dir='ltr'><strong>ante</strong></span> <span class='ocrx_word' id='word_1_395' title='bbox 813 3980 891 4032; x_wconf 85' lang='lat' dir='ltr'><strong>luerit</strong></span> <span class='ocrx_word' id='word_1_396' title='bbox 907 3996 1042 4048; x_wconf 86' lang='lat' dir='ltr'><strong>quemque</strong></span> <span class='ocrx_word' id='word_1_397' title='bbox 1059 3989 1201 4050; x_wconf 86' lang='lat' dir='ltr'><strong>propterea</strong></span> <span class='ocrx_word' id='word_1_398' title='bbox 1219 3985 1269 4037; x_wconf 88' lang='lat' dir='ltr'><strong>sibi</strong></span> <span class='ocrx_word' id='word_1_399' title='bbox 1287 3985 1379 4037; x_wconf 90' lang='lat' dir='ltr'><strong>deberi</strong></span> <span class='ocrx_word' id='word_1_400' title='bbox 1396 3988 1456 4051; x_wconf 85' lang='lat' dir='ltr'><strong>quis</strong></span> <span class='ocrx_word' id='word_1_401' title='bbox 1472 3990 1560 4052; x_wconf 69' lang='lat' dir='ltr'><strong>putem</strong></span> <span class='ocrx_word' id='word_1_402' title='bbox 1584 3991 1634 4042; x_wconf 84' lang='lat' dir='ltr'><strong>sed</strong></span> 
     </span>
     <span class='ocr_line' id='line_1_37' title="bbox 308 4058 1634 4127; baseline 0.001 -11"><span class='ocrx_word' id='word_1_403' title='bbox 308 4063 388 4116; x_wconf 89' lang='lat' dir='ltr'><strong>talem</strong></span> <span class='ocrx_word' id='word_1_404' title='bbox 410 4061 528 4114; x_wconf 90' lang='lat' dir='ltr'><strong>nondum</strong></span> <span class='ocrx_word' id='word_1_405' title='bbox 550 4061 577 4110; x_wconf 92' lang='lat' dir='ltr'><strong>ln</strong></span> <span class='ocrx_word' id='word_1_406' title='bbox 599 4061 692 4110; x_wconf 86' lang='lat' dir='ltr'><strong>Pisone</strong></span> <span class='ocrx_word' id='word_1_407' title='bbox 714 4059 851 4108; x_wconf 88' lang='lat' dir='ltr'><strong>invenerat</strong></span> <span class='ocrx_word' id='word_1_408' title='bbox 869 4058 970 4108; x_wconf 86' lang='lat' dir='ltr'><strong>Cicero.</strong></span> <span class='ocrx_word' id='word_1_409' title='bbox 1000 4059 1155 4120; x_wconf 81' lang='lat' dir='ltr'><strong>Quaerebam</strong></span> <span class='ocrx_word' id='word_1_410' title='bbox 1171 4061 1307 4120; x_wconf 78' lang='lat' dir='ltr'><strong>consulem,</strong></span> <span class='ocrx_word' id='word_1_411' title='bbox 1331 4061 1347 4110; x_wconf 92' lang='lat' dir='ltr'><strong>l.</strong></span> <span class='ocrx_word' id='word_1_412' title='bbox 1367 4074 1391 4111; x_wconf 89' lang='lat' dir='ltr'><strong>e.</strong></span> <span class='ocrx_word' id='word_1_413' title='bbox 1410 4075 1478 4127; x_wconf 87' lang='lat' dir='ltr'><strong>opus</strong></span> <span class='ocrx_word' id='word_1_414' title='bbox 1494 4064 1559 4114; x_wconf 91' lang='lat' dir='ltr'><strong>mibl</strong></span> <span class='ocrx_word' id='word_1_415' title='bbox 1576 4068 1634 4117; x_wconf 89' lang='lat' dir='ltr'><strong>erat</strong></span> 
     </span>
     <span class='ocr_line' id='line_1_38' title="bbox 309 4131 1631 4201; baseline -0.003 -7"><span class='ocrx_word' id='word_1_416' title='bbox 309 4139 426 4194; x_wconf 86' lang='lat' dir='ltr'><strong>consule.</strong></span> <span class='ocrx_word' id='word_1_417' title='bbox 451 4137 489 4190; x_wconf 86' lang='lat' dir='ltr'><strong>cl.</strong></span> <span class='ocrx_word' id='word_1_418' title='bbox 508 4137 582 4187; x_wconf 86' lang='lat' dir='ltr'><strong>Verr.</strong></span> <span class='ocrx_word' id='word_1_419' title='bbox 601 4137 649 4197; x_wconf 99' lang='grc' dir='ltr'>ΙΙΙ,</span> <span class='ocrx_word' id='word_1_420' title='bbox 668 4135 709 4195; x_wconf 75' lang='grc' dir='ltr'><strong>ΙΙ,</strong></span> <span class='ocrx_word' id='word_1_421' title='bbox 729 4131 802 4184; x_wconf 75' lang='lat' dir='ltr'><strong>tta.»</strong></span> <span class='ocrx_word' id='word_1_422' title='bbox 819 4134 898 4184; x_wconf 75' lang='lat' dir='ltr'><strong>Bura.</strong></span> <span class='ocrx_word' id='word_1_423' title='bbox 926 4134 1025 4184; x_wconf 88' lang='lat' dir='ltr'><strong>Firmat</strong></span> <span class='ocrx_word' id='word_1_424' title='bbox 1041 4135 1190 4198; x_wconf 89' lang='lat' dir='ltr'><strong>quaerebam</strong></span> <span class='ocrx_word' id='word_1_425' title='bbox 1207 4135 1287 4187; x_wconf 85' lang='lat' dir='ltr'><strong>etlam</strong></span> <span class='ocrx_word' id='word_1_426' title='bbox 1305 4134 1421 4187; x_wconf 87' lang='lat' dir='ltr'><strong>Isidorus</strong></span> <span class='ocrx_word' id='word_1_427' title='bbox 1437 4136 1523 4201; x_wconf 83' lang='lat' dir='ltr'><strong>origg.</strong></span> <span class='ocrx_word' id='word_1_428' title='bbox 1538 4139 1571 4200; x_wconf 90' lang='grc' dir='ltr'><strong>ΙΙ,</strong></span> <span class='ocrx_word' id='word_1_429' title='bbox 1590 4139 1631 4201; x_wconf 79' lang='lat' dir='ltr'><strong>bt),</strong></span> 
     </span>
     <span class='ocr_line' id='line_1_39' title="bbox 243 4207 1633 4282; baseline 0.001 -20"><span class='ocrx_word' id='word_1_430' title='bbox 243 4249 251 4262; x_wconf 94' lang='lat'><strong>.</strong></span> <span class='ocrx_word' id='word_1_431' title='bbox 308 4217 336 4279; x_wconf 83' lang='grc' dir='ltr'><strong>Ι,</strong></span> <span class='ocrx_word' id='word_1_432' title='bbox 354 4217 400 4282; x_wconf 92' lang='lat' dir='ltr'><strong>qui</strong></span> <span class='ocrx_word' id='word_1_433' title='bbox 420 4229 453 4267; x_wconf 80' lang='lat' dir='ltr'><strong>ex</strong></span> <span class='ocrx_word' id='word_1_434' title='bbox 469 4215 520 4266; x_wconf 89' lang='lat' dir='ltr'><strong>boc</strong></span> <span class='ocrx_word' id='word_1_435' title='bbox 536 4211 594 4264; x_wconf 90' lang='lat' dir='ltr'><strong>loco</strong></span> <span class='ocrx_word' id='word_1_436' title='bbox 613 4211 705 4262; x_wconf 86' lang='lat' dir='ltr'><strong>alleri:</strong></span> <span class='ocrx_word' id='word_1_437' title='bbox 725 4209 865 4270; x_wconf 71' lang='lat' dir='ltr'><strong>Concedam,</strong></span> <span class='ocrx_word' id='word_1_438' title='bbox 888 4207 1006 4272; x_wconf 85' lang='lat' dir='ltr'><strong>iuquam,</strong></span> <span class='ocrx_word' id='word_1_439' title='bbox 1025 4211 1175 4270; x_wconf 79' lang='lat' dir='ltr'><strong>quaerebam</strong></span> <span class='ocrx_word' id='word_1_440' title='bbox 1192 4211 1241 4276; x_wconf 86' lang='lat' dir='ltr'><strong>(sic</strong></span> <span class='ocrx_word' id='word_1_441' title='bbox 1257 4211 1273 4262; x_wconf 81' lang='lat'><strong>3</strong></span> <span class='ocrx_word' id='word_1_442' title='bbox 1290 4209 1369 4261; x_wconf 91' lang='lat' dir='ltr'><strong>codd.</strong></span> <span class='ocrx_word' id='word_1_443' title='bbox 1388 4213 1489 4264; x_wconf 77' lang='lat' dir='ltr'><strong>Monac.</strong></span> <span class='ocrx_word' id='word_1_444' title='bbox 1506 4215 1633 4269; x_wconf 87' lang='lat' dir='ltr'><strong>vetustis-</strong></span> 
     </span>
     <span class='ocr_line' id='line_1_40' title="bbox 308 4284 1634 4358; baseline -0.005 -14"><span class='ocrx_word' id='word_1_445' title='bbox 308 4293 384 4352; x_wconf 86' lang='lat' dir='ltr'><strong>sinri;</strong></span> <span class='ocrx_word' id='word_1_446' title='bbox 400 4287 549 4358; x_wconf 71' lang='lat' dir='ltr'><strong>qrucrebam</strong></span> <span class='ocrx_word' id='word_1_447' title='bbox 564 4288 646 4348; x_wconf 85' lang='lat' dir='ltr'><strong>laqutt</strong></span> <span class='ocrx_word' id='word_1_448' title='bbox 661 4284 705 4336; x_wconf 90' lang='lat' dir='ltr'><strong>ed.</strong></span> <span class='ocrx_word' id='word_1_449' title='bbox 725 4284 838 4346; x_wconf 86' lang='lat' dir='ltr'><strong>0tton.),</strong></span> <span class='ocrx_word' id='word_1_450' title='bbox 857 4297 929 4346; x_wconf 88' lang='lat' dir='ltr'><strong>quem</strong></span> <span class='ocrx_word' id='word_1_451' title='bbox 944 4284 972 4334; x_wconf 85' lang='lat' dir='ltr'><strong>ia</strong></span> <span class='ocrx_word' id='word_1_452' title='bbox 988 4285 1035 4334; x_wconf 84' lang='lat' dir='ltr'><strong>isto</strong></span> <span class='ocrx_word' id='word_1_453' title='bbox 1051 4286 1142 4336; x_wconf 85' lang='lat' dir='ltr'><strong>maiuli</strong></span> <span class='ocrx_word' id='word_1_454' title='bbox 1157 4288 1268 4338; x_wconf 80' lang='lat' dir='ltr'><strong>tuueatm</strong></span> <span class='ocrx_word' id='word_1_455' title='bbox 1283 4300 1334 4336; x_wconf 86' lang='lat' dir='ltr'><strong>nau</strong></span> <span class='ocrx_word' id='word_1_456' title='bbox 1348 4290 1471 4348; x_wconf 87' lang='lat' dir='ltr'><strong>poteram.</strong></span> <span class='ocrx_word' id='word_1_457' title='bbox 1489 4314 1516 4324; x_wconf 91' lang='lat'><em>-</em></span> <span class='ocrx_word' id='word_1_458' title='bbox 1535 4289 1560 4338; x_wconf 85' lang='lat' dir='ltr'><strong>b.</strong></span> <span class='ocrx_word' id='word_1_459' title='bbox 1577 4301 1634 4339; x_wconf 88' lang='lat' dir='ltr'><strong>ma-</strong></span> 
     </span>
     <span class='ocr_line' id='line_1_41' title="bbox 307 4357 1633 4422; baseline -0.005 -1"><span class='ocrx_word' id='word_1_460' title='bbox 307 4369 355 4422; x_wconf 87' lang='lat' dir='ltr'><strong>iali</strong></span> <span class='ocrx_word' id='word_1_461' title='bbox 370 4369 389 4419; x_wconf 99' lang='lat' dir='ltr'><strong>T</strong></span> <span class='ocrx_word' id='word_1_462' title='bbox 406 4370 434 4418; x_wconf 90' lang='lat' dir='ltr'><strong>et</strong></span> <span class='ocrx_word' id='word_1_463' title='bbox 448 4364 576 4417; x_wconf 89' lang='lat' dir='ltr'><strong>isidorus:</strong></span> <span class='ocrx_word' id='word_1_464' title='bbox 596 4361 700 4412; x_wconf 73' lang='lat' dir='ltr'><strong>animab</strong></span> <span class='ocrx_word' id='word_1_465' title='bbox 717 4359 795 4412; x_wconf 92' lang='lat' dir='ltr'><strong>codd.</strong></span> <span class='ocrx_word' id='word_1_466' title='bbox 808 4357 866 4410; x_wconf 83' lang='lat' dir='ltr'><strong>rell.</strong></span> <span class='ocrx_word' id='word_1_467' title='bbox 880 4385 907 4394; x_wconf 94' lang='lat'>—</span> <span class='ocrx_word' id='word_1_468' title='bbox 927 4359 951 4409; x_wconf 80' lang='lat' dir='ltr'><strong>a.</strong></span> <span class='ocrx_word' id='word_1_469' title='bbox 970 4360 1098 4410; x_wconf 66' lang='lat' dir='ltr'><strong>commum</strong></span> <span class='ocrx_word' id='word_1_470' title='bbox 1114 4361 1176 4411; x_wconf 86' lang='grc' dir='ltr'><strong>Ε-</strong></span> <span class='ocrx_word' id='word_1_471' title='bbox 1196 4363 1237 4412; x_wconf 89' lang='lat' dir='ltr'><strong>tl.</strong></span> <span class='ocrx_word' id='word_1_472' title='bbox 1252 4373 1283 4412; x_wconf 89' lang='lat' dir='ltr'><strong>uc</strong></span> <span class='ocrx_word' id='word_1_473' title='bbox 1299 4368 1383 4412; x_wconf 78' lang='lat' dir='ltr'><strong>tamea</strong></span> <span class='ocrx_word' id='word_1_474' title='bbox 1399 4363 1545 4414; x_wconf 77' lang='lat' dir='ltr'><strong>Taras:</strong></span> <span class='ocrx_word' id='word_1_475' title='bbox 1563 4370 1633 4414; x_wconf 89' lang='lat' dir='ltr'><strong>atta-</strong></span> 
     </span>
     <span class='ocr_line' id='line_1_42' title="bbox 307 4433 1630 4504; baseline -0.005 -8"><span class='ocrx_word' id='word_1_476' title='bbox 307 4444 442 4496; x_wconf 80' lang='lat' dir='ltr'><strong>mmo-</strong></span> <span class='ocrx_word' id='word_1_477' title='bbox 461 4438 707 4492; x_wconf 77' lang='lat' dir='ltr'><strong>taaumators:</strong></span> <span class='ocrx_word' id='word_1_478' title='bbox 725 4433 1042 4487; x_wconf 86' lang='lat' dir='ltr'><strong>cumciodiaiiiaEF-</strong></span> <span class='ocrx_word' id='word_1_479' title='bbox 1060 4435 1169 4487; x_wconf 82' lang='lat' dir='ltr'><strong>baeturia</strong></span> <span class='ocrx_word' id='word_1_480' title='bbox 1187 4437 1206 4489; x_wconf 81' lang='lat' dir='ltr'>E</span> <span class='ocrx_word' id='word_1_481' title='bbox 1226 4465 1252 4474; x_wconf 89' lang='lat'>-</span> <span class='ocrx_word' id='word_1_482' title='bbox 1270 4437 1630 4504; x_wconf 81' lang='lat' dir='ltr'><strong>aumqabiuioaottean-</strong></span> 
     </span>
     <span class='ocr_line' id='line_1_43' title="bbox 308 4509 1632 4582; baseline -0.005 -12"><span class='ocrx_word' id='word_1_483' title='bbox 308 4519 349 4572; x_wconf 80' lang='lat' dir='ltr'><strong>tl.</strong></span> <span class='ocrx_word' id='word_1_484' title='bbox 368 4520 397 4582; x_wconf 84' lang='grc'><strong>0.</strong></span> <span class='ocrx_word' id='word_1_485' title='bbox 416 4517 473 4568; x_wconf 86' lang='lat' dir='ltr'><strong>FS:</strong></span> <span class='ocrx_word' id='word_1_486' title='bbox 495 4527 560 4578; x_wconf 85' lang='lat' dir='ltr'><strong>quaa</strong></span> <span class='ocrx_word' id='word_1_487' title='bbox 576 4513 627 4563; x_wconf 82' lang='lat' dir='ltr'><strong>TE</strong></span> <span class='ocrx_word' id='word_1_488' title='bbox 646 4538 672 4548; x_wconf 91' lang='lat'>-</span> <span class='ocrx_word' id='word_1_489' title='bbox 693 4513 733 4562; x_wconf 89' lang='lat' dir='ltr'><strong>lb.</strong></span> <span class='ocrx_word' id='word_1_490' title='bbox 752 4511 795 4576; x_wconf 85' lang='lat' dir='ltr'><strong>qui</strong></span> <span class='ocrx_word' id='word_1_491' title='bbox 811 4523 865 4560; x_wconf 89' lang='lat' dir='ltr'><strong>om.</strong></span> <span class='ocrx_word' id='word_1_492' title='bbox 881 4510 900 4560; x_wconf 87' lang='lat' dir='ltr'>E</span> <span class='ocrx_word' id='word_1_493' title='bbox 918 4536 945 4546; x_wconf 92' lang='lat'><em>-</em></span> <span class='ocrx_word' id='word_1_494' title='bbox 967 4509 1007 4560; x_wconf 81' lang='lat' dir='ltr'><strong>tt.</strong></span> <span class='ocrx_word' id='word_1_495' title='bbox 1025 4511 1090 4561; x_wconf 77' lang='lat' dir='ltr'><strong>dicit</strong></span> <span class='ocrx_word' id='word_1_496' title='bbox 1106 4512 1143 4574; x_wconf 84' lang='lat' dir='ltr'><strong>E,</strong></span> <span class='ocrx_word' id='word_1_497' title='bbox 1161 4510 1321 4575; x_wconf 67' lang='lat' dir='ltr'><strong>otgit-</strong></span> <span class='ocrx_word' id='word_1_498' title='bbox 1340 4513 1380 4562; x_wconf 83' lang='lat' dir='ltr'><strong>te.</strong></span> <span class='ocrx_word' id='word_1_499' title='bbox 1399 4526 1434 4563; x_wconf 90' lang='lat' dir='ltr'><strong>au</strong></span> <span class='ocrx_word' id='word_1_500' title='bbox 1450 4513 1536 4564; x_wconf 82' lang='lat' dir='ltr'><strong>TFS:</strong></span> <span class='ocrx_word' id='word_1_501' title='bbox 1555 4514 1632 4564; x_wconf 87' lang='lat' dir='ltr'><strong>autE</strong></span> 
     </span>
     <span class='ocr_line' id='line_1_44' title="bbox 310 4583 1632 4652; baseline 0.001 -13"><span class='ocrx_word' id='word_1_502' title='bbox 310 4621 337 4630; x_wconf 92' lang='grc'><strong>-</strong></span> <span class='ocrx_word' id='word_1_503' title='bbox 356 4591 459 4644; x_wconf 78' lang='lat' dir='ltr'><strong>barbata</strong></span> <span class='ocrx_word' id='word_1_504' title='bbox 480 4592 512 4652; x_wconf 88' lang='lat' dir='ltr'><strong>P,</strong></span> <span class='ocrx_word' id='word_1_505' title='bbox 537 4591 566 4639; x_wconf 91' lang='lat' dir='ltr'><strong>ut</strong></span> <span class='ocrx_word' id='word_1_506' title='bbox 582 4586 695 4637; x_wconf 88' lang='lat' dir='ltr'><strong>vldetur.</strong></span> <span class='ocrx_word' id='word_1_507' title='bbox 716 4613 743 4622; x_wconf 92' lang='lat'>—</span> <span class='ocrx_word' id='word_1_508' title='bbox 768 4587 881 4648; x_wconf 88' lang='lat' dir='ltr'><strong>epicureo</strong></span> <span class='ocrx_word' id='word_1_509' title='bbox 898 4585 918 4636; x_wconf 97' lang='lat' dir='ltr'><strong>T</strong></span> <span class='ocrx_word' id='word_1_510' title='bbox 936 4585 973 4646; x_wconf 86' lang='lat' dir='ltr'><strong>(ut</strong></span> <span class='ocrx_word' id='word_1_511' title='bbox 990 4583 1102 4647; x_wconf 84' lang='lat' dir='ltr'><strong>uidetur)</strong></span> <span class='ocrx_word' id='word_1_512' title='bbox 1120 4586 1209 4646; x_wconf 87' lang='lat' dir='ltr'><strong>EPS;</strong></span> <span class='ocrx_word' id='word_1_513' title='bbox 1233 4587 1343 4650; x_wconf 83' lang='lat' dir='ltr'><strong>epicurio</strong></span> <span class='ocrx_word' id='word_1_514' title='bbox 1365 4588 1427 4647; x_wconf 67' lang='lat' dir='ltr'><strong>rm</strong></span> <span class='ocrx_word' id='word_1_515' title='bbox 1448 4588 1558 4652; x_wconf 76' lang='lat' dir='ltr'><strong>Epicuro</strong></span> <span class='ocrx_word' id='word_1_516' title='bbox 1578 4591 1632 4640; x_wconf 87' lang='grc' dir='ltr'><strong>ΙΙΟ</strong></span> 
     </span>
     <span class='ocr_line' id='line_1_45' title="bbox 309 4658 1631 4734; baseline -0.007 -13"><span class='ocrx_word' id='word_1_517' title='bbox 309 4667 351 4734; x_wconf 87' lang='lat' dir='ltr'><strong>(cl.</strong></span> <span class='ocrx_word' id='word_1_518' title='bbox 365 4667 431 4733; x_wconf 73' lang='lat'>537)</span> <span class='ocrx_word' id='word_1_519' title='bbox 452 4693 478 4703; x_wconf 98' lang='lat'>-</span> <span class='ocrx_word' id='word_1_520' title='bbox 497 4663 652 4716; x_wconf 75' lang='lat' dir='ltr'><strong>iautmaaria</strong></span> <span class='ocrx_word' id='word_1_521' title='bbox 668 4663 731 4714; x_wconf 92' lang='lat' dir='ltr'><strong>TC:</strong></span> <span class='ocrx_word' id='word_1_522' title='bbox 749 4661 888 4712; x_wconf 75' lang='lat' dir='ltr'><strong>tcmuars&#39;o</strong></span> <span class='ocrx_word' id='word_1_523' title='bbox 900 4659 928 4711; x_wconf 95' lang='grc'><strong>0.</strong></span> <span class='ocrx_word' id='word_1_524' title='bbox 948 4659 987 4711; x_wconf 92' lang='lat' dir='ltr'><strong>Cl.</strong></span> <span class='ocrx_word' id='word_1_525' title='bbox 1001 4658 1082 4711; x_wconf 83' lang='lat' dir='ltr'><strong>Klotz.</strong></span> <span class='ocrx_word' id='word_1_526' title='bbox 1096 4661 1123 4712; x_wconf 91' lang='lat' dir='ltr'><strong>ln</strong></span> <span class='ocrx_word' id='word_1_527' title='bbox 1134 4661 1224 4712; x_wconf 79' lang='lat' dir='ltr'><strong>Ausul.</strong></span> <span class='ocrx_word' id='word_1_528' title='bbox 1235 4675 1293 4713; x_wconf 88' lang='lat' dir='ltr'><strong>aou.</strong></span> <span class='ocrx_word' id='word_1_529' title='bbox 1302 4662 1388 4725; x_wconf 85' lang='lat' dir='ltr'><strong>pbiiol.</strong></span> <span class='ocrx_word' id='word_1_530' title='bbox 1402 4660 1459 4713; x_wconf 85' lang='lat' dir='ltr'><strong>Vol.</strong></span> <span class='ocrx_word' id='word_1_531' title='bbox 1476 4661 1533 4724; x_wconf 82' lang='lat' dir='ltr'><strong>XL,</strong></span> <span class='ocrx_word' id='word_1_532' title='bbox 1552 4677 1578 4728; x_wconf 91' lang='lat' dir='ltr'><strong>p.</strong></span> <span class='ocrx_word' id='word_1_533' title='bbox 1590 4662 1631 4713; x_wconf 82' lang='lat' dir='ltr'><strong>aa.</strong></span> 
     </span>
     <span class='ocr_line' id='line_1_46' title="bbox 310 4734 1631 4804; baseline -0.009 -8"><span class='ocrx_word' id='word_1_534' title='bbox 310 4743 492 4796; x_wconf 80' lang='lat' dir='ltr'><strong>-ecuruleT2</strong></span> <span class='ocrx_word' id='word_1_535' title='bbox 512 4753 573 4804; x_wconf 84' lang='lat' dir='ltr'><strong>quar</strong></span> <span class='ocrx_word' id='word_1_536' title='bbox 589 4735 939 4802; x_wconf 64' lang='lat' dir='ltr'><strong>Tstexcompendioaorq,</strong></span> <span class='ocrx_word' id='word_1_537' title='bbox 959 4735 1026 4799; x_wconf 90' lang='lat' dir='ltr'><strong>quad</strong></span> <span class='ocrx_word' id='word_1_538' title='bbox 1041 4734 1061 4784; x_wconf 85' lang='lat' dir='ltr'>E</span> <span class='ocrx_word' id='word_1_539' title='bbox 1076 4762 1103 4772; x_wconf 96' lang='lat'><em>-</em></span> <span class='ocrx_word' id='word_1_540' title='bbox 1121 4735 1160 4786; x_wconf 76' lang='lat'><strong>20.</strong></span> <span class='ocrx_word' id='word_1_541' title='bbox 1181 4735 1298 4797; x_wconf 77' lang='lat' dir='ltr'><strong>eurabala</strong></span> <span class='ocrx_word' id='word_1_542' title='bbox 1314 4737 1387 4787; x_wconf 85' lang='lat' dir='ltr'><strong>TTS</strong></span> <span class='ocrx_word' id='word_1_543' title='bbox 1405 4736 1493 4801; x_wconf 85' lang='lat' dir='ltr'><strong>(sedT</strong></span> <span class='ocrx_word' id='word_1_544' title='bbox 1507 4737 1631 4798; x_wconf 75' lang='lat' dir='ltr'><strong>ciabnialz</strong></span> 
     </span>
     <span class='ocr_line' id='line_1_47' title="bbox 307 4807 1635 4878; baseline -0.008 -6"><span class='ocrx_word' id='word_1_545' title='bbox 307 4821 415 4872; x_wconf 79' lang='lat' dir='ltr'><strong>motatio</strong></span> <span class='ocrx_word' id='word_1_546' title='bbox 431 4819 542 4876; x_wconf 76' lang='lat' dir='ltr'><strong>EthP3</strong></span> <span class='ocrx_word' id='word_1_547' title='bbox 561 4813 676 4878; x_wconf 82' lang='lat' dir='ltr'><strong>cumbala</strong></span> <span class='ocrx_word' id='word_1_548' title='bbox 686 4828 717 4865; x_wconf 91' lang='lat' dir='ltr'><strong>ac</strong></span> <span class='ocrx_word' id='word_1_549' title='bbox 727 4813 825 4864; x_wconf 86' lang='lat' dir='ltr'><strong>arctata</strong></span> <span class='ocrx_word' id='word_1_550' title='bbox 836 4811 899 4863; x_wconf 90' lang='lat' dir='ltr'><strong>edd.</strong></span> <span class='ocrx_word' id='word_1_551' title='bbox 918 4809 956 4862; x_wconf 74' lang='grc' dir='ltr'><strong>(ΙΙ.</strong></span> <span class='ocrx_word' id='word_1_552' title='bbox 970 4807 1068 4860; x_wconf 88' lang='lat' dir='ltr'><strong>Wuud.</strong></span> <span class='ocrx_word' id='word_1_553' title='bbox 1081 4824 1108 4876; x_wconf 95' lang='lat' dir='ltr'><strong>p.</strong></span> <span class='ocrx_word' id='word_1_554' title='bbox 1118 4810 1215 4862; x_wconf 76' lang='lat' dir='ltr'><strong>xtvrt.</strong></span> <span class='ocrx_word' id='word_1_555' title='bbox 1230 4839 1257 4849; x_wconf 96' lang='lat'>—</span> <span class='ocrx_word' id='word_1_556' title='bbox 1271 4812 1312 4863; x_wconf 69' lang='lat' dir='ltr'><strong>tt.</strong></span> <span class='ocrx_word' id='word_1_557' title='bbox 1323 4813 1448 4876; x_wconf 73' lang='lat' dir='ltr'><strong>lupusque</strong></span> <span class='ocrx_word' id='word_1_558' title='bbox 1463 4816 1516 4862; x_wconf 90' lang='lat' dir='ltr'><strong>tam</strong></span> <span class='ocrx_word' id='word_1_559' title='bbox 1527 4813 1547 4863; x_wconf 85' lang='grc' dir='ltr'>Ε</span> <span class='ocrx_word' id='word_1_560' title='bbox 1560 4838 1588 4848; x_wconf 97' lang='grc'>-</span> <span class='ocrx_word' id='word_1_561' title='bbox 1605 4816 1635 4861; x_wconf 87' lang='lat' dir='ltr'><strong>ut</strong></span> 
     </span>
     <span class='ocr_line' id='line_1_48' title="bbox 307 4884 1633 4960; baseline -0.007 -14"><span class='ocrx_word' id='word_1_562' title='bbox 307 4897 351 4960; x_wconf 86' lang='lat' dir='ltr'><strong>qut</strong></span> <span class='ocrx_word' id='word_1_563' title='bbox 361 4920 398 4933; x_wconf 94' lang='lat'><strong>--</strong></span> <span class='ocrx_word' id='word_1_564' title='bbox 407 4892 602 4958; x_wconf 80' lang='lat' dir='ltr'><strong>pertimescerem</strong></span> <span class='ocrx_word' id='word_1_565' title='bbox 617 4890 695 4942; x_wconf 84' lang='lat' dir='ltr'><strong>allert</strong></span> <span class='ocrx_word' id='word_1_566' title='bbox 709 4889 852 4942; x_wconf 87' lang='lat' dir='ltr'><strong>llartianns</strong></span> <span class='ocrx_word' id='word_1_567' title='bbox 869 4885 973 4953; x_wconf 87' lang='lat' dir='ltr'><strong>Capella</strong></span> <span class='ocrx_word' id='word_1_568' title='bbox 990 4884 1036 4936; x_wconf 90' lang='lat' dir='ltr'><strong>lib.</strong></span> <span class='ocrx_word' id='word_1_569' title='bbox 1050 4885 1081 4947; x_wconf 88' lang='lat' dir='ltr'><strong>v,</strong></span> <span class='ocrx_word' id='word_1_570' title='bbox 1094 4885 1109 4950; x_wconf 75' lang='lat' dir='ltr'>s</span> <span class='ocrx_word' id='word_1_571' title='bbox 1120 4887 1168 4938; x_wconf 82' lang='lat' dir='ltr'><strong>cta</strong></span> <span class='ocrx_word' id='word_1_572' title='bbox 1185 4900 1213 4952; x_wconf 92' lang='lat' dir='ltr'><strong>p.</strong></span> <span class='ocrx_word' id='word_1_573' title='bbox 1225 4886 1269 4940; x_wconf 79' lang='lat' dir='ltr'><strong>tta</strong></span> <span class='ocrx_word' id='word_1_574' title='bbox 1285 4887 1329 4938; x_wconf 88' lang='lat' dir='ltr'><strong>ed.</strong></span> <span class='ocrx_word' id='word_1_575' title='bbox 1341 4889 1427 4953; x_wconf 85' lang='lat' dir='ltr'><strong>chp.</strong></span> <span class='ocrx_word' id='word_1_576' title='bbox 1441 4915 1469 4926; x_wconf 96' lang='lat'><em>-</em></span> <span class='ocrx_word' id='word_1_577' title='bbox 1487 4887 1579 4944; x_wconf 78' lang='lat' dir='ltr'><strong>tuom.</strong></span> <span class='ocrx_word' id='word_1_578' title='bbox 1592 4887 1633 4938; x_wconf 84' lang='lat' dir='ltr'><strong>Fs</strong></span> 
     </span>
     <span class='ocr_line' id='line_1_49' title="bbox 308 4961 1631 5031; baseline -0.008 -11"><span class='ocrx_word' id='word_1_579' title='bbox 308 4995 336 5006; x_wconf 91' lang='lat'><strong>-·</strong></span> <span class='ocrx_word' id='word_1_580' title='bbox 349 4966 468 5020; x_wconf 79' lang='lat' dir='ltr'><strong>mactate</strong></span> <span class='ocrx_word' id='word_1_581' title='bbox 483 4967 664 5031; x_wconf 85' lang='lat' dir='ltr'><strong>tempestatibus</strong></span> <span class='ocrx_word' id='word_1_582' title='bbox 679 4963 794 5031; x_wconf 89' lang='lat' dir='ltr'><strong>Capella.</strong></span> <span class='ocrx_word' id='word_1_583' title='bbox 810 4990 837 5000; x_wconf 98' lang='lat'>-</span> <span class='ocrx_word' id='word_1_584' title='bbox 856 4963 897 5016; x_wconf 69' lang='grc' dir='ltr'><strong>ΙΙ.</strong></span> <span class='ocrx_word' id='word_1_585' title='bbox 916 4961 1001 5014; x_wconf 83' lang='lat' dir='ltr'><strong>anaim</strong></span> <span class='ocrx_word' id='word_1_586' title='bbox 1018 4961 1100 5012; x_wconf 89' lang='lat' dir='ltr'><strong>idem.</strong></span> <span class='ocrx_word' id='word_1_587' title='bbox 1113 4987 1141 4997; x_wconf 94' lang='lat'><em>-</em></span> <span class='ocrx_word' id='word_1_588' title='bbox 1159 4961 1201 5013; x_wconf 75' lang='lat'><strong>23.</strong></span> <span class='ocrx_word' id='word_1_589' title='bbox 1219 4966 1265 5012; x_wconf 88' lang='lat' dir='ltr'><strong>aur</strong></span> <span class='ocrx_word' id='word_1_590' title='bbox 1280 4963 1312 5025; x_wconf 96' lang='lat' dir='ltr'><strong>T,</strong></span> <span class='ocrx_word' id='word_1_591' title='bbox 1330 4964 1360 5013; x_wconf 91' lang='lat' dir='ltr'><strong>ut</strong></span> <span class='ocrx_word' id='word_1_592' title='bbox 1376 4963 1445 5014; x_wconf 92' lang='lat' dir='ltr'><strong>coni.</strong></span> <span class='ocrx_word' id='word_1_593' title='bbox 1463 4963 1631 5014; x_wconf 85' lang='lat' dir='ltr'><strong>Schuetzius:</strong></span> 
     </span>
     <span class='ocr_line' id='line_1_50' title="bbox 308 5035 1631 5115; baseline -0.008 -19"><span class='ocrx_word' id='word_1_594' title='bbox 308 5052 360 5096; x_wconf 82' lang='lat' dir='ltr'><strong>tter</strong></span> <span class='ocrx_word' id='word_1_595' title='bbox 377 5043 466 5102; x_wconf 82' lang='lat' dir='ltr'><strong>ETS;</strong></span> <span class='ocrx_word' id='word_1_596' title='bbox 485 5047 508 5094; x_wconf 90' lang='lat' dir='ltr'><strong>et</strong></span> <span class='ocrx_word' id='word_1_597' title='bbox 524 5040 639 5115; x_wconf 71' lang='lat' dir='ltr'><strong>Capella.</strong></span> <span class='ocrx_word' id='word_1_598' title='bbox 660 5070 688 5080; x_wconf 89' lang='lat'>-</span> <span class='ocrx_word' id='word_1_599' title='bbox 712 5040 754 5093; x_wconf 74' lang='lat' dir='ltr'><strong>Tb.</strong></span> <span class='ocrx_word' id='word_1_600' title='bbox 769 5039 888 5104; x_wconf 80' lang='lat' dir='ltr'><strong>pompaei</strong></span> <span class='ocrx_word' id='word_1_601' title='bbox 904 5039 921 5088; x_wconf 90' lang='lat' dir='ltr'>S</span> <span class='ocrx_word' id='word_1_602' title='bbox 940 5065 967 5076; x_wconf 93' lang='lat'>-</span> <span class='ocrx_word' id='word_1_603' title='bbox 993 5037 1068 5088; x_wconf 79' lang='lat' dir='ltr'><strong>aalile</strong></span> <span class='ocrx_word' id='word_1_604' title='bbox 1087 5037 1273 5101; x_wconf 80' lang='lat' dir='ltr'><strong>iupmatmtlbus</strong></span> <span class='ocrx_word' id='word_1_605' title='bbox 1288 5039 1308 5088; x_wconf 92' lang='lat' dir='ltr'><strong>T</strong></span> <span class='ocrx_word' id='word_1_606' title='bbox 1325 5063 1352 5074; x_wconf 92' lang='lat'>-</span> <span class='ocrx_word' id='word_1_607' title='bbox 1375 5037 1417 5090; x_wconf 77' lang='lat'><strong>25.</strong></span> <span class='ocrx_word' id='word_1_608' title='bbox 1435 5039 1478 5088; x_wconf 81' lang='lat' dir='ltr'><strong>red</strong></span> <span class='ocrx_word' id='word_1_609' title='bbox 1492 5039 1528 5088; x_wconf 85' lang='lat' dir='ltr'><strong>etc</strong></span> <span class='ocrx_word' id='word_1_610' title='bbox 1543 5036 1581 5088; x_wconf 79' lang='lat' dir='ltr'><strong>bis</strong></span> <span class='ocrx_word' id='word_1_611' title='bbox 1597 5035 1631 5104; x_wconf 76' lang='lat' dir='ltr'><strong>E;</strong></span> 
     </span>
     <span class='ocr_line' id='line_1_51' title="bbox 307 5110 1632 5183; baseline -0.008 -13"><span class='ocrx_word' id='word_1_612' title='bbox 307 5121 345 5170; x_wconf 82' lang='lat' dir='ltr'><strong>bis</strong></span> <span class='ocrx_word' id='word_1_613' title='bbox 361 5117 594 5170; x_wconf 82' lang='lat' dir='ltr'><strong>delclwunderus</strong></span> <span class='ocrx_word' id='word_1_614' title='bbox 610 5130 638 5183; x_wconf 97' lang='lat' dir='ltr'><strong>p.</strong></span> <span class='ocrx_word' id='word_1_615' title='bbox 650 5115 717 5177; x_wconf 79' lang='lat' dir='ltr'><strong>Lrv;</strong></span> <span class='ocrx_word' id='word_1_616' title='bbox 736 5115 772 5166; x_wconf 81' lang='lat' dir='ltr'><strong>bis</strong></span> <span class='ocrx_word' id='word_1_617' title='bbox 784 5113 1021 5168; x_wconf 68' lang='lat' dir='ltr'><strong>Mommsenio.-</strong></span> <span class='ocrx_word' id='word_1_618' title='bbox 1039 5112 1081 5163; x_wconf 69' lang='grc' dir='ltr'><strong>ΙΙ.</strong></span> <span class='ocrx_word' id='word_1_619' title='bbox 1099 5125 1115 5162; x_wconf 90' lang='lat' dir='ltr'><strong>o</strong></span> <span class='ocrx_word' id='word_1_620' title='bbox 1132 5124 1185 5163; x_wconf 90' lang='lat' dir='ltr'><strong>om.</strong></span> <span class='ocrx_word' id='word_1_621' title='bbox 1204 5112 1223 5162; x_wconf 87' lang='lat' dir='ltr'>E</span> <span class='ocrx_word' id='word_1_622' title='bbox 1242 5138 1271 5148; x_wconf 91' lang='lat'><em>-</em></span> <span class='ocrx_word' id='word_1_623' title='bbox 1287 5113 1402 5164; x_wconf 83' lang='lat' dir='ltr'><strong>uiaecorr</strong></span> <span class='ocrx_word' id='word_1_624' title='bbox 1418 5112 1450 5173; x_wconf 88' lang='lat' dir='ltr'><strong>T;</strong></span> <span class='ocrx_word' id='word_1_625' title='bbox 1469 5124 1555 5162; x_wconf 81' lang='lat' dir='ltr'><strong>oerore</strong></span> <span class='ocrx_word' id='word_1_626' title='bbox 1571 5110 1590 5159; x_wconf 94' lang='lat'>0</span> <span class='ocrx_word' id='word_1_627' title='bbox 1604 5135 1632 5145; x_wconf 83' lang='lat'>-</span> 
     </span>
     <span class='ocr_line' id='line_1_52' title="bbox 307 5183 1633 5258; baseline -0.006 -11"><span class='ocrx_word' id='word_1_628' title='bbox 307 5196 348 5248; x_wconf 73' lang='lat'><strong>28.</strong></span> <span class='ocrx_word' id='word_1_629' title='bbox 367 5192 459 5257; x_wconf 81' lang='lat' dir='ltr'><strong>tearpla</strong></span> <span class='ocrx_word' id='word_1_630' title='bbox 473 5197 597 5258; x_wconf 75' lang='lat' dir='ltr'><strong>quaerent</strong></span> <span class='ocrx_word' id='word_1_631' title='bbox 613 5205 667 5243; x_wconf 92' lang='lat' dir='ltr'><strong>om.</strong></span> <span class='ocrx_word' id='word_1_632' title='bbox 686 5192 706 5243; x_wconf 82' lang='lat' dir='ltr'><strong>E</strong></span> <span class='ocrx_word' id='word_1_633' title='bbox 722 5189 803 5244; x_wconf 89' lang='lat' dir='ltr'><strong>solus.</strong></span> <span class='ocrx_word' id='word_1_634' title='bbox 824 5215 850 5226; x_wconf 96' lang='lat'><em>-</em></span> <span class='ocrx_word' id='word_1_635' title='bbox 869 5191 925 5252; x_wconf 66' lang='lat' dir='ltr'><strong>msa</strong></span> <span class='ocrx_word' id='word_1_636' title='bbox 940 5185 1011 5240; x_wconf 83' lang='lat' dir='ltr'><strong>urbis</strong></span> <span class='ocrx_word' id='word_1_637' title='bbox 1026 5189 1060 5252; x_wconf 91' lang='lat' dir='ltr'><strong>T,</strong></span> <span class='ocrx_word' id='word_1_638' title='bbox 1076 5190 1107 5239; x_wconf 90' lang='lat' dir='ltr'><strong>ut</strong></span> <span class='ocrx_word' id='word_1_639' title='bbox 1122 5185 1241 5243; x_wconf 81' lang='lat' dir='ltr'><strong>ridetur:</strong></span> <span class='ocrx_word' id='word_1_640' title='bbox 1258 5187 1329 5241; x_wconf 78' lang='lat' dir='ltr'><strong>urbis</strong></span> <span class='ocrx_word' id='word_1_641' title='bbox 1342 5187 1400 5254; x_wconf 77' lang='lat' dir='ltr'><strong>ipra</strong></span> <span class='ocrx_word' id='word_1_642' title='bbox 1416 5185 1436 5239; x_wconf 88' lang='lat' dir='ltr'>C</span> <span class='ocrx_word' id='word_1_643' title='bbox 1454 5189 1481 5239; x_wconf 87' lang='lat' dir='ltr'><strong>at</strong></span> <span class='ocrx_word' id='word_1_644' title='bbox 1497 5184 1541 5238; x_wconf 89' lang='lat' dir='ltr'><strong>ed.</strong></span> <span class='ocrx_word' id='word_1_645' title='bbox 1557 5183 1633 5239; x_wconf 69' lang='lat' dir='ltr'><strong>tili.</strong></span> 
     </span>
    </p>
   </div>
   <div class='ocr_carea' id='block_1_4' title="bbox 310 5265 1422 5424">
    <p class='ocr_par' dir='ltr' id='par_1_23' title="bbox 310 5265 1422 5424">
     <span class='ocr_line' id='line_1_53' title="bbox 310 5265 893 5344; baseline -0.009 -23"><span class='ocrx_word' id='word_1_646' title='bbox 310 5271 397 5344; x_wconf 22' lang='lat' dir='ltr'><strong>..aa</strong></span> <span class='ocrx_word' id='word_1_647' title='bbox 414 5267 666 5334; x_wconf 56' lang='lat' dir='ltr'><strong>mutar:</strong></span> <span class='ocrx_word' id='word_1_648' title='bbox 684 5265 815 5330; x_wconf 72' lang='lat' dir='ltr'><strong>amru.</strong></span> <span class='ocrx_word' id='word_1_649' title='bbox 834 5265 893 5318; x_wconf 90' lang='lat' dir='ltr'><strong>co.</strong></span> 
     </span>
     <span class='ocr_line' id='line_1_54' title="bbox 352 5356 1422 5424; baseline -0.008 -10"><span class='ocrx_word' id='word_1_650' title='bbox 352 5359 522 5414; x_wconf 77' lang='lat' dir='ltr'><strong>aurern.</strong></span> <span class='ocrx_word' id='word_1_651' title='bbox 1380 5356 1422 5424; x_wconf 71' lang='lat' dir='ltr'><strong>qq</strong></span> 
     </span>
    </p>
   </div>
   <div class='ocr_carea' id='block_1_5' title="bbox 0 0 2011 6148">
    <p class='ocr_par' dir='ltr' id='par_1_24' title="bbox 0 0 2011 6148">
     <span class='ocr_line' id='line_1_55' title="bbox 0 0 2011 6148; baseline 0 0"><span class='ocrx_word' id='word_1_652' title='bbox 0 0 2011 6148; x_wconf 95' lang='lat' dir='ltr'><strong> </strong></span> 
     </span>
    </p>
   </div>
  </div>
 </body>
</html>
