4009 6159
162 1551 194 1570 θ’·

335 545 419 617 lidi
764 547 916 613 onarlo
937 546 1163 612 PHILIPPICA
1182 547 1223 611 11.

334 730 382 798 te,
409 727 444 785 tu
469 741 489 785 a
514 739 565 784 me
594 719 776 784 observatus
797 719 831 782 in
857 719 1012 802 petitione
1035 723 1233 802 quaesturae.
1268 715 1339 792 Quo
1361 715 1492 799 quidem
1511 721 1654 800 tempore

334 816 368 879 P.
385 814 527 879 Clodium
547 812 740 897 approbante
761 812 880 896 populo
895 813 1038 875 Romano
1060 812 1094 874 in
1111 810 1181 874 foro
1196 831 1230 875 es
1245 817 1376 875 conatus
1391 809 1546 883 occidere,
1568 827 1655 871 cum·

334 929 397 993 qne
419 927 488 972 eam
509 927 574 970 rem
604 915 657 970 tua
679 915 793 990 sponte
815 926 983 981 conarere,
1011 926 1076 970 non
1098 905 1235 989 impulsu
1258 925 1345 979 meo,
1372 912 1477 968 umen
1499 904 1543 968 ita
1564 923 1655 987 prae-

335 1001 478 1076 dicabas,
503 1007 535 1064 te
558 1021 623 1064 non
644 1001 843 1075 existimare,
869 1001 932 1064 nisi
954 1001 1043 1064 illum
1065 999 1295 1074 interfecisses,
1326 1017 1476 1082 umquam
1498 997 1577 1061 mibi
1597 1016 1655 1081 pro

311 1096 399 1159 etuis
427 1095 462 1159 in
490 1115 541 1158 me
562 1095 685 1158 iniuriis
707 1096 784 1158 satis
806 1115 876 1158 csse
897 1093 1064 1158 facturum.
1107 1095 1144 1156 ln
1166 1114 1232 1177 quo
1254 1093 1408 1167 demiror,
1430 1112 1486 1156 cur
1507 1092 1655 1157 Milonem

333 1189 473 1272 impulsu
494 1208 566 1252 meo
586 1208 654 1251 rem
674 1187 761 1251 illam
784 1189 886 1271 egisse
907 1188 1010 1264 dicas,
1039 1209 1112 1251 cum
1136 1194 1168 1251 te
1190 1188 1273 1250 ultro
1295 1185 1373 1249 mibi
1394 1184 1478 1250 idem
1500 1183 1580 1248 illud
1601 1187 1656 1249 de-

332 1281 487 1346 ferentem
509 1297 681 1365 numquam
704 1283 762 1345 sim
784 1283 978 1346 adhortatus.
1016 1281 1230 1365 Quamquam,
1261 1281 1343 1343 siin
1366 1299 1404 1343 eo
1427 1299 1655 1362 perseverares,

334 1374 373 1440 ad
402 1383 489 1440 tuam
518 1376 650 1460 gloriam
680 1397 748 1440 rem
775 1377 862 1440 illam
890 1376 999 1439 referri
1030 1375 1185 1439 malebam
1208 1394 1302 1458 quam
1330 1374 1369 1437 ad
1391 1393 1493 1438 meam
1514 1375 1655 1457 gratiam.

335 1467 386 1532 50.
402 1469 558 1546 Quaestor
578 1490 613 1533 es
634 1469 752 1534 lactus:
774 1469 889 1534 deinde
904 1471 1054 1534 continuo
1074 1471 1142 1533 sine
1157 1477 1284 1532 senatus
1299 1469 1455 1543 consulto,
1477 1469 1546 1532 sine
1561 1476 1656 1542 sorte,

298 1564 404 1627 sosine
426 1564 494 1647 lege
516 1564 557 1628 ad
574 1565 739 1628 Caesarem
761 1565 944 1640 cucurristi;
963 1563 999 1650 id
1022 1565 1106 1627 enim
1121 1583 1221 1626 unum
1235 1564 1267 1626 in
1283 1564 1373 1627 terris
1388 1562 1553 1645 egestatis,
1574 1562 1655 1625 aeris

335 1658 447 1733 alieni,
468 1659 629 1743 nequitiae
650 1659 781 1743 perditis
802 1658 886 1723 vitae
908 1659 1084 1721 rationibus
1105 1656 1283 1742 perfugium
1297 1677 1367 1721 esse
1384 1656 1531 1721 ducebas.
1561 1655 1608 1718 lbi
1623 1663 1655 1718 te

335 1771 407 1816 cum
429 1758 462 1817 et
481 1751 567 1816 illius
589 1751 807 1835 largitionibus
830 1760 862 1815 et
882 1753 944 1815 tuis
962 1752 1082 1834 rapinis
1098 1751 1309 1834 explevisses,
1331 1753 1359 1814 si
1378 1752 1439 1814 hoc
1453 1756 1501 1813 est
1515 1749 1655 1832 explere,

335 1843 354 1880 ³*
368 1844 387 1880 ¹*
410 1845 497 1930 quod
518 1847 623 1910 statim
646 1846 804 1922 effundas,
826 1846 980 1909 advolasti
1003 1866 1100 1928 egens
1121 1843 1162 1908 ad
1184 1845 1393 1919 tribunatum,
1413 1850 1449 1909 ut
1472 1845 1506 1907 in
1529 1862 1568 1906 eo
1590 1863 1656 1906 ma·

335 1936 482 2022 gistratu,
504 1939 532 2002 si
552 1959 681 2025 posses,
703 1940 762 2002 viri
783 1940 830 2002 tui
852 1940 964 2004 similis
986 1959 1083 2003 esses.

298 2045 326 2092 st
418 2032 505 2095 xxi.
526 2033 667 2116 Accipite
695 2053 796 2108 nnnc,
826 2054 962 2116 quaeso,
993 2054 1058 2096 non
1087 2053 1142 2109 ea,
1172 2052 1254 2114 quae
1283 2031 1351 2116 ipse
1380 2033 1412 2095 in
1442 2051 1477 2095 se
1504 2039 1600 2116 atque
1622 2031 1655 2095 in

336 2126 539 2189 domesticum
568 2127 664 2190 decus
693 2127 815 2210 impure
843 2135 875 2193 et
901 2129 1160 2211 intemperanter,
1189 2125 1245 2189 sed
1266 2127 1399 2208 quaein
1421 2145 1479 2189 nos
1499 2124 1657 2189 fortunas·

335 2238 397 2302 que
425 2227 563 2295 nostras,
595 2221 628 2283 id
655 2228 703 2284 est
729 2221 763 2284 in
790 2223 968 2285 universam
998 2221 1262 2304 rempublicam,
1295 2221 1391 2303 impie
1413 2240 1450 2282 ac
1471 2218 1589 2283 nelarie
1611 2217 1656 2281 le-

335 2314 428 2375 cerit:
458 2314 497 2376 ab
526 2315 621 2378 buius
644 2316 728 2378 enim
749 2316 867 2379 scelere
890 2315 1029 2378 omnium
1051 2316 1204 2378 malorum
1225 2315 1413 2399 principium
1435 2320 1544 2376 natum
1565 2333 1657 2394 repe-

333 2407 431 2470 rietis.
466 2403 516 2472 dl.
538 2411 617 2472 Nam
639 2429 709 2472 cum
724 2410 759 2472 L.
778 2410 913 2473 Lentulo
930 2409 962 2472 C.
977 2410 1126 2472 Marcello
1142 2409 1324 2471 consulibus
1339 2407 1490 2470 Kalendis
1504 2405 1656 2468 Ianuariis

297 2499 491 2564 relabentem
513 2509 545 2567 et
566 2523 664 2586 prope
683 2502 850 2567 cadentem
872 2524 939 2566 rem
960 2503 1118 2586 publicam
1139 2502 1251 2564 fulcire
1274 2502 1446 2585 cuperetis,
1473 2500 1599 2582 ipsique
1622 2498 1654 2562 C.

336 2592 478 2671 Caesari,
501 2598 528 2659 si
551 2615 628 2661 sana
645 2607 749 2660 mente
766 2605 864 2673 esset,
887 2597 1051 2661 consulere
1067 2597 1207 2660 velletis:
1230 2606 1294 2659 tum
1310 2598 1369 2659 iste
1384 2594 1546 2659 venditum
1559 2600 1655 2675 atque

335 2689 565 2773 emancipatum
595 2692 784 2754 tribunatum
815 2692 955 2754 consiliis
984 2692 1095 2754 vestris
1125 2692 1273 2774 opposuit
1300 2686 1503 2772 cervicesque
1531 2705 1604 2749 suas
1625 2685 1655 2749 ei

334 2783 467 2846 subiecit
494 2785 614 2860 securi,
645 2805 708 2868 qua
729 2785 818 2848 multi
840 2786 1016 2849 minoribus
1037 2787 1070 2847 in
1092 2786 1226 2867 peccatis
1248 2784 1441 2846 occiderunt.
1480 2782 1584 2853 Inte,
1612 2778 1654 2839 bl.

334 2878 467 2953 Antoni,
490 2877 522 2941 id
545 2878 683 2943 decrevit
704 2886 832 2942 senatus
847 2878 1018 2962 etquidem
1042 2878 1228 2951 incolumis,
1251 2878 1391 2939 nondum
1414 2883 1462 2938 tot
1481 2875 1654 2939 luminibus

296 2972 515 3047 dexstinctis,
545 2972 632 3056 quod
653 2973 685 3036 in
707 2973 831 3036 bostem
853 2981 991 3056 togatum
1016 2973 1142 3035 decerni
1165 2981 1212 3035 est
1233 2972 1360 3035 solitum
1383 2989 1470 3034 more
1491 2970 1653 3034 maiorum.

332 3066 373 3129 Et
392 3075 427 3128 tu
450 3065 533 3150 apud
560 3075 666 3151 patres
689 3067 882 3150 conscriptos
904 3076 1013 3130 contra
1042 3087 1092 3129 me
1115 3066 1219 3129 dicere
1241 3086 1337 3129 ausus
1360 3086 1412 3140 es,
1441 3083 1511 3126 cum
1533 3061 1573 3124 ab
1594 3060 1655 3124 boc

333 3160 443 3224 ordine
466 3181 524 3244 ego
546 3168 748 3226 conservator
771 3181 889 3236 essem,
919 3169 953 3224 tu
980 3161 1081 3224 bostis
1103 3160 1323 3244 reipublicae
1346 3157 1527 3222 iudicatus?
1563 3157 1655 3222 Com·

333 3256 518 3320 memoratio
540 3255 626 3319 illius
647 3256 693 3318 tui
716 3255 842 3318 sceleris
864 3255 1045 3319 intermissa
1066 3262 1129 3329 est,
1158 3275 1222 3317 non
1244 3255 1396 3318 memoria
1416 3252 1531 3315 deleta.
1553 3251 1655 3335 (Dum

397 3592 421 3642 4.
441 3590 584 3641 cosmetur
600 3590 634 3638 D:
653 3595 743 3639 cuatus
752 3589 783 3651 V,
801 3588 872 3640 unde
891 3591 1062 3641 coniecerunt
1078 3594 1194 3650 ocrim,
1213 3590 1326 3651 adiutor,
1344 3589 1496 3652 submotu,
1514 3591 1652 3642 cornitotus.

334 3691 362 3704 -
380 3667 408 3715 ic
421 3665 527 3728 politiori
540 3670 612 3714 turrae
628 3662 650 3711 V
669 3689 695 3698 -
718 3664 742 3715 8.
762 3665 915 3726 adprobante
932 3665 973 3715 Vl
992 3692 1019 3701 -
1040 3679 1089 3727 sp.
1107 3669 1162 3715 t-
1182 3669 1286 3714 conetur
1301 3678 1326 3714 ea
1342 3664 1380 3714 bt
1398 3691 1426 3702 -
1445 3665 1469 3717 8.
1487 3667 1587 3729 inpulsa
1601 3667 1653 3718 Vl)

334 3769 362 3780 -
377 3741 400 3792 4.
418 3742 445 3791 oi
461 3754 476 3790 e
490 3765 518 3778 -
534 3739 727 3802 iesecbsesv-
746 3739 770 3789 6.
788 3739 888 3801 inpulso
904 3739 983 3804 ebg,
1001 3740 1101 3803 inplens
1117 3741 1139 3790 V
1155 3765 1178 3775 -
1197 3739 1267 3790 iilum
1284 3753 1340 3790 a-
1359 3741 1383 3789 7.
1403 3753 1557 3804 quemquem
1573 3741 1652 3794 codd.

335 3816 483 3867 esculentia
500 3812 614 3879 postulat
630 3815 763 3876 quoniam,
787 3815 924 3866 subiicitur
941 3817 1011 3866 enim
1029 3828 1123 3874 causa,
1142 3829 1190 3866 cur
1205 3827 1266 3865 eum
1284 3827 1338 3865 non
1352 3817 1386 3866 slt
1401 3817 1580 3869 adhortatus.»
1597 3820 1655 3869 lis-

332 3903 428 3942 rurrus.
447 3889 546 3941 «codd.
565 3887 642 3940 lectio
659 3889 697 3939 sic
715 3889 822 3940 delendi
839 3893 940 3954 potest,
959 3895 988 3940 nt
1004 3889 1125 3941 dicamus
1142 3892 1176 3940 ite
1194 3891 1339 3941 cohaerere
1356 3894 1513 3942 sententias:
1532 3896 1558 3943 te
1576 3905 1655 3943 num-

333 3979 414 4031 quam
431 3979 491 4018 sum
508 3965 673 4026 cohortatus,
692 3966 771 4015 etiem
788 3966 849 4029 quie
867 3965 1069 4030 praevidebam,
1087 3967 1163 4015 utre
1176 3979 1239 4015 vera
1257 3965 1366 4027 eccidit,
1384 3969 1411 4016 te
1427 3981 1479 4018 non
1497 3981 1656 4032 persevera-

333 4043 430 4093 turum.
450 4043 630 4102 Quamquam,
650 4040 671 4090 si
689 4039 770 4090 modo
787 4041 813 4090 in
831 4053 863 4090 eo
880 4054 1069 4106 perseverares
1081 4044 1149 4091 cet.»
1162 4042 1253 4091 oraru
1266 4042 1306 4103 (84.
1322 4069 1350 4078 -
1368 4043 1393 4091 8.
1410 4056 1465 4092 rere
1479 4043 1552 4093 iiiam
1565 4043 1656 4106 referri

332 4118 456 4170 malebam
475 4129 528 4168 om.
547 4116 577 4178 V,
596 4128 612 4164 a
629 4129 683 4180 quo
706 4128 767 4167 cum
787 4117 854 4166 baec
876 4116 975 4178 absint,
1002 4117 1142 4168 lectionem
1166 4130 1319 4180 quenquam
1339 4117 1490 4181 relinquere
1513 4116 1654 4180 noluimus,

334 4194 459 4258 quoniam
476 4191 606 4242 incertum
622 4193 664 4241 est
679 4191 746 4242 sitne
757 4194 842 4252 velue,
862 4194 891 4241 ut
907 4191 1019 4252 videtur,
1038 4192 1131 4243 lacuna
1148 4194 1174 4243 in
1192 4192 1300 4256 reliquis
1318 4192 1397 4243 codd.
1410 4197 1483 4244 recte
1500 4193 1612 4258 expleta.
1626 4221 1654 4231 -

334 4268 359 4319 8.
376 4265 535 4318 εονιεεΨ-
554 4266 594 4317 40.
611 4267 702 4317 terisv
716 4292 743 4302 ·-
762 4267 830 4316 ocris
845 4267 932 4316 adieris
948 4269 1023 4317 alieni
1041 4269 1104 4317 v-
1123 4269 1163 4317 44.
1181 4268 1286 4316 ducebas
1300 4273 1329 4316 ct
1344 4268 1406 4318 ibit
1423 4295 1451 4304 -
1470 4270 1509 4319 48.
1527 4270 1565 4320 4444
1582 4271 1652 4319 V¹-

333 4343 365 4408 et]
381 4355 439 4394 men
455 4345 466 4394 t
483 4367 511 4378 -·
530 4343 590 4406 post
606 4342 706 4404 esem
722 4340 853 4392 IntercidIt
869 4341 981 4392 verbum
994 4341 1066 4393 velut
1081 4343 1184 4392 deame
1194 4342 1235 4391 vel
1248 4344 1369 4394 deuorare
1380 4344 1526 4406 (Faernus),
1543 4346 1656 4407 inperare

335 4418 477 4481 (Schuetz),
494 4418 620 4480 com'pere
636 4417 687 4468 cet.
711 4415 751 4467 nd
774 4417 919 4467 sententiae
943 4419 1179 4468 conformationem
1200 4418 1233 4467 cl.
1252 4432 1278 4483 p.
1297 4419 1400 4479 Quinci.
1419 4418 1434 4482 fi
1451 4421 1475 4469 ’4.
1493 4446 1527 4456 -
1546 4420 1588 4471 48.
1606 4422 1656 4470 dd-

332 4494 424 4544 ueioati
440 4495 476 4542 V:
502 4493 606 4542 mucias
627 4493 649 4542 Ι)
672 4517 705 4528 -
731 4491 771 4542 44.
790 4492 811 4541 si
828 4505 912 4554 passer
933 4505 986 4543 orn.
1007 4495 1016 4542 4
1034 4520 1063 4530 -
1088 4495 1141 4543 ariri
1156 4494 1193 4543 tui
1210 4494 1257 4554 (sc.
1276 4493 1404 4556 Curionis)
1422 4496 1456 4544 D:
1480 4496 1607 4546 obtutiv
1625 4523 1653 4534 -

333 4569 466 4619 oomirniiis
482 4567 500 4618 b
517 4593 551 4604 -
567 4567 608 4618 46.
626 4567 699 4617 docter
715 4565 859 4629 Madvigius
877 4568 910 4628 (v.
928 4568 1025 4631 Opusc.
1044 4569 1070 4630 1,
1089 4582 1115 4633 p.
1134 4568 1191 4619 466.
1210 4569 1245 4629 ll,
1263 4581 1289 4632 p.
1308 4569 1356 4618 322
1372 4569 1438 4632 aql:
1457 4571 1560 4621 dedecet
1575 4570 1654 4622 codd.

335 4642 538 4707 (sedideditsu)
556 4643 583 4694 et
600 4643 620 4693 0
638 4669 666 4679 ·-
688 4644 777 4705 inpure
794 4641 866 4706 Vag
884 4667 912 4680 -·
931 4632 1171 4705 etV:'ctqceD0
1189 4669 1218 4681 -
1243 4645 1283 4694 44.
1301 4645 1398 4694 ioom.
1417 4645 1542 4698 Muretus.
1561 4661 1656 4709 -po-

334 4719 400 4770 blico
416 4719 481 4769 v-
496 4720 563 4782 inpie
579 4731 594 4768 a
612 4743 640 4754 -
660 4719 700 4769 48.
716 4718 869 4780 eampum
884 4723 973 4769 summ
988 4721 1115 4783 mpsim
1127 4720 1149 4768 V
1164 4719 1191 4770 in
1208 4733 1261 4770 ras.
1274 4718 1356 4770 hebet
1371 4721 1523 4783 (repperiam
1537 4727 1626 4772 mma
1635 4722 1654 4785 t)

334 4821 368 4832 -
383 4795 424 4846 20.
442 4793 562 4844 lebentem
577 4794 657 4843 Vaiz
680 4791 805 4843 labantem
821 4792 909 4856 bgO;
933 4793 966 4844 cl.
985 4808 1012 4860 p.
1031 4795 1104 4858 4449,
1123 4795 1153 4846 9;
1177 4796 1298 4847 ueram
1312 4797 1389 4859 fuisit
1408 4823 1436 4834 -
1454 4799 1552 4861 ipseque
1567 4802 1591 4857 ις
1608 4799 1656 4861 ipsi

335 4881 432 4934 quoque
447 4881 464 4933 g
482 4895 509 4906 —
528 4869 569 4920 ii,
587 4869 766 4931 emeuctpotrec
782 4867 826 4925 V¹;
844 4876 1037 4933 nuncupatam
1053 4873 1102 4934 gt3
1119 4872 1291 4933 moenem
1308 4885 1337 4934 e,
1355 4874 1385 4923 ut
1401 4872 1483 4923 edidit
1493 4873 1654 4924 Faernus.-

335 4947 484 5009 comicisque
496 4945 551 5009 (sic)
563 4946 754 4996 --oeeidouot
770 4945 955 4997 adertNonius
973 4960 998 5011 p.
1013 4945 1069 4996 384.
1082 4971 1109 4983 -
1127 4946 1168 4996 23.
1185 4947 1213 4995 iu
1230 4946 1325 4997 teVb:
1344 4949 1370 4997 iu
1385 4953 1466 4998 mente
1482 4951 1507 5004 tr
1523 4950 1552 4998 io
1567 4953 1591 4998 te
1605 4960 1656 4998 os-

336 5027 443 5085 temag
460 5045 487 5056 -
506 5019 547 5071 el.
565 5021 730 5071 dxeuttv-
749 5022 891 5073 ethorr.
910 5035 942 5072 ex
959 5027 994 5073 ee
1012 5049 1039 5059 —
1057 5021 1221 5072 leucadem
1237 5027 1297 5087 egt
1315 5051 1343 5061 -
1361 5025 1402 5075 85.
1420 5025 1535 5074 adiectis
1550 5025 1652 5074 mei.-

336 5098 483 5164 daopctum
498 5099 521 5159 t,
544 5100 568 5146 te
585 5101 703 5160 rogatum
724 5108 739 5146 e
759 5123 785 5134 -
812 5098 919 5148 solutura
935 5099 958 5154 t3
981 5097 1067 5147 solitae
1087 5109 1103 5146 a
1122 5124 1156 5134 —
1179 5099 1303 5149 melem
1319 5103 1331 5149 t
1353 5123 1379 5135 -
1407 5100 1448 5150 26.
1466 5105 1493 5149 to
1507 5113 1534 5162 p.
1552 5113 1574 5149 c.
1592 5103 1656 5161 aput

336 5172 1654 5242 coatromev-maom.t-boecords'nev-il.conrereetorepot-pubiicev-cos·

336 5247 813 5301 modestissume-
832 5242 1141 5303 trev-menorev.
