4009 6159
410 599 492 668 l032
668 602 818 669 ORATIO
840 604 892 668 DE
915 602 1143 667 PROVINCIIS
1166 600 1466 667 CONSULARIBUS

407 773 585 859 patrimonii
613 778 668 835 aut
697 773 867 836 amicorum
889 771 1077 835 liberalitate
1101 778 1296 844 sustentant,
1324 769 1385 832 bos
1413 769 1517 852 perire
1546 770 1723 853 patiemur?

407 871 472 942 An,
504 868 531 930 si
560 867 614 950 qui
641 863 702 929 frtri
727 867 853 949 publico
881 885 947 928 nou
975 866 1077 950 potuit
1104 885 1162 949 per
1181 863 1321 938 bostem,
1355 864 1407 926 bic
1429 862 1546 947 tegitur
1566 863 1635 946 ipsa
1655 862 1724 946 leqe

407 962 566 1024 censoria:
588 979 684 1043 quem
705 960 733 1023 is
754 959 815 1022 frui
837 979 901 1022 non
924 960 1013 1034 sinit,
1036 961 1090 1041 qui
1112 966 1176 1033 est,
1202 959 1295 1022 etiam
1319 961 1345 1022 si
1368 979 1431 1021 non
1453 957 1646 1041 appellatur,
1667 956 1725 1018 bo·

407 1055 479 1129 stis,
500 1053 576 1117 buic
596 1052 672 1116 ferri
693 1052 845 1116 auxilium
865 1074 928 1117 non
944 1057 1091 1136 oportet?
1115 1053 1257 1116 Retinete
1271 1053 1367 1136 igitur
1382 1054 1415 1117 iu
1429 1051 1591 1137 provincia
1606 1049 1724 1112 diutius

383 1163 493 1223 teum,
517 1149 572 1232 qui
594 1147 633 1210 de
655 1147 750 1210 sociis
773 1167 844 1210 cum
865 1146 1024 1220 hostibus,
1047 1147 1086 1212 de
1109 1147 1229 1210 civibus
1248 1168 1319 1210 cum
1334 1147 1427 1210 sociis
1446 1146 1541 1209 iaciat
1555 1144 1724 1228 pactiones,

406 1243 461 1324 qui
483 1241 545 1303 boc
567 1240 661 1303 etiam
683 1260 717 1302 se
737 1240 838 1323 pluris
861 1260 930 1304 esse
952 1261 1045 1325 quam
1068 1241 1218 1325 collegam
1233 1247 1336 1324 putet,
1359 1239 1444 1322 quod
1459 1241 1512 1303 ille
1528 1259 1585 1302 vos
1601 1238 1725 1301 tristitia

404 1336 556 1419 vultuque
579 1333 754 1418 deceperit,
781 1335 850 1416 ipse
871 1355 1043 1418 numquam
1066 1356 1100 1398 se
1122 1336 1243 1409 minus,
1272 1354 1368 1418 quam
1391 1341 1474 1409 erat,
1495 1353 1634 1416 nequam
1654 1351 1725 1394 esse

406 1429 570 1492 simularit.
613 1429 686 1490 Piso
717 1435 822 1491 autem
852 1428 916 1490 alio
947 1429 1084 1511 quodam
1115 1427 1208 1491 modo
1238 1428 1389 1512 gloriatur
1418 1448 1451 1491 se
1472 1426 1560 1490 brevi
1583 1433 1725 1509 tempore

404 1522 589 1605 perfecisse,
610 1541 651 1584 ne
673 1521 826 1583 Gabinius
847 1542 930 1585 uuus
952 1523 1091 1586 omnium
1112 1523 1326 1605 nequissimus
1349 1523 1589 1586 existimaretur.

368 1632 397 1678 to
487 1617 541 1680 VI.
564 1611 614 1678 ti.
637 1615 703 1678 llos
725 1634 782 1677 vos
804 1615 844 1678 de
866 1616 1053 1698 provinciis,
1082 1617 1109 1679 si
1131 1636 1194 1678 nou
1216 1616 1388 1700 aliquando
1406 1615 1587 1679 deducendi
1609 1623 1725 1690 essent,

404 1710 606 1793 deripiendos
637 1728 701 1772 nou
731 1709 909 1791 putaretis?
943 1716 974 1771 et
1000 1709 1059 1772 bas
1089 1709 1232 1792 duplices
1261 1718 1367 1793 pestes
1388 1711 1558 1783 socionrm,
1592 1711 1725 1774 militum

405 1803 525 1880 clades,
554 1803 791 1888 publicanorum
819 1795 942 1876 rdinas,
972 1803 1205 1886 provinciarum
1232 1805 1409 1877 vastitates,
1439 1804 1564 1886 imperii
1587 1804 1725 1868 maculas

404 1898 576 1962 teneretis?
597 1899 638 1960 At
659 1896 755 1959 iidem
777 1917 833 1960 vos
855 1917 939 1959 anno
961 1898 1125 1980 superiore
1147 1896 1205 1960 hos
1227 1897 1355 1961 eosdem
1375 1896 1582 1973 revocabatis,
1604 1918 1674 1961 cum
1691 1898 1725 1960 in

404 1992 581 2076 provincias
597 1991 824 2075 pervenissent.
855 1990 926 2067 Quo
947 1998 1089 2074 tempore
1105 1993 1132 2054 si
1146 1991 1279 2055 liberum
1293 1998 1432 2055 vestrum
1448 1991 1600 2054 iudicium
1613 1991 1726 2054 fuisset

367 2099 463 2148 tinec
485 2086 599 2148 totiens
622 2084 717 2147 dilata
739 2103 790 2147 res
811 2103 870 2148 nec
892 2085 931 2148 ad
955 2093 1130 2148 extremum
1152 2086 1327 2149 emanibus
1349 2092 1473 2169 erepta,
1495 2085 1724 2159 restituissetie,

404 2177 436 2240 id
461 2177 548 2260 quod
571 2178 763 2261 cupiebatis,
786 2186 921 2243 vestram
943 2178 1161 2242 auctoritatem
1182 2180 1239 2252 iis,
1262 2199 1319 2261 per
1340 2199 1422 2262 quos
1437 2187 1503 2244 erat
1522 2180 1653 2254 amissa,
1674 2199 1725 2241 re-

403 2273 520 2334 vocatis
543 2279 576 2335 et
595 2273 634 2335 iis
656 2272 734 2356 ipsis
756 2273 903 2356 praemiis
926 2273 1073 2349 extortis,
1096 2292 1177 2357 quae
1200 2282 1290 2337 erant
1310 2293 1368 2357 pro
1392 2275 1510 2338 scelere
1525 2281 1621 2357 atque
1636 2292 1725 2335 ever-

404 2364 493 2427 sione
515 2366 633 2447 patriae
655 2368 832 2431 consecuti:
866 2386 929 2449 qua
951 2385 968 2428 e
991 2387 1093 2450 poena
1115 2368 1141 2430 si
1164 2375 1230 2430 tum
1252 2366 1385 2430 aliorum
1407 2367 1535 2451 opibus,
1560 2385 1625 2430 uon
1647 2367 1724 2439 suis,

403 2458 599 2522 invitissimis
621 2459 711 2525 vobis
734 2460 912 2535 evolarunt,
934 2468 967 2522 at
987 2461 1081 2524 aliam
1105 2460 1203 2523 multo
1226 2460 1378 2523 maiorem
1393 2461 1631 2543 gravioremque
1650 2457 1725 2521 sub-

366 2551 517 2618 roierunt
561 2548 611 2616 ti.
634 2553 725 2630 Quae
754 2556 839 2618 euim
860 2554 996 2628 bomini,
1010 2551 1060 2638 [in
1084 2574 1149 2638 quo
1171 2554 1268 2636 aliqui
1290 2555 1316 2616 si
1339 2574 1401 2617 uon
1423 2553 1524 2617 famae
1546 2553 1665 2638 pudor,
1692 2561 1725 2616 at

403 2647 549 2729 supplicii
571 2650 666 2712 timor
687 2647 760 2742 est)
776 2647 900 2732 gravior
921 2668 1024 2730 poena
1045 2648 1188 2710 accidere
1202 2646 1307 2730 potuit
1321 2668 1417 2731 quam
1432 2668 1496 2712 nou
1511 2648 1597 2712 credi
1610 2649 1724 2712 litteris

402 2739 457 2814 iis,
487 2762 567 2824 quae
595 2763 661 2806 rem
688 2743 844 2828 publicam
873 2741 954 2804 bene
984 2750 1105 2825 gestam
1126 2742 1158 2805 iu
1181 2741 1273 2803 bello
1288 2743 1493 2808 nuntiareut‘t
1526 2743 1595 2806 Hoc
1616 2743 1725 2806 stamit

403 2843 545 2911 senatus,
568 2857 638 2900 cum
652 2837 803 2920 frequens
818 2835 1083 2918 supplicationem
1098 2835 1232 2898 Gabinio
1247 2834 1432 2918 denegavit:
1453 2837 1588 2920 primum
1603 2838 1722 2901 bomini

403 2930 573 2994 sceleribus
603 2929 795 3015 flagitiisque
819 2930 1122 2994 contaminatissimo
1142 2928 1222 2991 nihil
1245 2949 1314 2992 esse
1337 2931 1545 3007 credendum,
1569 2932 1723 2997 deindea

364 3043 392 3088 aa
402 3026 559 3109 proditore
592 3033 688 3110 atque
720 3045 777 3101 eo,
811 3045 905 3108 quem
933 3032 1129 3109 praesentem
1160 3023 1283 3086 hostem
1311 3024 1356 3087 rei
1379 3024 1525 3107 publicae
1546 3036 1722 3109 cognosset,

401 3119 482 3182 bene
504 3119 748 3204 rempublicam
771 3120 837 3202 geri
860 3139 924 3182 non
946 3116 1106 3202 potuisse,
1128 3125 1287 3200 postremo
1307 3137 1346 3180 ue
1363 3117 1439 3181 deos
1455 3118 1582 3202 quidem
1598 3123 1723 3184 immor-

402 3214 480 3277 tales
501 3213 584 3278 velle
606 3213 721 3298 aperiri
748 3231 805 3275 sua
836 3212 954 3295 templa
977 3219 1008 3274 et
1033 3212 1092 3275 sibi
1115 3212 1286 3295 supplicari
1308 3211 1443 3275 bominis
1465 3212 1670 3295 impurissimi
1692 3224 1722 3277 et

402 3307 635 3371 sceleratissimi
663 3309 801 3370 nomine.
844 3308 956 3390 Itaque
982 3306 1037 3370 ille
1065 3305 1143 3368 alter
1169 3314 1224 3369 aut
1244 3307 1313 3388 ipse
1335 3313 1383 3369 est
1402 3307 1497 3370 bomo
1520 3307 1631 3372 doctus
1653 3318 1721 3373 eta

402 3402 467 3464 suis
489 3401 617 3464 Graecis
639 3399 786 3463 subtilius
802 3400 962 3474 eruditus,
985 3400 1172 3483 quibuscum
1186 3401 1248 3462 iam
1264 3401 1297 3463 in
1308 3408 1435 3464 exostra
1448 3399 1614 3478 helluatus,
1630 3410 1721 3467 antea

363 3503 474 3579 aopost
501 3493 649 3578 siparium
681 3494 820 3570 solebat,
849 3503 902 3557 aut
932 3494 1049 3556 amicos
1077 3494 1173 3556 babet
1202 3492 1422 3576 prudentiores
1444 3515 1538 3578 quam
1562 3496 1720 3570 Gabinius,

402 3589 492 3653 cuius
515 3588 619 3652 nullae
642 3588 764 3651 litterae
785 3587 996 3671 proferuntur.
1042 3589 1106 3650 Vll.
1131 3583 1181 3649 lb.
1204 3589 1306 3650 Hosce
1327 3588 1422 3669 igitur
1443 3589 1646 3671 imperatores
1666 3590 1721 3653 ba·

401 3683 568 3746 bebimus?
597 3701 733 3765 quorum
762 3680 842 3744 alter
868 3701 931 3746 nou
961 3681 1057 3745 audet
1083 3702 1142 3744 nos
1165 3683 1312 3746 certiores
1334 3683 1454 3757 facere,
1484 3684 1722 3768 ”imperator

402 3778 595 3860 appelletur,
619 3777 765 3850 alterum,
788 3776 815 3838 si
838 3774 992 3838 tabellarii
1007 3795 1071 3837 non
1091 3779 1258 3849 cessarint,
1281 3797 1410 3840 necesse
1425 3784 1473 3839 est
1486 3779 1595 3861 paucis
1611 3777 1720 3842 diebus

401 3872 561 3955 paeniteat
589 3870 717 3934 audere.
761 3871 856 3933 Cuius
886 3870 994 3942 amici,
1026 3871 1052 3933 si
1082 3872 1137 3953 qui
1159 3879 1232 3934 sunt
1252 3878 1307 3933 aut
1327 3872 1353 3934 si
1376 3871 1488 3934 beluae
1510 3879 1572 3934 tam
1593 3872 1719 3936 immani

364 3973 529 4050 mumque
550 3973 668 4030 taetrae
690 3972 825 4049 possunt
845 3963 903 4028 ulli
925 3983 994 4026 esee
1016 3964 1123 4040 amici,
1145 3965 1204 4028 bac
1224 3965 1441 4029 consolatione
1460 3972 1607 4041 utuntur,
1629 3966 1719 4030 etiem

468 4175 491 4224 l.
507 4175 638 4236 pacientur
655 4176 673 4224 Ρ
693 4199 719 4210 -
739 4173 763 4222 i.
782 4171 820 4222 An
836 4185 889 4222 om.
909 4173 930 4221 G
950 4199 975 4208 -
994 4173 1064 4233 potui
1079 4173 1109 4224 P¹
1127 4199 1155 4209 -
1175 4174 1200 4222 o.
1218 4173 1286 4222 sotiis
1297 4172 1354 4235 (bis)
1367 4175 1386 4223 P
1400 4199 1426 4208 —
1445 4172 1469 4222 o.
1488 4173 1521 4234 se]
1538 4173 1559 4220 si
1575 4175 1594 4224 P
1609 4199 1635 4208 —
1652 4174 1720 4235 piari

400 4246 430 4300 Ρι
448 4274 475 4284 -
494 4249 519 4300 8.
538 4249 596 4314 olio]
614 4250 650 4298 aii
666 4251 695 4300 Ι)ι
714 4274 741 4285 -
760 4247 784 4297 9.
803 4259 833 4296 ne
844 4247 889 4298 tic.
907 4245 1024 4309 pobinias
1041 4247 1075 4306 (C.
1093 4251 1166 4298 entra
1183 4261 1306 4306 versum,
1325 4247 1373 4297 sed
1391 4260 1406 4297 a
1423 4247 1507 4311 prima
1526 4248 1614 4311 manu)
1626 4250 1659 4308 1³3
1676 4262 1720 4298 nec

399 4323 551 4387 pobininaE
572 4351 597 4360 —
625 4325 664 4373 ti.
683 4321 834 4384 deripiendos
850 4321 899 4371 Gli
919 4348 945 4357 —
969 4322 1072 4384 dupiicia
1090 4324 1109 4372 C
1130 4349 1156 4360 -
1180 4324 1219 4372 it.
1238 4323 1316 4372 clodo
1331 4324 1380 4373 PG
1402 4348 1426 4358 -
1452 4323 1491 4373 43.
1510 4322 1547 4386 ot]
1564 4324 1599 4372 od
1614 4319 1671 4374 P¹li
1690 4349 1717 4358 -

400 4400 464 4448 idem
480 4401 500 4450 P
517 4425 544 4436 -
563 4415 630 4456 omre.
645 4403 677 4461 P;
696 4413 753 4450 cnm
768 4401 845 4457 aiG,
864 4397 998 4448 tortorem
1014 4399 1059 4447 vic
1072 4425 1099 4434 -
1119 4398 1159 4451 ti.
1174 4400 1340 4460 peremissent
1357 4398 1390 4447 C:
1409 4399 1462 4447 icen
1476 4400 1641 4460 pementnent
1656 4399 1676 4449 0
1690 4427 1716 4435 —

398 4473 514 4524 iuditium
525 4477 544 4526 P
556 4499 583 4510 -
599 4476 638 4526 tt.
652 4475 721 4525 toties
732 4473 774 4525 CO
788 4500 811 4510 -
828 4473 867 4522 iti.
880 4473 1054 4522 owwmtotem
1066 4487 1118 4523 oro.
1132 4475 1153 4522 G
1169 4498 1194 4510 -
1210 4475 1250 4524 ti.
1263 4474 1294 4522 iis
1309 4474 1369 4535 ipsis
1379 4474 1432 4522 PG:
1451 4473 1488 4522 tis
1504 4474 1563 4536 ipsis
1574 4475 1615 4526 ΕΟ
1626 4501 1652 4512 -
1665 4479 1720 4525 erat

399 4547 428 4600 P¹
442 4576 468 4585 —
488 4549 527 4600 te.
540 4565 591 4613 qao
603 4552 624 4617 e]
638 4564 702 4612 qnos
713 4553 733 4600 o
743 4550 775 4609 E,
794 4563 846 4612 quo
857 4548 918 4609 (om.
931 4547 950 4610 e)
963 4549 982 4598 P
992 4562 997 4607 ;
1018 4547 1076 4597 tort.
1090 4562 1104 4598 e
1114 4562 1166 4610 qno
1178 4574 1204 4584 -
1226 4549 1264 4598 ii.
1278 4548 1487 4612 proniorernqooe
1498 4547 1527 4598 P¹
1539 4573 1567 4584 -
1586 4551 1627 4601 20.
1641 4550 1720 4613 aliqui

400 4621 441 4675 1³¹:
460 4624 551 4685 oiiqnis
566 4623 681 4676 P²GEO
696 4653 722 4664 -
742 4625 778 4689 ot]
796 4625 829 4674 od
847 4624 903 4674 P¹E
918 4649 943 4658 —
963 4625 1003 4673 it.
1016 4624 1127 4686 suppiitii
1143 4626 1162 4675 P
1176 4649 1203 4661 —
1222 4625 1310 4673 titteris
1321 4625 1355 4675 C:
1374 4623 1496 4683 iiteeis0;
1516 4626 1555 4674 sic
1570 4625 1678 4690 ubique.
1690 4651 1716 4661 -

399 4699 440 4748 ii.
457 4699 582 4760 publicam
597 4712 651 4750 om.
670 4702 703 4759 L,
726 4701 789 4749 item
806 4713 832 4748 v.
850 4699 891 4748 26.
911 4723 938 4734 -
957 4699 998 4749 23.
1017 4701 1143 4749 hominm
1160 4697 1219 4750 G¹E
1238 4726 1265 4736 -
1284 4699 1326 4750 il.
1339 4712 1387 4760 qne
1402 4711 1455 4749 om.
1469 4700 1488 4749 C
1502 4724 1531 4735 -
1548 4701 1590 4750 tt.
1605 4701 1719 4763 prodito-

399 4785 452 4820 rem
471 4769 497 4821 P¹
515 4799 541 4808 —
562 4774 602 4824 26.
620 4775 682 4838 perr]
700 4775 785 4838 peneri
801 4771 829 4823 1³¹
849 4797 875 4810 -
886 4773 1044 4823 immormiis
1061 4776 1121 4825 c-
1141 4775 1180 4824 tl.
1199 4775 1334 4837 adplicari
1349 4776 1410 4825 Ρ-
1428 4775 1468 4823 28.
1487 4788 1575 4824 nomen
1591 4776 1653 4831 GE.
1670 4775 1719 4826 sed

399 4847 458 4896 inG
475 4860 524 4911 per
541 4848 743 4913 compendium,
762 4848 834 4913 quod
851 4849 929 4899 etlam
946 4851 1045 4900 nomine
1061 4848 1111 4914 legi
1130 4850 1219 4914 possit.
1235 4873 1261 4886 -
1280 4850 1318 4899 iiii
1334 4850 1423 4900 PE-
1442 4849 1506 4897 aiter
1522 4855 1568 4899 ant
1579 4846 1620 4898 1³¹:
1638 4850 1720 4899 auno

398 4927 426 4970 ot
443 4917 472 4972 1³²
485 4947 511 4960 -
531 4924 572 4973 29.
590 4923 670 4987 precis
686 4926 705 4974 P
719 4951 746 4959 -
764 4925 879 4987 suptilius
895 4927 913 4974 P
928 4947 954 4961 ·-
973 4925 1143 4977 belinotan:
1162 4926 1307 4976 Musiaco
1321 4950 1348 4961 -
1367 4923 1407 4974 3i.
1424 4925 1588 4987 proferuntur
1604 4926 1719 4986 c:per-

398 4996 545 5060 involuro
561 5023 586 5032 -
606 4997 647 5049 32.
659 4997 743 5061 socen
758 4999 895 5061 imperator
911 4997 980 5050 1³¹E:
1001 5001 1092 5063 socae,
1110 5015 1142 5052 ne
1156 5003 1294 5063 imperator
1304 4999 1375 5059 ifle,
1393 5001 1484 5064 soene,
1502 5013 1567 5049 anne
1583 5001 1720 5062 inperator
1778 5002 1784 5037 ἲ

399 5073 433 5132 0;
450 5073 542 5134 soene,
560 5086 606 5124 cnr
621 5075 759 5135 imperator
774 5077 833 5126 Ant.
846 5076 1020 5139 augustinum
1037 5077 1132 5139 soene,
1150 5091 1211 5127 nam
1227 5078 1363 5138 imperator
1379 5073 1505 5126 Halmius.
1531 5077 1570 5126 De
1587 5087 1617 5125 re
1632 5077 1665 5127 ct.
1679 5076 1719 5127 Pi·

398 5147 485 5212 senfi
503 5147 534 5199 38
545 5161 586 5211 sq.
602 5174 629 5185 —
648 5147 688 5198 33.
707 5150 812 5200 mentm
827 5150 869 5203 bis
881 5152 1009 5217 deinceps
1020 5151 1049 5204 P¹
1062 5179 1089 5187 -
1108 5153 1148 5203 34.
1164 5153 1291 5215 poeniteat
1307 5155 1340 5202 G:
1356 5153 1465 5214 peniteat
1480 5153 1512 5209 P;
1528 5152 1653 5212 poenitent
1668 5153 1717 5202 ΕΟ

399 5247 426 5258 -
454 5227 500 5272 out
515 5223 544 5288 si]
566 5223 667 5274 amoeni
687 5220 715 5274 1²¹
741 5251 767 5262 -
795 5227 890 5286 belnae
914 5229 952 5290 (oe
969 5229 995 5278 in
1012 5229 1112 5291 rasura)
1130 5231 1161 5280 P:
1187 5227 1281 5277 ieiune
1297 5229 1317 5276 0
1337 5254 1363 5263 -
1381 5225 1422 5276 35.
1440 5230 1536 5275 taetrae
1552 5226 1584 5275 P:
1603 5231 1682 5276 tetrae
1696 5225 1717 5274 0

397 5295 452 5364 bac]
469 5300 586 5350 a0P1-
604 5298 780 5358 consonano.
797 5301 817 5351 Ρ
836 5327 861 5338 -
878 5307 979 5356 nentur
989 5303 1138 5362 Ernestius;
1156 5300 1189 5355 ci.
1202 5301 1369 5366 Wesenberg
1384 5303 1418 5354 ad
1435 5313 1474 5350 or.
1492 5314 1520 5369 p.
1533 5300 1618 5352 Sestio
1634 5312 1662 5367 p.
1673 5301 1714 5357 aa.
