4009 6159
730 583 1219 671 on.x-x11.§§er-as.
1549 573 1626 641 4444
1719 683 1729 713 Ι

311 762 367 824 sed
390 768 427 822 ut
447 759 563 823 facturn
595 768 705 822 est-
727 777 786 821 nee
810 759 985 843 imperante
1007 777 1065 820 nec
1087 757 1205 820 sciente
1226 777 1285 820 nec
1306 764 1471 840 praesente
1494 753 1631 825 domino,

312 854 399 939 quod
422 873 497 916 suos
520 854 656 937 quisque
677 871 785 916 servos
807 852 840 914 in
865 851 919 914 tali
941 871 975 914 re
997 851 1101 915 iacere
1122 851 1282 916 voluisset
1324 851 1378 913 Xl.
1400 846 1451 913 30.
1472 849 1567 921 llaec,
1589 848 1633 910 si·

312 948 375 1010 euti
397 948 550 1029 exposui,
579 947 623 1009 ita
644 954 732 1028 gesta
754 954 844 1020 sunt,
867 946 1006 1010 indices:
1036 944 1202 1008 insidiator
1223 953 1388 1028 superatus
1410 952 1476 1019 est,
1497 944 1528 1006 vi
1550 942 1634 1004 victa

299 1041 359 1103 'vis
380 1040 431 1103 vel
453 1041 558 1123 potius
580 1059 730 1124 oppressa
751 1039 867 1103 virtute
888 1040 1020 1103 audacia
1042 1048 1100 1102 est.
1132 1039 1218 1102 Nibil
1239 1039 1326 1113 dico,
1350 1039 1426 1123 quid
1442 1059 1490 1102 res
1509 1034 1634 1121 publica

311 1142 482 1199 consecuta
511 1135 568 1208 sit,
594 1134 691 1207 nihil,
720 1134 795 1217 quid
820 1155 890 1209 vos,
912 1134 1011 1209 nibil,
1040 1133 1116 1217 quid
1143 1153 1253 1197 ornnes
1276 1133 1371 1196 boni:
1404 1131 1481 1196 nihil
1504 1127 1657 1194 saueius

311 1229 411 1314 prosit
432 1229 560 1315 Milopi,
582 1228 638 1314 qui
659 1228 720 1291 boe
741 1226 806 1290 iato
829 1235 921 1291 natus
943 1237 1007 1302 est,
1032 1237 1065 1291 ut
1086 1247 1126 1290 ne
1149 1247 1183 1290 se
1198 1227 1326 1311 quidem
1347 1246 1473 1290 servare
1487 1223 1633 1308 potuerit,

312 1323 389 1405 quin
422 1341 486 1385 une
518 1343 584 1385 rem
615 1322 773 1404 publicem
803 1341 924 1406 vosque
947 1328 1096 1385 servaret.
1141 1322 1174 1384 Si
1203 1318 1234 1384 id
1257 1321 1326 1384 inre
1347 1321 1415 1384 fieri
1438 1339 1503 1383 non
1524 1316 1634 1401 potuit,

312 1416 391 1478 nibil
411 1414 530 1490 nmeo,
561 1415 647 1500 quod
670 1413 855 1478 delendam:
873 1403 937 1494 (sin
960 1417 1021 1489 boe
1044 1424 1076 1479 et
1096 1415 1175 1479 ratio
1197 1415 1296 1479 doctis
1319 1423 1351 1479 et
1372 1413 1542 1479 necessitas
1563 1409 1634 1470 bar-

311 1512 395 1574 baris
423 1519 456 1572 et
476 1529 545 1573 mos
567 1509 714 1593 gentibue
736 1516 768 1572 et
792 1507 868 1572 ieris
890 1511 986 1574 etiam
1008 1510 1110 1573 beluis
1134 1517 1244 1573 natura
1264 1511 1334 1593 ipsa
1356 1493 1578 1596 praescripsit)
1599 1507 1635 1564 ut
1691 1489 1794 1590 iffi<
1871 1558 1875 1568 .

312 1623 438 1667 omnem
459 1623 585 1687 semper
605 1605 685 1677 vim,
714 1622 913 1686 quacumque
942 1624 1003 1686 ope
1033 1612 1180 1686 possent,
1210 1623 1399 1686 acorpore,
1426 1600 1588 1681 acepite,
1615 1610 1673 1658 ulo

313 1698 375 1760 vita
396 1717 454 1760 sua
475 1697 711 1781 propulsarent,
733 1717 799 1759 non
820 1697 953 1780 potestis
974 1697 1036 1760 boc
1050 1697 1173 1761 lacinus
1188 1697 1366 1779 improbum
1383 1697 1534 1767 iudicare,
1555 1691 1635 1774 quin

312 1791 403 1855 simul
431 1791 591 1862 iudicetis,
621 1789 782 1864 erunibus,
813 1791 868 1873 qui
897 1791 930 1853 in
958 1790 1095 1854 latrones
1128 1790 1312 1865 inciderint,
1341 1798 1396 1853 aut
1416 1789 1541 1853 illorum
1562 1785 1635 1848 telis

311 1894 367 1952 aut
387 1886 500 1950 vestris
522 1885 687 1947 sententiis
709 1904 780 1946 esse
805 1883 1012 1966 pereundum.
1056 1880 1106 1946 34.
1131 1885 1225 1960 Quod
1248 1884 1274 1946 si
1297 1885 1520 1967 imputasset,
1550 1887 1634 1942 certe

312 1979 481 2064 optabilius
503 1977 612 2042 Miloni
634 1977 695 2040 suit
715 1977 791 2040 dare
812 1978 953 2059 iugulum
976 1979 1010 2041 P.
1034 1977 1161 2053 Clodio,
1185 1998 1248 2042 non
1272 1978 1368 2041 semel
1391 1975 1506 2040 abillo
1529 1991 1634 2055 neque

311 2085 377 2138 tum
398 2073 533 2156 primum
556 2072 705 2154 petitum,
737 2090 833 2154 quam
854 2072 988 2153 iugulari
1011 2093 1029 2134 a
1051 2072 1155 2147 vobis,
1189 2073 1265 2156 quia
1286 2093 1320 2135 sc
1342 2092 1407 2135 non
1428 2068 1672 2152 iugulandumse

311 2170 358 2232 illi
378 2166 567 2230 tradidisset
600 2165 657 2228 Sin
678 2165 739 2229 hoo
761 2184 854 2228 nemo
875 2173 1014 2228 vestrum
1036 2166 1079 2228 ita
1101 2167 1207 2239 sentit,
1232 2185 1295 2228 non
1312 2165 1390 2228 illud
1413 2166 1475 2229 iam
1498 2165 1530 2226 in
1553 2161 1636 2225 iudi-

312 2263 395 2325 cium
413 2259 515 2334 venit,
537 2259 702 2322 occisusne
723 2259 780 2332 sit,
802 2259 888 2341 quod
902 2257 1047 2333 fatemur,
1069 2259 1125 2321 sed
1147 2261 1216 2322 iure
1231 2279 1271 2322 an
1287 2259 1411 2333 iniuria,
1427 2256 1512 2340 qnod
1527 2254 1635 2318 ruultis

312 2357 346 2418 in
376 2354 480 2418 causis
509 2371 603 2436 saepe
633 2352 811 2435 quaesitum
841 2359 899 2414 est.
941 2351 1076 2416 Insidias
1097 2353 1194 2416 iactas
1216 2373 1286 2416 esse
1308 2359 1441 2427 constet,
1469 2360 1502 2414 et
1522 2350 1554 2414 id
1577 2357 1635 2423 est,

312 2447 398 2533 quod
422 2452 550 2509 senatus
571 2452 681 2508 contra
702 2465 768 2508 rem
792 2445 949 2528 publicam
970 2446 1088 2510 iactum
1110 2445 1276 2510 iudicavit:
1299 2447 1338 2510 ab
1360 2455 1432 2510 utro
1446 2445 1547 2510 factae
1562 2444 1635 2517 sint,

311 2546 464 2606 incertum
491 2547 548 2602 est.
591 2542 637 2602 Dc
664 2539 727 2602 boc
754 2539 851 2622 igitur
878 2539 976 2603 latunr
1005 2548 1054 2604 est
1081 2548 1117 2604 ut
1138 2550 1351 2623 quaereretur.
1387 2541 1432 2602 lta
1455 2547 1487 2604 et
1507 2546 1673 2602 senatusue

311 2657 394 2710 rem,
422 2655 488 2697 non
515 2633 675 2696 bominem
706 2632 844 2708 notavit,
873 2641 907 2696 et
926 2635 1093 2718 Pompeius
1116 2634 1155 2697 de
1178 2636 1262 2708 iure,
1285 2654 1349 2697 non
1371 2635 1410 2696 de
1433 2632 1516 2695 iacto
1539 2651 1636 2715 qnae-

311 2733 444 2794 ationem
469 2728 549 2792 tulit
593 2727 663 2788 llll.
684 2729 766 2789 Num
795 2727 873 2810 quid
894 2728 992 2811 igitur
1013 2729 1099 2792 aliud
1122 2729 1155 2790 in
1177 2728 1330 2792 iudicium
1351 2727 1452 2802 venit,
1484 2725 1546 2788 nisi
1566 2731 1637 2786 uter

311 2825 374 2887 utri
402 2821 533 2886 iusidias
562 2820 693 2884 ieeerit‘.l
725 2820 869 2884 Proiecto
899 2820 995 2885 nihil:
1028 2823 1054 2885 si
1080 2822 1132 2886 bic
1154 2824 1221 2899 illi,
1251 2831 1287 2886 ut
1308 2844 1349 2887 ne
1370 2825 1411 2887 sit
1432 2824 1578 2904 impune;
1607 2820 1633 2882 si

312 2919 365 2984 ille
387 2917 477 2990 huic,
499 2923 536 2978 ut
556 2934 615 2977 nos
637 2915 757 2977 scelere
779 2914 948 2978 solvamur.

396 3008 447 3072 32.
470 3009 617 3083 Quonam
639 3008 736 3090 igitur
756 3014 849 3092 pacto
871 3009 998 3091 probari
1022 3019 1125 3093 potest
1146 3012 1277 3076 insidias
1300 3011 1412 3076 Miloni
1431 3010 1544 3074 iecisse
1566 3005 1671 3070 Clo-ss

312 3107 422 3169 dinm‘l
453 3103 535 3166 Satis
566 3110 615 3165 est
642 3104 674 3165 in
701 3102 757 3165 illa
778 3102 907 3186 quidem
930 3110 992 3165 tam
1016 3104 1143 3181 audaci,
1172 3115 1235 3169 tam
1257 3106 1377 3170 nefaria
1398 3105 1490 3170 belua
1512 3102 1636 3169 docere·

299 3189 456 3285 (magnam
478 3197 508 3259 ei
530 3215 675 3269 causam,
698 3214 844 3278 magnam
860 3197 995 3280 spemin
1011 3198 1138 3262 Milonis
1158 3207 1258 3263 morte
1272 3186 1488 3286 propositam)
1507 3216 1635 3279 magnas
1738 3219 1750 3236 .
1781 3202 1786 3217 ’

312 3292 464 3356 utilitates
485 3289 595 3352 fuisse.
630 3290 742 3372 ltaque
763 3289 844 3351 illud
861 3289 1044 3354 Cassianum
1070 3295 1138 3356 acui
1162 3294 1244 3358 bono
1267 3293 1378 3356 inerit»
1403 3289 1438 3356 iii
1457 3294 1506 3357 bis
1527 3312 1636 3377 perso-

311 3387 361 3448 nis
382 3385 501 3457 valeat,
525 3383 583 3445 etsi
605 3383 682 3445 beni
704 3382 790 3446 nullo
804 3382 1017 3448 emolumento
1040 3387 1245 3469 impelluntur
1265 3389 1298 3451 in
1318 3386 1476 3462 fraudem,
1498 3385 1633 3470 improbi

311 3499 405 3564 saepe
435 3497 542 3562 parvo.
589 3478 686 3560 Atqui
714 3476 834 3539 Milone
860 3477 1026 3541 interiecto
1050 3480 1180 3544 Clodius
1201 3481 1279 3544 baec
1301 3481 1540 3565 assequebatur,
1570 3494 1672 3543 nonso

311 3572 407 3636 modo
427 3579 463 3634 ut
484 3578 612 3654 praetor
633 3578 718 3634 esset
739 3591 804 3634 non
827 3592 865 3635 eo
887 3573 1036 3649 consule,
1060 3595 1123 3658 quo
1144 3576 1272 3638 sceleris
1294 3575 1373 3639 nihil
1394 3575 1497 3638 facere
1517 3583 1635 3660 posset,

312 3666 367 3730 sed
396 3665 492 3730 etiam
522 3673 557 3727 ut
587 3666 625 3728 iis
648 3666 833 3729 consulibus
863 3673 989 3749 praetor
1010 3676 1110 3742 esset,
1137 3669 1252 3752 quibus
1274 3670 1300 3732 ei
1322 3689 1386 3732 non
1408 3668 1635 3744 adiuvantibus,

377 4089 400 4137 4.
418 4088 470 4136 Nec
485 4087 624 4148 luperam
639 4087 739 4136 domino
753 4099 798 4136 nec
813 4087 901 4137 sciente
917 4088 936 4137 Β
953 4087 980 4137 in
997 4086 1107 4138 scholio.
1120 4114 1146 4122 -
1166 4101 1210 4139 uec
1225 4089 1364 4152 inperante
1380 4091 1442 4141 en:
1459 4105 1539 4154 eaque
1554 4093 1633 4156 isupe-

310 4168 384 4213 reete
398 4163 492 4214 TESO
506 4189 533 4198 -
551 4175 596 4212 nee
611 4163 700 4213 444440
717 4162 805 4213 PEB:
828 4176 907 4224 necue
921 4164 1012 4213 44444444
1026 4163 1095 4213 TSO
1105 4189 1131 4199 -
1150 4177 1195 4214 ccc
1208 4170 1337 4228 praesente
1352 4167 1399 4217 PT
1409 4166 1445 4216 E:
1463 4181 1542 4230 neque
1554 4181 1634 4231 prea-

310 4244 376 4290 4440
392 4238 434 4288 SO
447 4263 474 4274 —
492 4237 516 4287 2.
530 4237 590 4287 baec
600 4263 637 4275 ·-
647 4238 757 4287 sedada
772 4242 808 4286 est
820 4237 902 4288 habet
918 4237 1093 4299 Quintilianus
1109 4239 1152 4300 lv,
1165 4239 1189 4300 4,
1202 4241 1230 4298 4;
1249 4241 1310 4291 lucc
1320 4241 1461 4292 --ludices
1477 4243 1511 4301 B;
1529 4242 1633 4293 baec·-

310 4315 335 4362 oi
350 4313 418 4362 uicta
432 4313 471 4362 eis
485 4318 521 4362 est
537 4312 615 4364 lulius
626 4314 716 4363 Victor
726 4328 753 4379 p.
763 4313 820 4372 238,
834 4315 873 4364 40.
889 4341 916 4350 -
935 4314 1008 4364 sicud
1019 4314 1081 4364 TE:
1100 4315 1162 4364 sicut
1175 4317 1209 4377 (Ρ)
1220 4315 1277 4376 8ος
1297 4317 1319 4366 si
1334 4321 1362 4366 nt
1372 4317 1392 4367 B
1404 4319 1433 4368 et
1443 4316 1522 4369 lulius
1534 4317 1632 4368 Victus.

314 4412 340 4425 -
353 4390 380 4437 iu
396 4401 425 4437 re
441 4387 487 4436 tait
501 4385 580 4437 lulius
597 4387 694 4438 Victor.
711 4416 737 4424 —
756 4388 779 4438 3.
798 4393 834 4439 est
848 4388 954 4449 PTES,
972 4387 1155 4451 Quintilianus,
1173 4389 1251 4442 lulius
1264 4393 1363 4442 Victor:
1382 4405 1435 4444 om,
1449 4393 1470 4443 0
1483 4420 1509 4428 -
1527 4393 1553 4442 oi
1568 4393 1635 4443 ciete

310 4488 345 4500 --
356 4463 467 4513 eudemo
483 4466 518 4512 eat
533 4461 615 4512 habet
631 4463 650 4512 B
669 4489 697 4497 -
716 4462 739 4513 4.
760 4459 895 4512 auduini
912 4464 972 4525 quid
988 4477 1053 4526 resp.
1072 4471 1203 4516 cmseeuto
1218 4467 1249 4516 ait
1264 4467 1340 4518 ciebit
1355 4467 1410 4518 dico
1425 4467 1500 4517 uieiil
1516 4468 1575 4530 quid
1590 4463 1639 4517 uei

309 4539 374 4588 T-
394 4539 419 4587 li.
438 4535 636 4601 4444440444)-
656 4537 679 4586 6.
698 4537 925 4598 sostei—'let
942 4541 981 4590 44.
999 4540 1070 4605 quin]
1087 4541 1209 4601 quil·-
1228 4543 1655 4608 iureflcriueupotuiti‘:tieri'

309 4614 365 4662 iere
379 4626 430 4661 ece
444 4615 524 4675 posset
540 4611 602 4672 rm
620 4612 676 4661 iure
688 4613 749 4672 (om.
760 4613 824 4676 tisri]
841 4627 891 4663 nou
904 4620 987 4676 posset
1000 4616 1052 4665 SO.
1072 4615 1110 4665 Cl.
1125 4615 1283 4679 Madvigium
1296 4617 1384 4680 opaea.
1397 4621 1471 4670 ccod.
1484 4621 1494 4669 l
1506 4633 1532 4684 p.
1548 4621 1590 4670 464
1606 4633 1632 4669 n.

164 4663 190 4692 ³
312 4687 1634 4751 -aqooerqour-srcuocasrror-s.eumoaoae:om.rnso-orennen--

309 4777 327 4814 o
342 4777 447 4826 coepere
464 4763 557 4814 incedi
574 4765 622 4812 art.
641 4775 752 4826 gramm.
771 4763 865 4826 lragrn.
884 4777 909 4828 p.
928 4765 960 4814 00
977 4764 1020 4815 ed.
1039 4763 1114 4815 lindi.
1133 4791 1159 4800 -
1181 4767 1221 4816 td.
1240 4780 1290 4815 uon
1307 4767 1473 4832 iupsslnudum
1488 4769 1525 4819 illi
1543 4769 1632 4820 PTE:

309 4839 346 4887 illi
366 4853 417 4888 ocu
438 4837 603 4902 lupulundum
620 4839 666 4886 SO
685 4861 712 4873 -
741 4838 780 4887 40.
798 4840 819 4887 si
841 4839 886 4888 boc
908 4841 927 4890 P
945 4865 972 4875 -
992 4840 1032 4888 47.
1050 4853 1101 4890 eoo
1121 4839 1307 4893 iuuc--oeett
1324 4845 1356 4894 1³:
1380 4845 1564 4896 illud--uenit
1584 4859 1634 4895 nou

309 4914 414 4964 TESO
433 4938 461 4951 -·
481 4913 519 4963 48.
538 4912 693 4974 sospena:
711 4913 809 4972 icen&
828 4914 880 4964 iesu
896 4915 1462 4977 mepeT-l9.sintcorr.errsunt1’-
1485 4920 1635 4971 Mtdcboc

308 4988 388 5053 tpiter
403 4989 482 5039 44444444
499 4993 533 5038 est
549 4988 636 5038 enei
655 5013 682 5024 -
700 4987 742 5038 ἥ.
760 5002 822 5039 uum
837 4989 1468 5056 quid--feoeiitbabetB-M.iupueel1-
1486 4999 1514 5044 ut
1530 4997 1563 5046 P:
1581 4999 1634 5044 ten

309 5064 454 5114 TESO-
473 5063 514 5114 il.
533 5063 995 5115 nosem.P-26.Sotis--docere
1011 5065 1163 5117 444444444-
1182 5067 1209 5116 iu
1225 5067 1634 5132 incommemoratum

309 5137 337 5186 444
353 5137 399 5187 iliu
414 5139 501 5189 so·—
522 5142 574 5187 tem
590 5138 682 5188 sudaei
698 5143 751 5188 teau
767 5141 892 5189 om.B-
910 5139 982 5190 belno
998 5141 1122 5192 PTEB:
1140 5141 1221 5192 bedec
1237 5143 1280 5192 SO
1300 5169 1327 5178 -·
1347 5143 1387 5194 48.
1406 5143 1633 5204 Imooe--oaeot

310 5211 393 5262 babet
406 5216 428 5264 Α
441 5237 469 5248 -·
487 5213 529 5261 eui
544 5213 607 5263 bono
622 5213 707 5277 petit]
722 5213 842 5264 indidem
853 5216 874 5265 a
886 5239 912 5250 ··
930 5215 972 5266 40.
983 5215 1051 5264 calet
1067 5214 1126 5265 cod.
1140 5217 1235 5268 Ascon.
1248 5217 1371 5268 ambros.
1383 5243 1409 5253 -
1430 5217 1470 5268 30.
1489 5218 1549 5268 baec
1564 5218 1625 5268 TE:

309 5286 1024 5352 seso-at.saemuoew1as.-seeese
1039 5290 1185 5346 Manutius:
1205 5296 1233 5344 444
1248 5291 1286 5344 its
1300 5293 1384 5348 TES.
