4009 6159
240 1424 258 1518 l

400 588 463 657 952
834 592 986 657 ORATIO
1007 592 1088 657 nno
1109 591 1143 657 P.
1166 590 1308 655 SESTIO

402 763 612 847 splendetque
633 784 690 847 per
710 782 781 825 sese
803 781 928 846 semper
950 782 1057 845 neque
1078 760 1191 825 alienis
1211 778 1362 844 umquem
1384 758 1528 822 sordibus
1543 756 1725 821 obsolescit.

401 858 472 919 Non
495 856 540 919 illi
563 856 739 920 ornandum
762 858 803 919 M.
827 856 991 929 Catonem,
1015 856 1070 917 sed
1086 853 1308 937 relegandum,
1331 851 1451 915 necilli
1466 850 1726 914 committendum

401 949 479 1012 illud
501 950 679 1031 negotium,
702 950 758 1013 sed
780 949 1006 1033 imponendum
1029 955 1234 1033 putaverunt,
1257 947 1311 1030 qui
1333 948 1365 1010 in
1386 946 1537 1012 contione
1557 944 1662 1027 palem
1677 942 1727 1007 di·

401 1044 508 1106 xerint
527 1043 668 1127 linquam
690 1063 724 1107 se
746 1044 890 1107 evellisse
912 1045 954 1106 ld.
978 1044 1107 1117 Catoni,
1131 1061 1213 1125 quae
1235 1059 1361 1123 semper
1381 1045 1489 1103 contra
1510 1037 1727 1102 extraordina-

379 1137 463 1198 nrias
484 1145 656 1220 potestates
677 1135 912 1201 libereiuisset.
947 1136 1109 1210 Sentient‚
1131 1143 1167 1199 ut
1181 1153 1290 1218 spero,
1314 1133 1401 1196 brevi
1415 1141 1576 1217 tempore,
1598 1150 1725 1195 manere

401 1229 577 1293 libertatem
598 1230 685 1294 illam
707 1238 804 1314 etque
826 1230 886 1294 hoc
909 1231 1021 1304 etiam,
1044 1231 1070 1293 si
1092 1230 1162 1292 lieri
1183 1228 1339 1311 potuerit,
1362 1247 1432 1291 esse
1447 1228 1615 1301 maiorem,
1638 1224 1726 1310 quod

401 1342 472 1386 cum
494 1324 678 1387 consulibus
700 1323 764 1386 illis
786 1327 828 1388 ld.
851 1324 944 1399 Cato,
967 1326 1061 1388 etiam
1083 1344 1155 1387 cum
1177 1322 1241 1385 iem
1255 1322 1457 1406 desperasset
1476 1319 1597 1403 aliquid
1618 1327 1728 1383 aucto·

400 1416 492 1479 ritate
521 1436 579 1479 sue
607 1415 719 1501 profici
740 1439 854 1501 posse,
887 1426 991 1481 temen
1015 1436 1092 1481 voce
1114 1417 1185 1500 ipsu
1206 1436 1244 1478 ec
1265 1416 1374 1479 dolore
1397 1416 1568 1498 pugnavit,
1600 1419 1729 1496 etpost

401 1530 506 1573 meum
535 1511 709 1576 discessum
737 1512 777 1574 iis
807 1513 953 1576 Pisonem
975 1512 1080 1575 verbis
1101 1512 1181 1573 dens
1203 1528 1308 1572 meum
1329 1518 1362 1572 et
1382 1510 1430 1573 rei
1451 1507 1596 1594 publicae
1617 1526 1728 1570 casum

366 1592 544 1680 serenavit,
566 1605 710 1668 utillum
731 1605 891 1669 bominem
914 1604 1163 1689 perditissimum
1179 1611 1275 1686 atque
1297 1601 1602 1687 impudentissimum
1623 1618 1728 1683 peene

401 1700 464 1761 iam
485 1698 667 1782 provinciae
689 1700 874 1782 paeniteret.
917 1694 968 1760 ct.
992 1698 1055 1761 Cur
1075 1698 1171 1781 igitur
1191 1697 1346 1777 rogationi
1368 1697 1498 1780 paruit?
1531 1694 1630 1770 Quasi
1651 1711 1726 1757 vero

402 1793 457 1854 ills
484 1814 548 1857 non
571 1792 604 1855 in
626 1792 702 1855 alies
724 1812 852 1876 quoque
874 1793 977 1875 leges,
1009 1812 1089 1875 quas
1110 1792 1227 1853 iniuste
1248 1798 1376 1873 rogatas
1397 1796 1540 1873 putaret,
1569 1789 1632 1850 iam
1652 1793 1725 1849 ante

401 1885 570 1949 iuraveritl
608 1887 679 1948 Non
710 1888 802 1949 offert
828 1908 862 1950 se
891 1888 945 1951 ille
967 1886 1035 1949 istis
1058 1884 1302 1960 temeritatibus,
1335 1892 1384 1960 ut,
1419 1904 1490 1947 cum
1512 1864 1726 1966 reipublicae

402 1979 481 2041 nibil
511 1978 631 2061 prosit,
660 1999 694 2041 se
717 1980 778 2042 civi
800 2000 866 2043 rem
889 1980 1047 2064 publicam
1070 1979 1180 2061 privet.
1214 1978 1353 2041 Consule
1374 1998 1424 2042 me
1446 1998 1516 2041 cum
1539 1984 1625 2039 esset
1644 1973 1726 2037 desi-

367 2081 516 2156 seqnatus
538 2072 682 2136 tribunus
705 2074 763 2155 pl.,
787 2075 900 2138 obtulit
920 2076 954 2137 in
976 2074 1146 2136 discrimen
1167 2072 1263 2135 vitem
1287 2092 1391 2136 suam:
1415 2072 1495 2135 dixit
1515 2090 1585 2133 eem
1600 2076 1727 2133 senten·

403 2168 497 2240 tiam,
530 2166 618 2229 cuius
649 2166 801 2230 invidiam
830 2168 942 2251 cepitis
971 2167 1113 2250 periculo
1146 2166 1207 2228 sibi
1229 2168 1448 2248 praestandam
1470 2164 1613 2239 videbat,
1646 2164 1727 2227 dixit

403 2260 620 2334 vehementer,
644 2260 708 2343 egit
729 2264 855 2336 acriter,
878 2281 915 2324 ea
938 2281 1020 2346 quse
1042 2262 1141 2323 sensit
1161 2279 1237 2341 prae
1252 2280 1287 2322 se
1301 2261 1390 2336 tulit3
1412 2262 1489 2335 dux,
1508 2266 1626 2333 auctor,
1640 2266 1727 2320 actor

403 2374 509 2417 rerum
529 2354 655 2417 illarum
677 2354 755 2429 fuit,
777 2376 841 2418 non
863 2375 928 2439 quo
949 2355 1125 2439 periculum
1148 2374 1241 2416 suum
1261 2373 1327 2416 non
1348 2354 1488 2431 videret,
1510 2353 1565 2417 sed
1587 2352 1621 2414 in
1641 2358 1727 2415 unta

404 2451 450 2512 rei
477 2448 621 2531 publicae
648 2456 834 2531 tempestate
861 2449 941 2514 nibil
972 2448 1031 2510 sibi
1062 2448 1124 2509 nisi
1151 2449 1190 2510 de
1211 2449 1332 2530 patriae
1353 2450 1504 2530 periculis
1526 2446 1726 2530 cogitandum

365 2543 544 2626 reputabat.
587 2542 705 2605 XXIX.
720 2541 771 2605 62.
795 2542 991 2607 Consecutus
1015 2548 1064 2603 est
1085 2542 1185 2625 ipsius
1207 2542 1395 2605 tribunatus.
1429 2543 1514 2618 Quid
1533 2561 1593 2625 ego
1609 2543 1648 2603 de
1663 2542 1728 2603 sin·

405 2637 505 2720 pulani
525 2635 740 2717 magnitudine
763 2638 857 2700 enimi
873 2636 940 2700 eius
956 2654 993 2698 ac
1008 2635 1049 2696 de
1069 2634 1247 2698 incredibili
1263 2636 1379 2699 virtute
1395 2636 1518 2699 dicamt
1540 2634 1728 2698 Meministis

405 2732 494 2793 illum
516 2731 616 2805 diam,
638 2751 710 2792 cum
732 2731 851 2813 templo
874 2751 892 2793 a
912 2730 1034 2811 collega
1053 2737 1218 2811 occupato,
1240 2729 1333 2792 nobis
1355 2730 1500 2793 omnibus
1515 2730 1555 2792 de
1570 2729 1634 2791 vite
1654 2728 1727 2791 talis

405 2826 464 2888 viri
487 2832 518 2888 et
540 2824 617 2887 civis
639 2824 839 2899 timentibus,
861 2825 930 2907 ipse
952 2824 1059 2885 animo
1081 2820 1261 2886 firmissimo
1283 2824 1425 2886 venitin
1447 2823 1598 2909 templum
1619 2829 1652 2885 et
1665 2823 1729 2886 ela·

406 2938 527 2981 morem
548 2918 713 2981 bominum
736 2920 936 2992 auctoritate,
958 2919 1111 2999 impetum
1129 2917 1344 2999 improborum
1359 2919 1476 2981 virtute
1490 2918 1620 2980 sederit.
1641 2917 1729 2979 Adiit

367 3020 472 3077 satum
493 3011 683 3095 periculum,
706 3013 761 3075 sed
784 3014 863 3076 adiit
884 3012 924 3075 ob
946 3031 1015 3075 eam
1038 3030 1178 3085 causam,
1209 3030 1290 3095 quse
1313 3020 1431 3095 quanta
1450 3011 1546 3074 fuerit
1565 3012 1629 3074 iam
1651 3013 1727 3075 mibi

406 3107 511 3169 dicere
533 3124 597 3168 non
620 3113 669 3169 est
689 3127 829 3170 necesse.
863 3107 903 3169 dt
925 3108 950 3169 si
973 3106 1026 3167 isti
1050 3105 1183 3187 Cypriae
1205 3104 1362 3187 rogationi
1383 3106 1642 3170 sceleratissimae
1663 3127 1726 3170 non

406 3200 577 3283 puniisset,
599 3200 744 3263 haereret
764 3200 819 3263 illa
840 3200 941 3264 nibilo
959 3199 1063 3261 minus
1085 3199 1131 3261 rei
1153 3199 1298 3282 publicae
1320 3199 1501 3282 turpitud0;
1522 3219 1621 3280 regno
1643 3202 1727 3262 enim

406 3294 469 3356 iam
497 3293 656 3376 publicato
684 3293 723 3356 de
750 3296 821 3376 ipso
852 3294 970 3358 Getone
998 3301 1065 3355 erat
1093 3294 1278 3357 nominatim
1299 3302 1454 3376 rogatum.
1492 3293 1586 3368 Quod
1617 3294 1671 3357 ille
1699 3296 1728 3357 si

406 3387 621 3470 repudiasset,
651 3386 800 3450 dubitatis
829 3388 907 3471 quin
937 3388 965 3449 ei
994 3389 1042 3450 vis
1071 3394 1156 3449 esset
1182 3387 1294 3461 allata,
1323 3408 1393 3449 cum
1424 3388 1531 3450 omnia
1552 3394 1621 3451 ecta
1642 3388 1727 3451 illius

369 3482 481 3546 scanni
504 3500 681 3564 perunum
703 3480 792 3545 illum
814 3481 992 3544 labefactari
1014 3480 1223 3543 viderentur?
1253 3478 1304 3542 63.
1320 3482 1423 3565 Atque
1445 3482 1538 3543 etiam
1559 3481 1619 3546 boe
1640 3483 1729 3546 vide·

407 3576 475 3637 bat:
505 3575 656 3658 quoniam
683 3573 738 3637 illa
759 3575 792 3637 in
813 3595 847 3637 re
870 3574 997 3659 publica
1018 3575 1140 3639 macula
1160 3576 1249 3658 regni
1272 3576 1426 3659 publicati
1446 3581 1605 3651 maneret,
1633 3595 1728 3660 quem

474 3941 498 3990 l.
512 3953 560 4003 per
575 3952 600 3989 se
616 3940 635 3988 L
654 3964 681 3973 -
699 3940 724 3988 2.
741 3938 900 4002 reliqcvdvm
914 3941 966 3990 PG
984 3965 1011 3975 -
1030 3954 1075 3990 sec
1090 3941 1127 3990 illi
1143 3944 1331 3992 ccmm.om.G
1349 3942 1400 4006 (illo
1416 3942 1453 4003 Pl)
1473 3968 1498 3976 —
1520 3941 1544 3993 3.
1562 3942 1728 4007 inponendum

407 4019 457 4068 PG
477 4044 503 4054 —
522 4014 638 4065 cenetens
654 4014 674 4063 0
693 4038 718 4051 -
739 4011 764 4063 l.
783 4012 881 4064 euellere
898 4015 917 4063 P
936 4038 962 4050 -
982 4016 1006 4065 6.
1023 4017 1131 4078 potuerit
1147 4019 1210 4066 PG:
1226 4018 1319 4079 poterit
1335 4018 1380 4067 ιιΟ
1395 4044 1420 4053 -
1439 4016 1464 4067 8.
1480 4018 1570 4081 profici
1586 4019 1648 4067 PG:
1665 4032 1728 4081 pro-

405 4094 479 4157 ficere
495 4090 543 4139 b0
561 4114 588 4127 -·
608 4089 648 4138 so.
666 4088 895 4150 iapscdevtiesimmn
909 4102 1007 4150 poenae
1022 4092 1075 4140 icm
1088 4092 1232 4153 provintiae
1248 4095 1267 4143 P
1285 4119 1312 4129 -
1333 4094 1372 4142 lt.
1388 4093 1525 4155 poeniteret
1541 4095 1573 4143 P:
1592 4095 1728 4155 poeniteret

408 4168 428 4217 0
448 4194 475 4203 -
494 4163 690 4227 puasl--lepes
710 4164 835 4212 iuraverit
856 4162 938 4214 hebel
954 4168 975 4214 Λ
992 4166 1088 4216 mediis
1105 4167 1218 4217 omissis.
1240 4194 1267 4203 -
1292 4168 1331 4217 ti.
1349 4168 1376 4218 ic
1392 4180 1450 4232 sup.
1470 4166 1513 4217 lin.
1532 4170 1552 4219 P
1571 4196 1598 4204 —
1616 4168 1682 4219 clim
1696 4172 1725 4231 P,

408 4244 501 4293 cimae
517 4244 537 4291 G
556 4268 583 4277 -
601 4242 692 4290 intuite
708 4240 728 4288 P
745 4266 772 4275 —
793 4241 832 4290 43.
851 4240 975 4291 iuraverit
992 4246 1026 4292 A:
1045 4243 1138 4291 terami
1156 4244 1240 4292 PGO.
1266 4242 1320 4292 «Ci.
1339 4245 1410 4292 Oret.
1429 4242 1443 4305 ξ
1461 4244 1516 4293 tot.
1535 4242 1640 4304 Quintil.
1659 4246 1682 4303 l,
1701 4245 1725 4308 6,

406 4320 447 4370 at.
466 4316 549 4376 Talia,
577 4314 654 4379 quvlc
681 4318 723 4365 est
741 4316 900 4379 iudicavisse,
926 4318 1032 4377 ιιουίιιι,
1059 4318 1184 4377 delevisse,
1210 4315 1334 4380 leguntur
1354 4318 1380 4367 in
1401 4315 1474 4367 libris
1497 4316 1530 4368 de
1556 4320 1620 4383 llep.
1639 4321 1726 4371 tricies

407 4393 519 4457 septies,
537 4392 562 4441 in
581 4393 657 4443 tusc.
670 4392 701 4441 D.
715 4392 803 4441 tricies
820 4394 927 4455 quater,
945 4393 971 4442 in
989 4392 1014 4443 ll.
1033 4392 1067 4442 de
1085 4394 1138 4443 Fin.
1155 4392 1213 4457 plus
1230 4394 1326 4456 vicies,
1344 4394 1372 4443 in
1387 4393 1467 4443 Bruto
1484 4391 1543 4457 plus
1559 4392 1726 4459 quadragies,

405 4480 433 4533 p.
451 4466 532 4517 Tullio
549 4470 639 4516 sutem
656 4469 751 4529 qnater
768 4468 837 4529 etp.
856 4468 954 4517 Scauro
971 4466 1069 4525 semel,
1086 4468 1208 4518 iudicasse
1216 4471 1267 4518 cet.
1280 4470 1381 4530 novies,
1399 4467 1557 4530 duodecies,
1577 4470 1725 4534 quinquies,

406 4541 547 4602 undecies,
566 4545 620 4601 ter;
639 4542 775 4603 audivisse,
794 4543 932 4593 audiverim
944 4541 1042 4603 semel,
1062 4544 1162 4604 series,
1181 4546 1284 4607 quater,
1303 4544 1461 4603 duodecies3
1480 4546 1585 4607 caduce,
1604 4547 1728 4596 audierim

406 4617 512 4677 novies,
530 4617 631 4677 series,
649 4618 759 4681 septies,
778 4615 834 4677 bis,
853 4630 878 4681 p.
897 4616 961 4667 Tull.
980 4616 1073 4668 semel.
1100 4618 1137 4667 Ex
1154 4618 1249 4668 eodem
1267 4619 1325 4669 Vel.
1344 4618 1514 4669 scribendum
1533 4622 1574 4670 cst
1589 4632 1615 4684 p.
1634 4618 1727 4670 Flacco

407 4693 422 4757 fi
440 4694 471 4743 39
486 4698 652 4755 puwuouot,
676 4692 691 4755 5
708 4694 736 4742 dt
757 4692 933 4753 delectaverat,
958 4694 984 4743 in
1001 4693 1059 4743 Vnt.
1077 4693 1092 4756 ἓ
1109 4694 1124 4743 7
1141 4706 1314 4755 moveram,
1333 4693 1387 4757 §ll
1407 4694 1546 4758 manseris,
1565 4705 1591 4757 p.
1604 4690 1655 4744 blil.
1668 4694 1684 4757 g
1696 4695 1727 4746 l8

406 4768 595 4819 collocaverat.»
614 4768 772 4818 Wesenssne
789 4780 815 4831 p.
829 4766 869 4818 dl.
883 4795 909 4804 -
928 4768 970 4817 illc
985 4770 1051 4818 testis
1066 4770 1127 4817 G-
1147 4769 1187 4819 tl.
1205 4770 1256 4818 ciui
1272 4772 1336 4819 PG:
1354 4770 1407 4819 cive
1422 4769 1470 4820 b0
1489 4796 1516 4807 -
1535 4782 1588 4818 ren
1603 4768 1728 4831 mtbllccm

406 4842 438 4893 b:
460 4844 497 4892 Ji.
516 4845 578 4902 PG;
597 4840 721 4906 absorpta
740 4844 781 4893 est
795 4858 822 4904 p.
841 4844 962 4905 sequenti
977 4844 1066 4905 privet.
1087 4870 1114 4879 -
1134 4844 1173 4892 te.
1192 4843 1271 4907 wirce]
1288 4845 1337 4893 cai.
1355 4844 1403 4893 coi.
1424 4844 1447 4905 (i.
1467 4858 1491 4893 e.
1510 4844 1580 4894 cuius
1596 4842 1645 4905 bis)
1662 4845 1723 4893 G—

407 4920 446 4969 to.
466 4918 520 4982 eso]
537 4930 597 4981 erpo
613 4919 661 4967 PG
679 4942 706 4953 -
725 4917 766 4967 ie.
785 4916 842 4966 tulis
858 4928 921 4967 nos:
938 4930 989 4973 ..ιιι
1006 4916 1049 4977 P¹;
1075 4918 1127 4968 eisc
1149 4916 1233 4968 P²G0
1253 4946 1280 4955 -
1299 4920 1339 4969 2³.
1356 4919 1499 4983 timuissimo
1514 4920 1576 4969 Pe:
1593 4917 1726 4981 fortissimo

406 4994 461 5045 e0.
480 4993 518 5044 Cl.
531 4992 565 5042 ed
576 5006 602 5057 p.
615 4992 672 5052 780,
685 4991 709 5041 3.
726 5017 753 5027 -
771 4990 812 5042 tl.
829 4994 939 5055 inpetum
954 4992 1117 5055 inproborum
1132 4994 1191 5043 P-
1209 4994 1276 5043 Adiit
1289 4993 1429 5055 periculum
1445 4993 1474 5044 ob
1486 5020 1523 5031 --
1534 5006 1628 5044 necesse
1644 4992 1726 5043 hebet

405 5072 428 5120 A
447 5095 473 5105 -
496 5068 536 5117 it.
558 5066 587 5117 ob
608 5078 666 5117 com
685 5070 838 5117 causamn:
863 5068 892 5117 cb
909 5082 1012 5119 causam
1028 5069 1089 5129 1³03
1113 5080 1218 5118 cessam
1234 5070 1255 5116 G
1272 5094 1300 5103 -
1320 5069 1401 5119 dicere
1414 5070 1475 5118 mila
1496 5070 1559 5133 [om.
1577 5068 1637 5130 ἰαιιι)
1656 5069 1677 5117 G
1695 5092 1723 5102 -

406 5143 447 5195 it.
465 5143 649 5193 scelectioeime
663 5145 683 5193 P
696 5168 723 5179 -
741 5144 783 5192 ii.
799 5144 837 5193 rei
853 5143 967 5206 publicae
977 5142 1056 5194 Orelli
1068 5144 1115 5207 til:
1136 5144 1173 5194 s.
1186 5144 1212 5192 P.
1226 5144 1245 5192 P
1262 5144 1296 5204 (in
1309 5157 1362 5207 quo
1379 5142 1545 5209 plerumque,
1564 5143 1725 5207 quicumque

407 5221 449 5268 est
465 5231 555 5277 cesus,
574 5216 625 5268 boc
642 5216 829 5282 compendium
847 5219 1000 5281 invenitur);
1023 5220 1050 5269 ic
1065 5232 1094 5269 re
1111 5218 1287 5281 publicatio.
1311 5220 1350 5270 Ci.
1369 5233 1395 5284 p.
1413 5221 1490 5270 ltosc.
1508 5220 1583 5270 Com.
1602 5218 1617 5282 5
1634 5217 1674 5267 tt.
1695 5246 1723 5263 -.

406 5294 447 5351 29.
465 5294 526 5363 quio
541 5294 564 5344 ei
579 5294 617 5348 vic
632 5289 675 5347 P²:
694 5294 807 5363 qvinmie
824 5296 866 5357 P¹;
885 5295 1057 5363 quiescivieli
1075 5322 1102 5331 -
1120 5296 1161 5349 30.
1179 5306 1258 5350 tillim
1273 5294 1344 5348 wem
1359 5298 1423 5347 PG:
1440 5294 1512 5350 witin
1526 5307 1605 5345 maen
1620 5292 1674 5351 ιθ,
