<?xml version="1.0" encoding="UTF-8"?>
<!DOCTYPE html PUBLIC "-//W3C//DTD XHTML 1.0 Transitional//EN"
    "http://www.w3.org/TR/xhtml1/DTD/xhtml1-transitional.dtd">
<html xmlns="http://www.w3.org/1999/xhtml" xml:lang="en" lang="en">
 <head>
  <title>
</title>
<meta http-equiv="Content-Type" content="text/html;charset=utf-8" />
  <meta name='ocr-system' content='tesseract 3.04.00' />
  <meta name='ocr-capabilities' content='ocr_page ocr_carea ocr_par ocr_line ocrx_word'/>
</head>
<body>
  <div class='ocr_page' id='page_1' title='image "./mtulliiciceroni01baitgoog_0131.png"; bbox 0 0 4009 6159; ppageno 0'>
   <div class='ocr_carea' id='block_1_1' title="bbox 371 545 1267 638">
    <p class='ocr_par' dir='ltr' id='par_1_1' title="bbox 371 545 1267 638">
     <span class='ocr_line' id='line_1_1' title="bbox 371 545 1267 638; baseline 0.004 -7"><span class='ocrx_word' id='word_1_1' title='bbox 371 563 434 632; x_wconf 74' lang='lat' dir='ltr'><strong>aas</strong></span> <span class='ocrx_word' id='word_1_2' title='bbox 802 545 956 638; x_wconf 80' lang='lat' dir='ltr'><strong>omno</strong></span> <span class='ocrx_word' id='word_1_3' title='bbox 975 570 1030 635; x_wconf 88' lang='lat' dir='ltr'><strong>nn</strong></span> <span class='ocrx_word' id='word_1_4' title='bbox 1050 569 1169 638; x_wconf 84' lang='lat' dir='ltr'><strong>nouo</strong></span> <span class='ocrx_word' id='word_1_5' title='bbox 1190 570 1267 636; x_wconf 82' lang='lat' dir='ltr'><strong>sus</strong></span> 
     </span>
    </p>
   </div>
   <div class='ocr_carea' id='block_1_2' title="bbox 328 740 1749 3558">
    <p class='ocr_par' dir='ltr' id='par_1_2' title="bbox 328 740 1749 3558">
     <span class='ocr_line' id='line_1_2' title="bbox 374 740 1694 825; baseline -0.002 -18"><span class='ocrx_word' id='word_1_6' title='bbox 374 743 516 807; x_wconf 88' lang='lat' dir='ltr'><strong>munium</strong></span> <span class='ocrx_word' id='word_1_7' title='bbox 545 751 738 825; x_wconf 90' lang='lat' dir='ltr'><strong>temporum,</strong></span> <span class='ocrx_word' id='word_1_8' title='bbox 769 741 848 825; x_wconf 92' lang='lat' dir='ltr'><strong>quid</strong></span> <span class='ocrx_word' id='word_1_9' title='bbox 868 740 996 805; x_wconf 90' lang='lat' dir='ltr'><strong>tandem</strong></span> <span class='ocrx_word' id='word_1_10' title='bbox 1017 741 1157 804; x_wconf 82' lang='lat' dir='ltr'><strong>futurum</strong></span> <span class='ocrx_word' id='word_1_11' title='bbox 1179 748 1228 805; x_wconf 90' lang='lat' dir='ltr'><strong>est</strong></span> <span class='ocrx_word' id='word_1_12' title='bbox 1248 741 1303 815; x_wconf 92' lang='lat' dir='ltr'><strong>iis,</strong></span> <span class='ocrx_word' id='word_1_13' title='bbox 1331 759 1466 824; x_wconf 91' lang='lat' dir='ltr'><strong>quorum</strong></span> <span class='ocrx_word' id='word_1_14' title='bbox 1487 742 1553 805; x_wconf 77' lang='lat' dir='ltr'><strong>vita</strong></span> <span class='ocrx_word' id='word_1_15' title='bbox 1572 747 1694 804; x_wconf 87' lang='lat' dir='ltr'><strong>remota</strong></span> 
     </span>
     <span class='ocr_line' id='line_1_3' title="bbox 373 835 1693 920; baseline -0.002 -20"><span class='ocrx_word' id='word_1_16' title='bbox 373 837 413 900; x_wconf 86' lang='lat' dir='ltr'><strong>ab</strong></span> <span class='ocrx_word' id='word_1_17' title='bbox 434 837 555 901; x_wconf 90' lang='lat' dir='ltr'><strong>bonore</strong></span> <span class='ocrx_word' id='word_1_18' title='bbox 576 837 721 920; x_wconf 84' lang='lat' dir='ltr'><strong>populari</strong></span> <span class='ocrx_word' id='word_1_19' title='bbox 743 844 775 900; x_wconf 88' lang='lat' dir='ltr'><strong>et</strong></span> <span class='ocrx_word' id='word_1_20' title='bbox 794 835 835 900; x_wconf 90' lang='lat' dir='ltr'><strong>ab</strong></span> <span class='ocrx_word' id='word_1_21' title='bbox 856 837 916 900; x_wconf 90' lang='lat' dir='ltr'><strong>hac</strong></span> <span class='ocrx_word' id='word_1_22' title='bbox 938 835 1054 899; x_wconf 79' lang='lat' dir='ltr'><strong>illustri</strong></span> <span class='ocrx_word' id='word_1_23' title='bbox 1074 835 1175 918; x_wconf 75' lang='lat' dir='ltr'><strong>gratia</strong></span> <span class='ocrx_word' id='word_1_24' title='bbox 1195 842 1260 909; x_wconf 90' lang='lat' dir='ltr'><strong>est,</strong></span> <span class='ocrx_word' id='word_1_25' title='bbox 1282 835 1437 919; x_wconf 87' lang='lat' dir='ltr'><strong>pecuniae</strong></span> <span class='ocrx_word' id='word_1_26' title='bbox 1458 844 1565 899; x_wconf 88' lang='lat' dir='ltr'><strong>autem</strong></span> <span class='ocrx_word' id='word_1_27' title='bbox 1585 842 1693 898; x_wconf 84' lang='lat' dir='ltr'><strong>tantas</strong></span> 
     </span>
     <span class='ocr_line' id='line_1_4' title="bbox 373 928 1693 1013; baseline -0.002 -19"><span class='ocrx_word' id='word_1_28' title='bbox 373 940 465 1007; x_wconf 90' lang='lat' dir='ltr'><strong>sunt,</strong></span> <span class='ocrx_word' id='word_1_29' title='bbox 492 938 528 995; x_wconf 91' lang='lat' dir='ltr'><strong>ut</strong></span> <span class='ocrx_word' id='word_1_30' title='bbox 548 951 603 995; x_wconf 89' lang='lat' dir='ltr'><strong>eas</strong></span> <span class='ocrx_word' id='word_1_31' title='bbox 625 931 758 996; x_wconf 90' lang='lat' dir='ltr'><strong>nimium</strong></span> <span class='ocrx_word' id='word_1_32' title='bbox 786 930 877 994; x_wconf 91' lang='lat' dir='ltr'><strong>multi</strong></span> <span class='ocrx_word' id='word_1_33' title='bbox 905 938 1050 1013; x_wconf 76' lang='lat' dir='ltr'><strong>egentes,</strong></span> <span class='ocrx_word' id='word_1_34' title='bbox 1082 930 1276 1012; x_wconf 80' lang='lat' dir='ltr'><strong>sumptuosi,</strong></span> <span class='ocrx_word' id='word_1_35' title='bbox 1297 928 1421 992; x_wconf 87' lang='lat' dir='ltr'><strong>nobiles</strong></span> <span class='ocrx_word' id='word_1_36' title='bbox 1443 931 1693 1013; x_wconf 72' lang='lat' dir='ltr'><strong>concupiscant?</strong></span> 
     </span>
     <span class='ocr_line' id='line_1_5' title="bbox 372 1020 1694 1108; baseline 0.001 -23"><span class='ocrx_word' id='word_1_37' title='bbox 372 1020 424 1088; x_wconf 73' lang='grc' dir='ltr'><strong>Π.</strong></span> <span class='ocrx_word' id='word_1_38' title='bbox 445 1026 524 1088; x_wconf 86' lang='lat' dir='ltr'><strong>Date</strong></span> <span class='ocrx_word' id='word_1_39' title='bbox 543 1024 627 1088; x_wconf 89' lang='lat' dir='ltr'><strong>banc</strong></span> <span class='ocrx_word' id='word_1_40' title='bbox 646 1023 774 1088; x_wconf 86' lang='lat' dir='ltr'><strong>tribuno</strong></span> <span class='ocrx_word' id='word_1_41' title='bbox 796 1024 840 1108; x_wconf 88' lang='lat' dir='ltr'><strong>pl.</strong></span> <span class='ocrx_word' id='word_1_42' title='bbox 862 1023 1022 1087; x_wconf 90' lang='lat' dir='ltr'><strong>licentiam</strong></span> <span class='ocrx_word' id='word_1_43' title='bbox 1036 1031 1068 1087; x_wconf 88' lang='lat' dir='ltr'><strong>et</strong></span> <span class='ocrx_word' id='word_1_44' title='bbox 1088 1023 1254 1086; x_wconf 79' lang='lat' dir='ltr'><strong>intuemini</strong></span> <span class='ocrx_word' id='word_1_45' title='bbox 1274 1022 1437 1107; x_wconf 79' lang='lat' dir='ltr'><strong>paulisper</strong></span> <span class='ocrx_word' id='word_1_46' title='bbox 1450 1024 1566 1086; x_wconf 91' lang='lat' dir='ltr'><strong>animis</strong></span> <span class='ocrx_word' id='word_1_47' title='bbox 1581 1024 1694 1086; x_wconf 86' lang='lat' dir='ltr'><strong>iuven·</strong></span> 
     </span>
     <span class='ocr_line' id='line_1_6' title="bbox 347 1117 1694 1202; baseline -0.001 -21"><span class='ocrx_word' id='word_1_48' title='bbox 347 1126 468 1182; x_wconf 85' lang='lat' dir='ltr'><strong>otntom</strong></span> <span class='ocrx_word' id='word_1_49' title='bbox 491 1126 523 1183; x_wconf 90' lang='lat' dir='ltr'><strong>et</strong></span> <span class='ocrx_word' id='word_1_50' title='bbox 544 1137 600 1182; x_wconf 89' lang='lat' dir='ltr'><strong>eos</strong></span> <span class='ocrx_word' id='word_1_51' title='bbox 622 1118 774 1193; x_wconf 84' lang='lat' dir='ltr'><strong>maxime,</strong></span> <span class='ocrx_word' id='word_1_52' title='bbox 797 1119 853 1202; x_wconf 90' lang='lat' dir='ltr'><strong>qui</strong></span> <span class='ocrx_word' id='word_1_53' title='bbox 875 1118 1041 1181; x_wconf 89' lang='lat' dir='ltr'><strong>imminere</strong></span> <span class='ocrx_word' id='word_1_54' title='bbox 1061 1117 1125 1180; x_wconf 88' lang='lat' dir='ltr'><strong>iam</strong></span> <span class='ocrx_word' id='word_1_55' title='bbox 1146 1117 1320 1198; x_wconf 88' lang='lat' dir='ltr'><strong>cupiditate</strong></span> <span class='ocrx_word' id='word_1_56' title='bbox 1336 1117 1485 1180; x_wconf 87' lang='lat' dir='ltr'><strong>videntur</strong></span> <span class='ocrx_word' id='word_1_57' title='bbox 1504 1117 1538 1178; x_wconf 92' lang='lat' dir='ltr'><strong>in</strong></span> <span class='ocrx_word' id='word_1_58' title='bbox 1559 1117 1694 1180; x_wconf 94' lang='lat' dir='ltr'><strong>tribuni·</strong></span> 
     </span>
     <span class='ocr_line' id='line_1_7' title="bbox 370 1210 1694 1296; baseline -0.002 -22"><span class='ocrx_word' id='word_1_59' title='bbox 370 1212 451 1275; x_wconf 89' lang='lat' dir='ltr'><strong>ciam</strong></span> <span class='ocrx_word' id='word_1_60' title='bbox 472 1220 675 1296; x_wconf 84' lang='lat' dir='ltr'><strong>potestatem:</strong></span> <span class='ocrx_word' id='word_1_61' title='bbox 709 1212 859 1294; x_wconf 77' lang='lat' dir='ltr'><strong>collegia,</strong></span> <span class='ocrx_word' id='word_1_62' title='bbox 881 1211 1004 1274; x_wconf 90' lang='lat' dir='ltr'><strong>medius</strong></span> <span class='ocrx_word' id='word_1_63' title='bbox 1026 1210 1137 1286; x_wconf 86' lang='lat' dir='ltr'><strong>fidius,</strong></span> <span class='ocrx_word' id='word_1_64' title='bbox 1160 1211 1357 1274; x_wconf 89' lang='lat' dir='ltr'><strong>tribunorum</strong></span> <span class='ocrx_word' id='word_1_65' title='bbox 1378 1211 1422 1293; x_wconf 91' lang='lat' dir='ltr'><strong>pl.</strong></span> <span class='ocrx_word' id='word_1_66' title='bbox 1443 1217 1510 1275; x_wconf 87' lang='lat' dir='ltr'><strong>tota</strong></span> <span class='ocrx_word' id='word_1_67' title='bbox 1531 1210 1694 1292; x_wconf 87' lang='lat' dir='ltr'><strong>reperien-</strong></span> 
     </span>
     <span class='ocr_line' id='line_1_8' title="bbox 369 1303 1692 1389; baseline -0.001 -21"><span class='ocrx_word' id='word_1_68' title='bbox 369 1312 421 1368; x_wconf 87' lang='lat' dir='ltr'><strong>tur</strong></span> <span class='ocrx_word' id='word_1_69' title='bbox 441 1306 502 1370; x_wconf 91' lang='lat' dir='ltr'><strong>boc</strong></span> <span class='ocrx_word' id='word_1_70' title='bbox 522 1309 590 1371; x_wconf 89' lang='lat' dir='ltr'><strong>iure</strong></span> <span class='ocrx_word' id='word_1_71' title='bbox 612 1304 752 1381; x_wconf 88' lang='lat' dir='ltr'><strong>firmato,</strong></span> <span class='ocrx_word' id='word_1_72' title='bbox 774 1325 857 1389; x_wconf 89' lang='lat' dir='ltr'><strong>quae</strong></span> <span class='ocrx_word' id='word_1_73' title='bbox 879 1303 1046 1369; x_wconf 73' lang='lat' dir='ltr'><strong>cocantes</strong></span> <span class='ocrx_word' id='word_1_74' title='bbox 1067 1305 1231 1368; x_wconf 91' lang='lat' dir='ltr'><strong>hominum</strong></span> <span class='ocrx_word' id='word_1_75' title='bbox 1254 1304 1576 1387; x_wconf 79' lang='lat' dir='ltr'><strong>locupletissimorum</strong></span> <span class='ocrx_word' id='word_1_76' title='bbox 1589 1304 1692 1378; x_wconf 89' lang='lat' dir='ltr'><strong>bonis,</strong></span> 
     </span>
     <span class='ocr_line' id='line_1_9' title="bbox 367 1398 1321 1485; baseline -0.003 -21"><span class='ocrx_word' id='word_1_77' title='bbox 367 1400 485 1482; x_wconf 88' lang='lat' dir='ltr'><strong>praeda</strong></span> <span class='ocrx_word' id='word_1_78' title='bbox 506 1402 691 1485; x_wconf 87' lang='lat' dir='ltr'><strong>praesertim</strong></span> <span class='ocrx_word' id='word_1_79' title='bbox 713 1400 857 1485; x_wconf 88' lang='lat' dir='ltr'><strong>populari</strong></span> <span class='ocrx_word' id='word_1_80' title='bbox 879 1408 911 1463; x_wconf 91' lang='lat' dir='ltr'><strong>et</strong></span> <span class='ocrx_word' id='word_1_81' title='bbox 932 1419 989 1482; x_wconf 91' lang='lat' dir='ltr'><strong>spe</strong></span> <span class='ocrx_word' id='word_1_82' title='bbox 1010 1398 1183 1482; x_wconf 74' lang='lat' dir='ltr'><strong>largitionis</strong></span> <span class='ocrx_word' id='word_1_83' title='bbox 1206 1398 1321 1462; x_wconf 88' lang='lat' dir='ltr'><strong>oblata.</strong></span> 
     </span>
     <span class='ocr_line' id='line_1_10' title="bbox 451 1492 1693 1578; baseline -0.002 -20"><span class='ocrx_word' id='word_1_84' title='bbox 451 1495 492 1560; x_wconf 78' lang='lat' dir='ltr'><strong>At</strong></span> <span class='ocrx_word' id='word_1_85' title='bbox 512 1495 591 1578; x_wconf 90' lang='lat' dir='ltr'><strong>quid</strong></span> <span class='ocrx_word' id='word_1_86' title='bbox 612 1494 686 1558; x_wconf 91' lang='lat' dir='ltr'><strong>tulit</strong></span> <span class='ocrx_word' id='word_1_87' title='bbox 706 1494 812 1577; x_wconf 76' lang='lat' dir='ltr'><strong>legum</strong></span> <span class='ocrx_word' id='word_1_88' title='bbox 834 1495 970 1576; x_wconf 79' lang='lat' dir='ltr'><strong>scriptor</strong></span> <span class='ocrx_word' id='word_1_89' title='bbox 989 1495 1111 1576; x_wconf 90' lang='lat' dir='ltr'><strong>peritus</strong></span> <span class='ocrx_word' id='word_1_90' title='bbox 1125 1501 1158 1555; x_wconf 89' lang='lat' dir='ltr'><strong>et</strong></span> <span class='ocrx_word' id='word_1_91' title='bbox 1172 1492 1326 1556; x_wconf 73' lang='lat' dir='ltr'><strong>callidus?</strong></span> <span class='ocrx_word' id='word_1_92' title='bbox 1348 1513 1471 1557; x_wconf 81' lang='lat' dir='ltr'><strong>rsnrrrs</strong></span> <span class='ocrx_word' id='word_1_93' title='bbox 1492 1513 1635 1558; x_wconf 74' lang='grc' dir='ltr'>ιιιιιιτιι</span> <span class='ocrx_word' id='word_1_94' title='bbox 1651 1513 1693 1556; x_wconf 84' lang='lat' dir='ltr'><strong>vr</strong></span> 
     </span>
     <span class='ocr_line' id='line_1_11' title="bbox 328 1586 1692 1663; baseline -0.001 -12"><span class='ocrx_word' id='word_1_95' title='bbox 328 1591 410 1653; x_wconf 79' lang='lat' dir='ltr'><strong>soll.</strong></span> <span class='ocrx_word' id='word_1_96' title='bbox 425 1592 545 1653; x_wconf 83' lang='lat' dir='ltr'><strong>Tvuuro</strong></span> <span class='ocrx_word' id='word_1_97' title='bbox 567 1609 652 1663; x_wconf 75' lang='lat' dir='ltr'><strong>nova</strong></span> <span class='ocrx_word' id='word_1_98' title='bbox 673 1608 715 1651; x_wconf 83' lang='lat' dir='ltr'><strong>nr</strong></span> <span class='ocrx_word' id='word_1_99' title='bbox 737 1607 802 1652; x_wconf 81' lang='lat' dir='ltr'><strong>raas</strong></span> <span class='ocrx_word' id='word_1_100' title='bbox 824 1590 1077 1652; x_wconf 74' lang='lat' dir='ltr'><strong>rursnnrcarvat</strong></span> <span class='ocrx_word' id='word_1_101' title='bbox 1111 1586 1261 1660; x_wconf 87' lang='lat' dir='ltr'><strong>Crudele,</strong></span> <span class='ocrx_word' id='word_1_102' title='bbox 1283 1586 1452 1662; x_wconf 86' lang='lat' dir='ltr'><strong>nefarium,</strong></span> <span class='ocrx_word' id='word_1_103' title='bbox 1474 1607 1515 1650; x_wconf 93' lang='lat' dir='ltr'><strong>ne</strong></span> <span class='ocrx_word' id='word_1_104' title='bbox 1536 1589 1570 1651; x_wconf 90' lang='lat' dir='ltr'><strong>in</strong></span> <span class='ocrx_word' id='word_1_105' title='bbox 1592 1587 1692 1652; x_wconf 90' lang='lat' dir='ltr'><strong>scele-</strong></span> 
     </span>
     <span class='ocr_line' id='line_1_12' title="bbox 365 1680 1690 1768; baseline -0.002 -21"><span class='ocrx_word' id='word_1_106' title='bbox 365 1685 525 1749; x_wconf 88' lang='lat' dir='ltr'><strong>ratissimo</strong></span> <span class='ocrx_word' id='word_1_107' title='bbox 541 1683 670 1768; x_wconf 89' lang='lat' dir='ltr'><strong>qnidam</strong></span> <span class='ocrx_word' id='word_1_108' title='bbox 692 1683 754 1746; x_wconf 87' lang='lat' dir='ltr'><strong>civi</strong></span> <span class='ocrx_word' id='word_1_109' title='bbox 776 1682 845 1745; x_wconf 88' lang='lat' dir='ltr'><strong>sine</strong></span> <span class='ocrx_word' id='word_1_110' title='bbox 866 1682 984 1745; x_wconf 90' lang='lat' dir='ltr'><strong>iudicio</strong></span> <span class='ocrx_word' id='word_1_111' title='bbox 1006 1680 1185 1744; x_wconf 81' lang='lat' dir='ltr'><strong>ferundum.</strong></span> <span class='ocrx_word' id='word_1_112' title='bbox 1219 1682 1289 1744; x_wconf 90' lang='lat' dir='ltr'><strong>Non</strong></span> <span class='ocrx_word' id='word_1_113' title='bbox 1311 1680 1398 1756; x_wconf 90' lang='lat' dir='ltr'><strong>tulit,</strong></span> <span class='ocrx_word' id='word_1_114' title='bbox 1419 1689 1454 1745; x_wconf 92' lang='lat' dir='ltr'><strong>ut</strong></span> <span class='ocrx_word' id='word_1_115' title='bbox 1473 1680 1690 1744; x_wconf 84' lang='lat' dir='ltr'><strong>interdicatur.</strong></span> 
     </span>
     <span class='ocr_line' id='line_1_13' title="bbox 366 1773 1749 1860; baseline -0.001 -20"><span class='ocrx_word' id='word_1_116' title='bbox 366 1777 453 1853; x_wconf 84' lang='lat' dir='ltr'><strong>Quid</strong></span> <span class='ocrx_word' id='word_1_117' title='bbox 475 1780 572 1859; x_wconf 74' lang='lat' dir='ltr'><strong>ergo?</strong></span> <span class='ocrx_word' id='word_1_118' title='bbox 594 1798 634 1840; x_wconf 83' lang='lat' dir='ltr'><strong>ur</strong></span> <span class='ocrx_word' id='word_1_119' title='bbox 650 1795 863 1840; x_wconf 81' lang='lat' dir='ltr'><strong>rnrsrnrcrvu</strong></span> <span class='ocrx_word' id='word_1_120' title='bbox 878 1795 937 1839; x_wconf 79' lang='lat' dir='ltr'><strong>sir.</strong></span> <span class='ocrx_word' id='word_1_121' title='bbox 966 1773 1152 1849; x_wconf 88' lang='lat' dir='ltr'><strong>Ocaenum,</strong></span> <span class='ocrx_word' id='word_1_122' title='bbox 1174 1795 1193 1838; x_wconf 98' lang='lat' dir='ltr'><strong>o</strong></span> <span class='ocrx_word' id='word_1_123' title='bbox 1215 1781 1410 1860; x_wconf 89' lang='lat' dir='ltr'><strong>portentum,</strong></span> <span class='ocrx_word' id='word_1_124' title='bbox 1432 1777 1586 1841; x_wconf 89' lang='lat' dir='ltr'><strong>oscelusl</strong></span> <span class='ocrx_word' id='word_1_125' title='bbox 1608 1775 1691 1839; x_wconf 88' lang='lat' dir='ltr'><strong>banc</strong></span> <span class='ocrx_word' id='word_1_126' title='bbox 1746 1793 1749 1796; x_wconf 77' lang='grc'><strong>’</strong></span> 
     </span>
     <span class='ocr_line' id='line_1_14' title="bbox 365 1868 1691 1955; baseline -0.002 -21"><span class='ocrx_word' id='word_1_127' title='bbox 365 1871 422 1936; x_wconf 90' lang='lat' dir='ltr'><strong>tibi</strong></span> <span class='ocrx_word' id='word_1_128' title='bbox 436 1892 438 1900; x_wconf 93' lang='lat'>·</span> <span class='ocrx_word' id='word_1_129' title='bbox 452 1871 554 1955; x_wconf 75' lang='lat' dir='ltr'><strong>legem</strong></span> <span class='ocrx_word' id='word_1_130' title='bbox 577 1871 706 1935; x_wconf 83' lang='lat' dir='ltr'><strong>Clodius</strong></span> <span class='ocrx_word' id='word_1_131' title='bbox 728 1872 870 1954; x_wconf 83' lang='lat' dir='ltr'><strong>scripsit,</strong></span> <span class='ocrx_word' id='word_1_132' title='bbox 899 1870 1093 1953; x_wconf 86' lang='lat' dir='ltr'><strong>spurciorem</strong></span> <span class='ocrx_word' id='word_1_133' title='bbox 1121 1868 1229 1952; x_wconf 75' lang='lat' dir='ltr'><strong>lingua</strong></span> <span class='ocrx_word' id='word_1_134' title='bbox 1251 1889 1326 1943; x_wconf 91' lang='lat' dir='ltr'><strong>sua,</strong></span> <span class='ocrx_word' id='word_1_135' title='bbox 1355 1878 1391 1934; x_wconf 90' lang='lat' dir='ltr'><strong>ut</strong></span> <span class='ocrx_word' id='word_1_136' title='bbox 1415 1871 1615 1936; x_wconf 87' lang='lat' dir='ltr'><strong>interdictum</strong></span> <span class='ocrx_word' id='word_1_137' title='bbox 1639 1871 1691 1945; x_wconf 85' lang='lat' dir='ltr'><strong>sit,</strong></span> 
     </span>
     <span class='ocr_line' id='line_1_15' title="bbox 366 1963 1692 2048; baseline 0 -20"><span class='ocrx_word' id='word_1_138' title='bbox 366 1965 417 2028; x_wconf 91' lang='lat' dir='ltr'><strong>cui</strong></span> <span class='ocrx_word' id='word_1_139' title='bbox 439 1985 505 2028; x_wconf 92' lang='lat' dir='ltr'><strong>non</strong></span> <span class='ocrx_word' id='word_1_140' title='bbox 527 1966 568 2029; x_wconf 91' lang='lat' dir='ltr'><strong>sit</strong></span> <span class='ocrx_word' id='word_1_141' title='bbox 588 1964 814 2029; x_wconf 87' lang='lat' dir='ltr'><strong>interdictum‘l</strong></span> <span class='ocrx_word' id='word_1_142' title='bbox 849 1966 945 2028; x_wconf 89' lang='lat' dir='ltr'><strong>Sexte</strong></span> <span class='ocrx_word' id='word_1_143' title='bbox 970 1971 1095 2038; x_wconf 89' lang='lat' dir='ltr'><strong>noster,</strong></span> <span class='ocrx_word' id='word_1_144' title='bbox 1124 1963 1209 2026; x_wconf 87' lang='lat' dir='ltr'><strong>bona</strong></span> <span class='ocrx_word' id='word_1_145' title='bbox 1229 1965 1338 2037; x_wconf 86' lang='lat' dir='ltr'><strong>venia,</strong></span> <span class='ocrx_word' id='word_1_146' title='bbox 1368 1965 1518 2048; x_wconf 91' lang='lat' dir='ltr'><strong>quoniam</strong></span> <span class='ocrx_word' id='word_1_147' title='bbox 1540 1967 1603 2028; x_wconf 90' lang='lat' dir='ltr'><strong>iam</strong></span> <span class='ocrx_word' id='word_1_148' title='bbox 1625 1965 1692 2028; x_wconf 91' lang='lat' dir='ltr'><strong>dia·</strong></span> 
     </span>
     <span class='ocr_line' id='line_1_16' title="bbox 329 2057 1690 2143; baseline 0 -21"><span class='ocrx_word' id='word_1_149' title='bbox 329 2058 497 2122; x_wconf 79' lang='lat' dir='ltr'><strong>rolecticus</strong></span> <span class='ocrx_word' id='word_1_150' title='bbox 520 2077 553 2121; x_wconf 92' lang='lat' dir='ltr'><strong>es</strong></span> <span class='ocrx_word' id='word_1_151' title='bbox 575 2066 607 2123; x_wconf 89' lang='lat' dir='ltr'><strong>et</strong></span> <span class='ocrx_word' id='word_1_152' title='bbox 626 2059 706 2123; x_wconf 90' lang='lat' dir='ltr'><strong>baec</strong></span> <span class='ocrx_word' id='word_1_153' title='bbox 728 2079 859 2143; x_wconf 91' lang='lat' dir='ltr'><strong>quoque</strong></span> <span class='ocrx_word' id='word_1_154' title='bbox 882 2059 1009 2141; x_wconf 78' lang='lat' dir='ltr'><strong>liguris,</strong></span> <span class='ocrx_word' id='word_1_155' title='bbox 1031 2057 1118 2141; x_wconf 93' lang='lat' dir='ltr'><strong>quod</strong></span> <span class='ocrx_word' id='word_1_156' title='bbox 1139 2057 1256 2120; x_wconf 83' lang='lat' dir='ltr'><strong>lactum</strong></span> <span class='ocrx_word' id='word_1_157' title='bbox 1277 2069 1344 2120; x_wconf 89' lang='lat' dir='ltr'><strong>non</strong></span> <span class='ocrx_word' id='word_1_158' title='bbox 1365 2064 1429 2133; x_wconf 90' lang='lat' dir='ltr'><strong>est,</strong></span> <span class='ocrx_word' id='word_1_159' title='bbox 1451 2067 1487 2123; x_wconf 93' lang='lat' dir='ltr'><strong>ut</strong></span> <span class='ocrx_word' id='word_1_160' title='bbox 1508 2060 1690 2134; x_wconf 84' lang='lat' dir='ltr'><strong>sitiactum,</strong></span> 
     </span>
     <span class='ocr_line' id='line_1_17' title="bbox 365 2151 1690 2238; baseline -0.001 -22"><span class='ocrx_word' id='word_1_161' title='bbox 365 2152 440 2216; x_wconf 85' lang='lat' dir='ltr'><strong>lerri</strong></span> <span class='ocrx_word' id='word_1_162' title='bbox 462 2152 501 2216; x_wconf 89' lang='lat' dir='ltr'><strong>ad</strong></span> <span class='ocrx_word' id='word_1_163' title='bbox 524 2153 677 2238; x_wconf 92' lang='lat' dir='ltr'><strong>populum</strong></span> <span class='ocrx_word' id='word_1_164' title='bbox 700 2160 754 2216; x_wconf 89' lang='lat' dir='ltr'><strong>aut</strong></span> <span class='ocrx_word' id='word_1_165' title='bbox 774 2153 879 2217; x_wconf 89' lang='lat' dir='ltr'><strong>verbis</strong></span> <span class='ocrx_word' id='word_1_166' title='bbox 902 2152 976 2216; x_wconf 90' lang='lat' dir='ltr'><strong>ullis</strong></span> <span class='ocrx_word' id='word_1_167' title='bbox 998 2151 1114 2216; x_wconf 87' lang='lat' dir='ltr'><strong>sanciri</strong></span> <span class='ocrx_word' id='word_1_168' title='bbox 1128 2159 1183 2215; x_wconf 87' lang='lat' dir='ltr'><strong>aut</strong></span> <span class='ocrx_word' id='word_1_169' title='bbox 1197 2152 1355 2234; x_wconf 77' lang='lat' dir='ltr'><strong>suffragiis</strong></span> <span class='ocrx_word' id='word_1_170' title='bbox 1370 2152 1549 2217; x_wconf 88' lang='lat' dir='ltr'><strong>confirmari</strong></span> <span class='ocrx_word' id='word_1_171' title='bbox 1562 2157 1690 2237; x_wconf 77' lang='lat' dir='ltr'><strong>potest?</strong></span> 
     </span>
     <span class='ocr_line' id='line_1_18' title="bbox 366 2245 1691 2332; baseline -0.001 -22"><span class='ocrx_word' id='word_1_172' title='bbox 366 2245 418 2311; x_wconf 84' lang='lat' dir='ltr'><strong>l8.</strong></span> <span class='ocrx_word' id='word_1_173' title='bbox 440 2248 509 2312; x_wconf 86' lang='lat' dir='ltr'><strong>Hoc</strong></span> <span class='ocrx_word' id='word_1_174' title='bbox 530 2257 566 2312; x_wconf 90' lang='lat' dir='ltr'><strong>tu</strong></span> <span class='ocrx_word' id='word_1_175' title='bbox 587 2248 758 2332; x_wconf 86' lang='lat' dir='ltr'><strong>scriptore,</strong></span> <span class='ocrx_word' id='word_1_176' title='bbox 785 2249 846 2312; x_wconf 89' lang='lat' dir='ltr'><strong>boc</strong></span> <span class='ocrx_word' id='word_1_177' title='bbox 868 2247 1065 2322; x_wconf 86' lang='lat' dir='ltr'><strong>consiliario,</strong></span> <span class='ocrx_word' id='word_1_178' title='bbox 1087 2246 1148 2309; x_wconf 93' lang='lat' dir='ltr'><strong>boc</strong></span> <span class='ocrx_word' id='word_1_179' title='bbox 1171 2247 1331 2321; x_wconf 90' lang='lat' dir='ltr'><strong>ministro,</strong></span> <span class='ocrx_word' id='word_1_180' title='bbox 1354 2249 1494 2312; x_wconf 90' lang='lat' dir='ltr'><strong>omnium</strong></span> <span class='ocrx_word' id='word_1_181' title='bbox 1515 2266 1580 2310; x_wconf 95' lang='lat' dir='ltr'><strong>non</strong></span> <span class='ocrx_word' id='word_1_182' title='bbox 1600 2248 1691 2331; x_wconf 92' lang='lat' dir='ltr'><strong>bipe-</strong></span> 
     </span>
     <span class='ocr_line' id='line_1_19' title="bbox 366 2341 1692 2428; baseline 0.001 -24"><span class='ocrx_word' id='word_1_183' title='bbox 366 2341 442 2404; x_wconf 87' lang='lat' dir='ltr'><strong>dum</strong></span> <span class='ocrx_word' id='word_1_184' title='bbox 463 2341 583 2417; x_wconf 84' lang='lat' dir='ltr'><strong>solum,</strong></span> <span class='ocrx_word' id='word_1_185' title='bbox 613 2342 670 2406; x_wconf 89' lang='lat' dir='ltr'><strong>sed</strong></span> <span class='ocrx_word' id='word_1_186' title='bbox 692 2343 786 2407; x_wconf 88' lang='lat' dir='ltr'><strong>etiam</strong></span> <span class='ocrx_word' id='word_1_187' title='bbox 808 2341 1038 2425; x_wconf 83' lang='lat' dir='ltr'><strong>quadripedum</strong></span> <span class='ocrx_word' id='word_1_188' title='bbox 1060 2341 1291 2424; x_wconf 90' lang='lat' dir='ltr'><strong>impurissimo,</strong></span> <span class='ocrx_word' id='word_1_189' title='bbox 1321 2361 1386 2404; x_wconf 90' lang='lat' dir='ltr'><strong>rom</strong></span> <span class='ocrx_word' id='word_1_190' title='bbox 1408 2341 1566 2425; x_wconf 85' lang='lat' dir='ltr'><strong>publicam</strong></span> <span class='ocrx_word' id='word_1_191' title='bbox 1587 2344 1692 2428; x_wconf 89' lang='lat' dir='ltr'><strong>perdi·</strong></span> 
     </span>
     <span class='ocr_line' id='line_1_20' title="bbox 366 2430 1691 2520; baseline 0.002 -23"><span class='ocrx_word' id='word_1_192' title='bbox 366 2434 454 2499; x_wconf 87' lang='lat' dir='ltr'><strong>disti.</strong></span> <span class='ocrx_word' id='word_1_193' title='bbox 495 2438 606 2520; x_wconf 86' lang='lat' dir='ltr'><strong>Neque</strong></span> <span class='ocrx_word' id='word_1_194' title='bbox 627 2445 662 2500; x_wconf 92' lang='lat' dir='ltr'><strong>tu</strong></span> <span class='ocrx_word' id='word_1_195' title='bbox 685 2456 755 2500; x_wconf 89' lang='lat' dir='ltr'><strong>eras</strong></span> <span class='ocrx_word' id='word_1_196' title='bbox 777 2444 840 2500; x_wconf 88' lang='lat' dir='ltr'><strong>tam</strong></span> <span class='ocrx_word' id='word_1_197' title='bbox 864 2454 976 2499; x_wconf 85' lang='lat' dir='ltr'><strong>excors</strong></span> <span class='ocrx_word' id='word_1_198' title='bbox 996 2444 1127 2519; x_wconf 88' lang='lat' dir='ltr'><strong>tamque</strong></span> <span class='ocrx_word' id='word_1_199' title='bbox 1148 2430 1295 2509; x_wconf 85' lang='lat' dir='ltr'><strong>demens,</strong></span> <span class='ocrx_word' id='word_1_200' title='bbox 1327 2444 1362 2498; x_wconf 91' lang='lat' dir='ltr'><strong>ut</strong></span> <span class='ocrx_word' id='word_1_201' title='bbox 1382 2436 1522 2499; x_wconf 86' lang='lat' dir='ltr'><strong>nescires</strong></span> <span class='ocrx_word' id='word_1_202' title='bbox 1544 2436 1691 2500; x_wconf 85' lang='lat' dir='ltr'><strong>Clodium</strong></span> 
     </span>
     <span class='ocr_line' id='line_1_21' title="bbox 328 2528 1691 2615; baseline -0.001 -21"><span class='ocrx_word' id='word_1_203' title='bbox 328 2547 454 2605; x_wconf 77' lang='lat' dir='ltr'><strong>messe,</strong></span> <span class='ocrx_word' id='word_1_204' title='bbox 484 2532 539 2615; x_wconf 94' lang='lat' dir='ltr'><strong>qui</strong></span> <span class='ocrx_word' id='word_1_205' title='bbox 570 2539 678 2595; x_wconf 91' lang='lat' dir='ltr'><strong>contra</strong></span> <span class='ocrx_word' id='word_1_206' title='bbox 705 2531 791 2614; x_wconf 74' lang='lat' dir='ltr'><strong>leges</strong></span> <span class='ocrx_word' id='word_1_207' title='bbox 812 2531 947 2606; x_wconf 85' lang='lat' dir='ltr'><strong>iaceret,</strong></span> <span class='ocrx_word' id='word_1_208' title='bbox 979 2530 1077 2604; x_wconf 87' lang='lat' dir='ltr'><strong>alios,</strong></span> <span class='ocrx_word' id='word_1_209' title='bbox 1108 2529 1165 2613; x_wconf 92' lang='lat' dir='ltr'><strong>qui</strong></span> <span class='ocrx_word' id='word_1_210' title='bbox 1185 2530 1272 2611; x_wconf 74' lang='lat' dir='ltr'><strong>leges</strong></span> <span class='ocrx_word' id='word_1_211' title='bbox 1294 2528 1432 2593; x_wconf 87' lang='lat' dir='ltr'><strong>scribere</strong></span> <span class='ocrx_word' id='word_1_212' title='bbox 1454 2528 1606 2604; x_wconf 90' lang='lat' dir='ltr'><strong>solerent,</strong></span> <span class='ocrx_word' id='word_1_213' title='bbox 1635 2531 1691 2593; x_wconf 91' lang='lat' dir='ltr'><strong>sed</strong></span> 
     </span>
     <span class='ocr_line' id='line_1_22' title="bbox 366 2623 1693 2710; baseline -0.001 -23"><span class='ocrx_word' id='word_1_214' title='bbox 366 2645 469 2708; x_wconf 91' lang='lat' dir='ltr'><strong>neque</strong></span> <span class='ocrx_word' id='word_1_215' title='bbox 492 2645 600 2690; x_wconf 88' lang='lat' dir='ltr'><strong>eorum</strong></span> <span class='ocrx_word' id='word_1_216' title='bbox 632 2645 738 2710; x_wconf 89' lang='lat' dir='ltr'><strong>neque</strong></span> <span class='ocrx_word' id='word_1_217' title='bbox 760 2632 952 2699; x_wconf 90' lang='lat' dir='ltr'><strong>ceterorum,</strong></span> <span class='ocrx_word' id='word_1_218' title='bbox 982 2625 1016 2688; x_wconf 92' lang='lat' dir='ltr'><strong>in</strong></span> <span class='ocrx_word' id='word_1_219' title='bbox 1038 2624 1154 2708; x_wconf 90' lang='lat' dir='ltr'><strong>quibus</strong></span> <span class='ocrx_word' id='word_1_220' title='bbox 1176 2631 1260 2687; x_wconf 90' lang='lat' dir='ltr'><strong>esset</strong></span> <span class='ocrx_word' id='word_1_221' title='bbox 1281 2623 1403 2706; x_wconf 89' lang='lat' dir='ltr'><strong>aliquid</strong></span> <span class='ocrx_word' id='word_1_222' title='bbox 1424 2623 1612 2698; x_wconf 88' lang='lat' dir='ltr'><strong>modestiae,</strong></span> <span class='ocrx_word' id='word_1_223' title='bbox 1639 2645 1693 2687; x_wconf 91' lang='lat' dir='ltr'><strong>cu·</strong></span> 
     </span>
     <span class='ocr_line' id='line_1_23' title="bbox 366 2716 1692 2804; baseline -0.002 -22"><span class='ocrx_word' id='word_1_224' title='bbox 366 2720 514 2804; x_wconf 89' lang='lat' dir='ltr'><strong>iusquam</strong></span> <span class='ocrx_word' id='word_1_225' title='bbox 543 2720 599 2783; x_wconf 90' lang='lat' dir='ltr'><strong>tibi</strong></span> <span class='ocrx_word' id='word_1_226' title='bbox 628 2725 768 2803; x_wconf 90' lang='lat' dir='ltr'><strong>potestas</strong></span> <span class='ocrx_word' id='word_1_227' title='bbox 796 2717 875 2794; x_wconf 87' lang='lat' dir='ltr'><strong>fuit,</strong></span> <span class='ocrx_word' id='word_1_228' title='bbox 902 2738 1008 2802; x_wconf 89' lang='lat' dir='ltr'><strong>neque</strong></span> <span class='ocrx_word' id='word_1_229' title='bbox 1030 2726 1065 2783; x_wconf 93' lang='lat' dir='ltr'><strong>tu</strong></span> <span class='ocrx_word' id='word_1_230' title='bbox 1086 2719 1192 2800; x_wconf 76' lang='lat' dir='ltr'><strong>legum</strong></span> <span class='ocrx_word' id='word_1_231' title='bbox 1214 2717 1421 2800; x_wconf 89' lang='lat' dir='ltr'><strong>scriptoribus</strong></span> <span class='ocrx_word' id='word_1_232' title='bbox 1442 2716 1542 2780; x_wconf 92' lang='lat' dir='ltr'><strong>isdem</strong></span> <span class='ocrx_word' id='word_1_233' title='bbox 1562 2719 1692 2801; x_wconf 87' lang='lat' dir='ltr'><strong>potuisti</strong></span> 
     </span>
     <span class='ocr_line' id='line_1_24' title="bbox 365 2811 1692 2900; baseline 0 -24"><span class='ocrx_word' id='word_1_234' title='bbox 365 2814 413 2877; x_wconf 92' lang='lat' dir='ltr'><strong>uti</strong></span> <span class='ocrx_word' id='word_1_235' title='bbox 435 2814 551 2900; x_wconf 92' lang='lat' dir='ltr'><strong>quibus</strong></span> <span class='ocrx_word' id='word_1_236' title='bbox 574 2815 672 2878; x_wconf 89' lang='lat' dir='ltr'><strong>ceteri</strong></span> <span class='ocrx_word' id='word_1_237' title='bbox 693 2832 800 2897; x_wconf 87' lang='lat' dir='ltr'><strong>neque</strong></span> <span class='ocrx_word' id='word_1_238' title='bbox 821 2834 952 2896; x_wconf 90' lang='lat' dir='ltr'><strong>operum</strong></span> <span class='ocrx_word' id='word_1_239' title='bbox 973 2812 1172 2887; x_wconf 76' lang='lat' dir='ltr'><strong>architectis,</strong></span> <span class='ocrx_word' id='word_1_240' title='bbox 1205 2831 1310 2895; x_wconf 92' lang='lat' dir='ltr'><strong>neque</strong></span> <span class='ocrx_word' id='word_1_241' title='bbox 1337 2811 1520 2894; x_wconf 87' lang='lat' dir='ltr'><strong>pontificem</strong></span> <span class='ocrx_word' id='word_1_242' title='bbox 1542 2812 1692 2876; x_wconf 86' lang='lat' dir='ltr'><strong>adbibere</strong></span> 
     </span>
     <span class='ocr_line' id='line_1_25' title="bbox 365 2905 1693 2992; baseline 0 -21"><span class='ocrx_word' id='word_1_243' title='bbox 365 2929 461 2992; x_wconf 89' lang='lat' dir='ltr'><strong>quem</strong></span> <span class='ocrx_word' id='word_1_244' title='bbox 489 2909 605 2984; x_wconf 80' lang='lat' dir='ltr'><strong>velles,</strong></span> <span class='ocrx_word' id='word_1_245' title='bbox 632 2916 794 2992; x_wconf 90' lang='lat' dir='ltr'><strong>postremo</strong></span> <span class='ocrx_word' id='word_1_246' title='bbox 822 2927 863 2971; x_wconf 87' lang='lat' dir='ltr'><strong>ne</strong></span> <span class='ocrx_word' id='word_1_247' title='bbox 891 2908 925 2971; x_wconf 91' lang='lat' dir='ltr'><strong>in</strong></span> <span class='ocrx_word' id='word_1_248' title='bbox 953 2907 1090 2992; x_wconf 80' lang='lat' dir='ltr'><strong>praedae</strong></span> <span class='ocrx_word' id='word_1_249' title='bbox 1119 2905 1249 2991; x_wconf 87' lang='lat' dir='ltr'><strong>quidem</strong></span> <span class='ocrx_word' id='word_1_250' title='bbox 1270 2906 1420 2969; x_wconf 87' lang='lat' dir='ltr'><strong>societate</strong></span> <span class='ocrx_word' id='word_1_251' title='bbox 1441 2907 1617 2992; x_wconf 89' lang='lat' dir='ltr'><strong>mancipem</strong></span> <span class='ocrx_word' id='word_1_252' title='bbox 1638 2914 1693 2972; x_wconf 91' lang='lat' dir='ltr'><strong>aut</strong></span> 
     </span>
     <span class='ocr_line' id='line_1_26' title="bbox 328 2999 1692 3087; baseline -0.001 -21"><span class='ocrx_word' id='word_1_253' title='bbox 328 3002 516 3087; x_wconf 76' lang='lat' dir='ltr'><strong>tepraedem</strong></span> <span class='ocrx_word' id='word_1_254' title='bbox 538 3011 629 3068; x_wconf 84' lang='lat' dir='ltr'><strong>extra</strong></span> <span class='ocrx_word' id='word_1_255' title='bbox 648 3009 776 3067; x_wconf 90' lang='lat' dir='ltr'><strong>tuorum</strong></span> <span class='ocrx_word' id='word_1_256' title='bbox 798 3001 1009 3085; x_wconf 75' lang='lat' dir='ltr'><strong>gladiatorum</strong></span> <span class='ocrx_word' id='word_1_257' title='bbox 1030 3018 1197 3065; x_wconf 88' lang='lat' dir='ltr'><strong>numerum</strong></span> <span class='ocrx_word' id='word_1_258' title='bbox 1219 3008 1274 3065; x_wconf 88' lang='lat' dir='ltr'><strong>aut</strong></span> <span class='ocrx_word' id='word_1_259' title='bbox 1294 2999 1431 3084; x_wconf 89' lang='lat' dir='ltr'><strong>denique</strong></span> <span class='ocrx_word' id='word_1_260' title='bbox 1453 3000 1594 3084; x_wconf 71' lang='lat' dir='ltr'><strong>suffragii</strong></span> <span class='ocrx_word' id='word_1_261' title='bbox 1613 3000 1692 3065; x_wconf 91' lang='lat' dir='ltr'><strong>lato-</strong></span> 
     </span>
     <span class='ocr_line' id='line_1_27' title="bbox 365 3094 1691 3180; baseline -0.003 -19"><span class='ocrx_word' id='word_1_262' title='bbox 365 3117 433 3161; x_wconf 89' lang='lat' dir='ltr'><strong>rem</strong></span> <span class='ocrx_word' id='word_1_263' title='bbox 455 3097 488 3160; x_wconf 91' lang='lat' dir='ltr'><strong>in</strong></span> <span class='ocrx_word' id='word_1_264' title='bbox 510 3097 571 3162; x_wconf 89' lang='lat' dir='ltr'><strong>ista</strong></span> <span class='ocrx_word' id='word_1_265' title='bbox 592 3104 647 3162; x_wconf 90' lang='lat' dir='ltr'><strong>tua</strong></span> <span class='ocrx_word' id='word_1_266' title='bbox 668 3097 899 3180; x_wconf 89' lang='lat' dir='ltr'><strong>proscriptione</strong></span> <span class='ocrx_word' id='word_1_267' title='bbox 914 3115 1107 3180; x_wconf 90' lang='lat' dir='ltr'><strong>quemquam</strong></span> <span class='ocrx_word' id='word_1_268' title='bbox 1127 3094 1189 3158; x_wconf 90' lang='lat' dir='ltr'><strong>nisi</strong></span> <span class='ocrx_word' id='word_1_269' title='bbox 1210 3094 1312 3158; x_wconf 82' lang='lat' dir='ltr'><strong>iurem</strong></span> <span class='ocrx_word' id='word_1_270' title='bbox 1334 3113 1371 3157; x_wconf 88' lang='lat' dir='ltr'><strong>ac</strong></span> <span class='ocrx_word' id='word_1_271' title='bbox 1390 3094 1537 3158; x_wconf 86' lang='lat' dir='ltr'><strong>sicarium</strong></span> <span class='ocrx_word' id='word_1_272' title='bbox 1550 3095 1691 3178; x_wconf 87' lang='lat' dir='ltr'><strong>reperire</strong></span> 
     </span>
     <span class='ocr_line' id='line_1_28' title="bbox 366 3187 1693 3276; baseline -0.004 -20"><span class='ocrx_word' id='word_1_273' title='bbox 366 3194 507 3274; x_wconf 91' lang='lat' dir='ltr'><strong>potuisti.</strong></span> <span class='ocrx_word' id='word_1_274' title='bbox 530 3191 617 3255; x_wconf 84' lang='lat' dir='ltr'><strong>xlx.</strong></span> <span class='ocrx_word' id='word_1_275' title='bbox 629 3188 680 3255; x_wconf 68' lang='lat' dir='ltr'><strong>lb.</strong></span> <span class='ocrx_word' id='word_1_276' title='bbox 695 3192 806 3276; x_wconf 87' lang='lat' dir='ltr'><strong>ltaque</strong></span> <span class='ocrx_word' id='word_1_277' title='bbox 821 3211 892 3254; x_wconf 90' lang='lat' dir='ltr'><strong>cum</strong></span> <span class='ocrx_word' id='word_1_278' title='bbox 906 3198 941 3254; x_wconf 94' lang='lat' dir='ltr'><strong>tu</strong></span> <span class='ocrx_word' id='word_1_279' title='bbox 956 3191 1074 3253; x_wconf 91' lang='lat' dir='ltr'><strong>tlorcns</strong></span> <span class='ocrx_word' id='word_1_280' title='bbox 1086 3209 1122 3252; x_wconf 91' lang='lat' dir='ltr'><strong>ac</strong></span> <span class='ocrx_word' id='word_1_281' title='bbox 1136 3196 1250 3272; x_wconf 90' lang='lat' dir='ltr'><strong>potens</strong></span> <span class='ocrx_word' id='word_1_282' title='bbox 1265 3208 1323 3271; x_wconf 93' lang='lat' dir='ltr'><strong>per</strong></span> <span class='ocrx_word' id='word_1_283' title='bbox 1335 3188 1476 3252; x_wconf 90' lang='lat' dir='ltr'><strong>medium</strong></span> <span class='ocrx_word' id='word_1_284' title='bbox 1489 3187 1593 3251; x_wconf 81' lang='lat' dir='ltr'><strong>iorum</strong></span> <span class='ocrx_word' id='word_1_285' title='bbox 1605 3208 1693 3251; x_wconf 90' lang='lat' dir='ltr'><strong>scor·</strong></span> 
     </span>
     <span class='ocr_line' id='line_1_29' title="bbox 366 3282 1692 3369; baseline -0.003 -21"><span class='ocrx_word' id='word_1_286' title='bbox 366 3292 432 3349; x_wconf 90' lang='lat' dir='ltr'><strong>tum</strong></span> <span class='ocrx_word' id='word_1_287' title='bbox 453 3286 607 3369; x_wconf 90' lang='lat' dir='ltr'><strong>populare</strong></span> <span class='ocrx_word' id='word_1_288' title='bbox 620 3286 780 3360; x_wconf 80' lang='lat' dir='ltr'><strong>volitares,</strong></span> <span class='ocrx_word' id='word_1_289' title='bbox 796 3284 888 3348; x_wconf 88' lang='lat' dir='ltr'><strong>amici</strong></span> <span class='ocrx_word' id='word_1_290' title='bbox 909 3283 958 3347; x_wconf 93' lang='lat' dir='ltr'><strong>illi</strong></span> <span class='ocrx_word' id='word_1_291' title='bbox 980 3284 1027 3348; x_wconf 91' lang='lat' dir='ltr'><strong>tui</strong></span> <span class='ocrx_word' id='word_1_292' title='bbox 1049 3290 1080 3346; x_wconf 90' lang='lat' dir='ltr'><strong>te</strong></span> <span class='ocrx_word' id='word_1_293' title='bbox 1101 3303 1166 3346; x_wconf 92' lang='lat' dir='ltr'><strong>uno</strong></span> <span class='ocrx_word' id='word_1_294' title='bbox 1188 3284 1292 3347; x_wconf 91' lang='lat' dir='ltr'><strong>amico</strong></span> <span class='ocrx_word' id='word_1_295' title='bbox 1313 3284 1388 3346; x_wconf 91' lang='lat' dir='ltr'><strong>tecti</strong></span> <span class='ocrx_word' id='word_1_296' title='bbox 1409 3289 1443 3346; x_wconf 91' lang='lat' dir='ltr'><strong>et</strong></span> <span class='ocrx_word' id='word_1_297' title='bbox 1461 3282 1557 3357; x_wconf 90' lang='lat' dir='ltr'><strong>beati,</strong></span> <span class='ocrx_word' id='word_1_298' title='bbox 1579 3285 1692 3365; x_wconf 90' lang='lat' dir='ltr'><strong>quise</strong></span> 
     </span>
     <span class='ocr_line' id='line_1_30' title="bbox 366 3376 1693 3463; baseline -0.002 -22"><span class='ocrx_word' id='word_1_299' title='bbox 366 3380 486 3463; x_wconf 93' lang='lat' dir='ltr'><strong>populo</strong></span> <span class='ocrx_word' id='word_1_300' title='bbox 508 3382 744 3453; x_wconf 90' lang='lat' dir='ltr'><strong>commiserant,</strong></span> <span class='ocrx_word' id='word_1_301' title='bbox 768 3380 812 3442; x_wconf 91' lang='lat' dir='ltr'><strong>ita</strong></span> <span class='ocrx_word' id='word_1_302' title='bbox 833 3377 1084 3461; x_wconf 87' lang='lat' dir='ltr'><strong>repellebantur,</strong></span> <span class='ocrx_word' id='word_1_303' title='bbox 1105 3385 1142 3441; x_wconf 91' lang='lat' dir='ltr'><strong>ut</strong></span> <span class='ocrx_word' id='word_1_304' title='bbox 1163 3378 1256 3440; x_wconf 88' lang='lat' dir='ltr'><strong>etiam</strong></span> <span class='ocrx_word' id='word_1_305' title='bbox 1278 3376 1451 3440; x_wconf 87' lang='lat' dir='ltr'><strong>Palatinam</strong></span> <span class='ocrx_word' id='word_1_306' title='bbox 1472 3383 1558 3440; x_wconf 90' lang='lat' dir='ltr'><strong>tuam</strong></span> <span class='ocrx_word' id='word_1_307' title='bbox 1580 3377 1693 3460; x_wconf 89' lang='lat' dir='ltr'><strong>perde·</strong></span> 
     </span>
     <span class='ocr_line' id='line_1_31' title="bbox 329 3470 1691 3558; baseline -0.003 -22"><span class='ocrx_word' id='word_1_308' title='bbox 329 3481 453 3550; x_wconf 82' lang='lat' dir='ltr'><strong>acrent3</strong></span> <span class='ocrx_word' id='word_1_309' title='bbox 482 3475 537 3558; x_wconf 91' lang='lat' dir='ltr'><strong>qui</strong></span> <span class='ocrx_word' id='word_1_310' title='bbox 559 3475 592 3536; x_wconf 94' lang='lat' dir='ltr'><strong>in</strong></span> <span class='ocrx_word' id='word_1_311' title='bbox 614 3473 768 3537; x_wconf 92' lang='lat' dir='ltr'><strong>iudicium</strong></span> <span class='ocrx_word' id='word_1_312' title='bbox 790 3481 956 3546; x_wconf 86' lang='lat' dir='ltr'><strong>venerant,</strong></span> <span class='ocrx_word' id='word_1_313' title='bbox 986 3473 1051 3535; x_wconf 85' lang='lat' dir='ltr'><strong>sive</strong></span> <span class='ocrx_word' id='word_1_314' title='bbox 1072 3479 1270 3534; x_wconf 86' lang='lat' dir='ltr'><strong>accusatores</strong></span> <span class='ocrx_word' id='word_1_315' title='bbox 1293 3477 1384 3533; x_wconf 91' lang='lat' dir='ltr'><strong>erant</strong></span> <span class='ocrx_word' id='word_1_316' title='bbox 1404 3471 1471 3534; x_wconf 85' lang='lat' dir='ltr'><strong>sive</strong></span> <span class='ocrx_word' id='word_1_317' title='bbox 1492 3471 1556 3544; x_wconf 89' lang='lat' dir='ltr'><strong>rei,</strong></span> <span class='ocrx_word' id='word_1_318' title='bbox 1584 3476 1614 3533; x_wconf 94' lang='lat' dir='ltr'><strong>te</strong></span> <span class='ocrx_word' id='word_1_319' title='bbox 1636 3470 1691 3532; x_wconf 90' lang='lat' dir='ltr'><strong>de-</strong></span> 
     </span>
    </p>
   </div>
   <div class='ocr_carea' id='block_1_3' title="bbox 215 3564 1693 3653">
    <p class='ocr_par' dir='ltr' id='par_1_3' title="bbox 215 3564 1693 3653">
     <span class='ocr_line' id='line_1_32' title="bbox 215 3564 1693 3653; baseline -0.003 -22"><span class='ocrx_word' id='word_1_320' title='bbox 215 3584 230 3631; x_wconf 66' lang='lat' dir='ltr'><em>s</em></span> <span class='ocrx_word' id='word_1_321' title='bbox 334 3612 338 3623; x_wconf 77' lang='lat'><strong>,</strong></span> <span class='ocrx_word' id='word_1_322' title='bbox 366 3575 516 3653; x_wconf 85' lang='lat' dir='ltr'><strong>precante</strong></span> <span class='ocrx_word' id='word_1_323' title='bbox 544 3567 784 3631; x_wconf 86' lang='lat' dir='ltr'><strong>damnabantur.</strong></span> <span class='ocrx_word' id='word_1_324' title='bbox 818 3567 964 3652; x_wconf 89' lang='lat' dir='ltr'><strong>Denique</strong></span> <span class='ocrx_word' id='word_1_325' title='bbox 992 3565 1088 3630; x_wconf 88' lang='lat' dir='ltr'><strong>etiam</strong></span> <span class='ocrx_word' id='word_1_326' title='bbox 1110 3565 1165 3628; x_wconf 91' lang='lat' dir='ltr'><strong>ille</strong></span> <span class='ocrx_word' id='word_1_327' title='bbox 1186 3566 1331 3628; x_wconf 83' lang='lat' dir='ltr'><strong>novicius</strong></span> <span class='ocrx_word' id='word_1_328' title='bbox 1353 3565 1466 3648; x_wconf 81' lang='lat' dir='ltr'><strong>Ligus,</strong></span> <span class='ocrx_word' id='word_1_329' title='bbox 1494 3565 1616 3629; x_wconf 82' lang='lat' dir='ltr'><strong>venalis</strong></span> <span class='ocrx_word' id='word_1_330' title='bbox 1637 3564 1693 3652; x_wconf 90' lang='lat' dir='ltr'><strong>ad-</strong></span> 
     </span>
    </p>
   </div>
   <div class='ocr_carea' id='block_1_4' title="bbox 367 3648 1692 3842">
    <p class='ocr_par' dir='ltr' id='par_1_4' title="bbox 367 3648 1692 3842">
     <span class='ocr_line' id='line_1_33' title="bbox 367 3648 1691 3747; baseline -0.005 -19"><span class='ocrx_word' id='word_1_331' title='bbox 367 3665 501 3747; x_wconf 84' lang='lat' dir='ltr'><strong>scriptor</strong></span> <span class='ocrx_word' id='word_1_332' title='bbox 522 3671 554 3728; x_wconf 90' lang='lat' dir='ltr'><strong>et</strong></span> <span class='ocrx_word' id='word_1_333' title='bbox 574 3648 766 3747; x_wconf 83' lang='lat' dir='ltr'><strong>subscriptor</strong></span> <span class='ocrx_word' id='word_1_334' title='bbox 787 3669 876 3736; x_wconf 91' lang='lat' dir='ltr'><strong>tuus,</strong></span> <span class='ocrx_word' id='word_1_335' title='bbox 902 3680 974 3723; x_wconf 92' lang='lat' dir='ltr'><strong>cum</strong></span> <span class='ocrx_word' id='word_1_336' title='bbox 997 3660 1041 3722; x_wconf 84' lang='lat' dir='ltr'><strong>bl.</strong></span> <span class='ocrx_word' id='word_1_337' title='bbox 1063 3659 1179 3743; x_wconf 90' lang='lat' dir='ltr'><strong>Papirii</strong></span> <span class='ocrx_word' id='word_1_338' title='bbox 1200 3651 1376 3723; x_wconf 69' lang='lat' dir='ltr'><strong>suiTratris</strong></span> <span class='ocrx_word' id='word_1_339' title='bbox 1398 3666 1490 3722; x_wconf 87' lang='lat' dir='ltr'><strong>esset·</strong></span> <span class='ocrx_word' id='word_1_340' title='bbox 1503 3649 1691 3723; x_wconf 87' lang='lat' dir='ltr'><strong>testamento</strong></span> 
     </span>
     <span class='ocr_line' id='line_1_34' title="bbox 368 3752 1692 3842; baseline -0.004 -22"><span class='ocrx_word' id='word_1_341' title='bbox 368 3765 399 3823; x_wconf 88' lang='lat' dir='ltr'><strong>et</strong></span> <span class='ocrx_word' id='word_1_342' title='bbox 420 3757 540 3822; x_wconf 89' lang='lat' dir='ltr'><strong>iudicio</strong></span> <span class='ocrx_word' id='word_1_343' title='bbox 561 3757 775 3842; x_wconf 90' lang='lat' dir='ltr'><strong>improbatus,</strong></span> <span class='ocrx_word' id='word_1_344' title='bbox 796 3763 929 3821; x_wconf 90' lang='lat' dir='ltr'><strong>mortem</strong></span> <span class='ocrx_word' id='word_1_345' title='bbox 951 3756 1019 3818; x_wconf 87' lang='lat' dir='ltr'><strong>eius</strong></span> <span class='ocrx_word' id='word_1_346' title='bbox 1042 3773 1076 3817; x_wconf 93' lang='lat' dir='ltr'><strong>se</strong></span> <span class='ocrx_word' id='word_1_347' title='bbox 1090 3753 1173 3817; x_wconf 81' lang='lat' dir='ltr'><strong>velle</strong></span> <span class='ocrx_word' id='word_1_348' title='bbox 1195 3754 1344 3837; x_wconf 90' lang='lat' dir='ltr'><strong>persequi</strong></span> <span class='ocrx_word' id='word_1_349' title='bbox 1367 3752 1465 3816; x_wconf 84' lang='lat' dir='ltr'><strong>dixit:</strong></span> <span class='ocrx_word' id='word_1_350' title='bbox 1486 3774 1603 3818; x_wconf 92' lang='lat' dir='ltr'><strong>nomen</strong></span> <span class='ocrx_word' id='word_1_351' title='bbox 1618 3755 1692 3816; x_wconf 84' lang='lat' dir='ltr'><strong>Sex.</strong></span> 
     </span>
    </p>
   </div>
   <div class='ocr_carea' id='block_1_5' title="bbox 297 4136 1697 5342">
    <p class='ocr_par' dir='ltr' id='par_1_5' title="bbox 297 4136 1697 5342">
     <span class='ocr_line' id='line_1_35' title="bbox 433 4136 1693 4207; baseline -0.005 -12"><span class='ocrx_word' id='word_1_352' title='bbox 433 4141 715 4207; x_wconf 59' lang='lat' dir='ltr'><strong>tamt-idai)</strong></span> <span class='ocrx_word' id='word_1_353' title='bbox 735 4136 1693 4201; x_wconf 59' lang='lat' dir='ltr'><strong>-asuntne-lpaotopornczpaoaoporo-samaars</strong></span> 
     </span>
     <span class='ocr_line' id='line_1_36' title="bbox 367 4211 1693 4282; baseline -0.006 -11"><span class='ocrx_word' id='word_1_354' title='bbox 367 4223 385 4271; x_wconf 86' lang='lat' dir='ltr'><strong>P</strong></span> <span class='ocrx_word' id='word_1_355' title='bbox 403 4245 430 4256; x_wconf 91' lang='lat'><em>-</em></span> <span class='ocrx_word' id='word_1_356' title='bbox 449 4220 474 4271; x_wconf 83' lang='lat'><strong>9.</strong></span> <span class='ocrx_word' id='word_1_357' title='bbox 492 4219 575 4282; x_wconf 73' lang='lat' dir='ltr'><strong>banco</strong></span> <span class='ocrx_word' id='word_1_358' title='bbox 589 4218 730 4280; x_wconf 71' lang='lat' dir='ltr'><strong>scripturos</strong></span> <span class='ocrx_word' id='word_1_359' title='bbox 744 4216 785 4267; x_wconf 83' lang='lat' dir='ltr'><strong>uel</strong></span> <span class='ocrx_word' id='word_1_360' title='bbox 800 4216 907 4279; x_wconf 66' lang='lat' dir='ltr'><strong>sciptor</strong></span> <span class='ocrx_word' id='word_1_361' title='bbox 923 4215 978 4267; x_wconf 82' lang='lat' dir='ltr'><strong>GM</strong></span> <span class='ocrx_word' id='word_1_362' title='bbox 1000 4241 1028 4251; x_wconf 94' lang='lat'><em>-</em></span> <span class='ocrx_word' id='word_1_363' title='bbox 1053 4214 1093 4265; x_wconf 80' lang='lat'><strong>40.</strong></span> <span class='ocrx_word' id='word_1_364' title='bbox 1110 4214 1165 4278; x_wconf 79' lang='lat' dir='ltr'><strong>ipsi</strong></span> <span class='ocrx_word' id='word_1_365' title='bbox 1186 4214 1262 4264; x_wconf 83' lang='lat' dir='ltr'><strong>P¹ll:</strong></span> <span class='ocrx_word' id='word_1_366' title='bbox 1286 4213 1352 4276; x_wconf 75' lang='lat' dir='ltr'><strong>tpnts</strong></span> <span class='ocrx_word' id='word_1_367' title='bbox 1372 4213 1432 4262; x_wconf 68' lang='grc' dir='ltr'><em>Μ</em></span> <span class='ocrx_word' id='word_1_368' title='bbox 1449 4237 1477 4248; x_wconf 88' lang='grc'>-</span> <span class='ocrx_word' id='word_1_369' title='bbox 1502 4212 1543 4262; x_wconf 85' lang='lat' dir='ltr'><strong>tt.</strong></span> <span class='ocrx_word' id='word_1_370' title='bbox 1559 4211 1693 4273; x_wconf 65' lang='lat' dir='ltr'><strong>sommus</strong></span> 
     </span>
     <span class='ocr_line' id='line_1_37' title="bbox 366 4285 1690 4359; baseline -0.008 -13"><span class='ocrx_word' id='word_1_371' title='bbox 366 4299 427 4347; x_wconf 82' lang='lat' dir='ltr'><strong>PG:</strong></span> <span class='ocrx_word' id='word_1_372' title='bbox 452 4295 582 4359; x_wconf 68' lang='lat' dir='ltr'><strong>formam</strong></span> <span class='ocrx_word' id='word_1_373' title='bbox 603 4294 623 4344; x_wconf 92' lang='lat'>0</span> <span class='ocrx_word' id='word_1_374' title='bbox 645 4320 673 4331; x_wconf 92' lang='lat'><em>-</em></span> <span class='ocrx_word' id='word_1_375' title='bbox 701 4294 740 4343; x_wconf 73' lang='lat' dir='ltr'><strong>ti.</strong></span> <span class='ocrx_word' id='word_1_376' title='bbox 760 4293 780 4343; x_wconf 87' lang='lat'>0</span> <span class='ocrx_word' id='word_1_377' title='bbox 799 4305 905 4343; x_wconf 74' lang='lat' dir='ltr'><strong>comaco</strong></span> <span class='ocrx_word' id='word_1_378' title='bbox 927 4304 988 4342; x_wconf 90' lang='lat' dir='ltr'><strong>nos:</strong></span> <span class='ocrx_word' id='word_1_379' title='bbox 1016 4303 1137 4341; x_wconf 66' lang='lat' dir='ltr'><strong>oceasum</strong></span> <span class='ocrx_word' id='word_1_380' title='bbox 1160 4285 1231 4349; x_wconf 86' lang='lat' dir='ltr'><strong>P¹G;</strong></span> <span class='ocrx_word' id='word_1_381' title='bbox 1257 4301 1360 4338; x_wconf 77' lang='lat' dir='ltr'><strong>ocenum</strong></span> <span class='ocrx_word' id='word_1_382' title='bbox 1380 4289 1426 4347; x_wconf 84' lang='lat' dir='ltr'><strong>P¹;</strong></span> <span class='ocrx_word' id='word_1_383' title='bbox 1453 4286 1599 4337; x_wconf 78' lang='lat' dir='ltr'><strong>Ococnsm</strong></span> <span class='ocrx_word' id='word_1_384' title='bbox 1620 4288 1641 4336; x_wconf 93' lang='lat'>0</span> <span class='ocrx_word' id='word_1_385' title='bbox 1662 4311 1690 4325; x_wconf 91' lang='lat'>-</span> 
     </span>
     <span class='ocr_line' id='line_1_38' title="bbox 297 4362 1694 4432; baseline -0.007 -11"><span class='ocrx_word' id='word_1_386' title='bbox 297 4417 299 4421; x_wconf 87' lang='lat'>.</span> <span class='ocrx_word' id='word_1_387' title='bbox 367 4371 406 4420; x_wconf 80' lang='grc'><strong>43.</strong></span> <span class='ocrx_word' id='word_1_388' title='bbox 429 4370 529 4421; x_wconf 79' lang='lat' dir='ltr'><strong>cloelius</strong></span> <span class='ocrx_word' id='word_1_389' title='bbox 548 4370 596 4420; x_wconf 82' lang='lat' dir='ltr'><strong>PG</strong></span> <span class='ocrx_word' id='word_1_390' title='bbox 622 4393 650 4406; x_wconf 90' lang='lat'><strong>·-</strong></span> <span class='ocrx_word' id='word_1_391' title='bbox 675 4369 829 4432; x_wconf 64' lang='lat' dir='ltr'><strong>madorem</strong></span> <span class='ocrx_word' id='word_1_392' title='bbox 849 4369 894 4417; x_wconf 82' lang='lat'>1³¹:</span> <span class='ocrx_word' id='word_1_393' title='bbox 920 4367 1095 4429; x_wconf 63' lang='lat' dir='ltr'><strong>maanes</strong></span> <span class='ocrx_word' id='word_1_394' title='bbox 1119 4364 1214 4417; x_wconf 63' lang='grc' dir='ltr'><strong>ΝΜ</strong></span> <span class='ocrx_word' id='word_1_395' title='bbox 1234 4390 1262 4401; x_wconf 89' lang='grc'>-</span> <span class='ocrx_word' id='word_1_396' title='bbox 1290 4363 1331 4416; x_wconf 84' lang='lat' dir='ltr'><strong>tl.</strong></span> <span class='ocrx_word' id='word_1_397' title='bbox 1353 4364 1428 4414; x_wconf 70' lang='lat' dir='ltr'><strong>swa</strong></span> <span class='ocrx_word' id='word_1_398' title='bbox 1450 4367 1547 4423; x_wconf 77' lang='lat' dir='ltr'><strong>nostor,</strong></span> <span class='ocrx_word' id='word_1_399' title='bbox 1573 4362 1694 4423; x_wconf 70' lang='lat' dir='ltr'><strong>waima</strong></span> 
     </span>
     <span class='ocr_line' id='line_1_39' title="bbox 365 4436 1693 4509; baseline -0.007 -12"><span class='ocrx_word' id='word_1_400' title='bbox 365 4445 635 4509; x_wconf 63' lang='lat' dir='ltr'><strong>menotense</strong></span> <span class='ocrx_word' id='word_1_401' title='bbox 650 4444 802 4496; x_wconf 81' lang='lat' dir='ltr'><strong>lluflnisnus</strong></span> <span class='ocrx_word' id='word_1_402' title='bbox 819 4444 907 4508; x_wconf 63' lang='lat' dir='ltr'><strong>depo.</strong></span> <span class='ocrx_word' id='word_1_403' title='bbox 925 4446 1022 4492; x_wconf 68' lang='lat' dir='ltr'><strong>santo</strong></span> <span class='ocrx_word' id='word_1_404' title='bbox 1037 4441 1097 4492; x_wconf 84' lang='lat' dir='ltr'><strong>aloc.</strong></span> <span class='ocrx_word' id='word_1_405' title='bbox 1116 4441 1131 4505; x_wconf 69' lang='lat' dir='ltr'>fi</span> <span class='ocrx_word' id='word_1_406' title='bbox 1148 4442 1173 4490; x_wconf 79' lang='lat'><strong>7.</strong></span> <span class='ocrx_word' id='word_1_407' title='bbox 1190 4465 1214 4477; x_wconf 94' lang='lat'>-</span> <span class='ocrx_word' id='word_1_408' title='bbox 1235 4441 1275 4490; x_wconf 77' lang='lat' dir='ltr'><strong>lb.</strong></span> <span class='ocrx_word' id='word_1_409' title='bbox 1292 4453 1318 4490; x_wconf 81' lang='lat' dir='ltr'><strong>es</strong></span> <span class='ocrx_word' id='word_1_410' title='bbox 1334 4438 1465 4489; x_wconf 90' lang='lat' dir='ltr'><strong>om.C-</strong></span> <span class='ocrx_word' id='word_1_411' title='bbox 1482 4437 1544 4486; x_wconf 84' lang='lat' dir='ltr'><strong>boec</strong></span> <span class='ocrx_word' id='word_1_412' title='bbox 1560 4436 1593 4487; x_wconf 86' lang='lat' dir='ltr'><strong>G:</strong></span> <span class='ocrx_word' id='word_1_413' title='bbox 1610 4437 1693 4488; x_wconf 83' lang='lat' dir='ltr'><strong>boe0</strong></span> 
     </span>
     <span class='ocr_line' id='line_1_40' title="bbox 367 4513 1695 4584; baseline -0.007 -14"><span class='ocrx_word' id='word_1_414' title='bbox 367 4546 394 4556; x_wconf 92' lang='lat'>-</span> <span class='ocrx_word' id='word_1_415' title='bbox 413 4519 621 4584; x_wconf 63' lang='lat' dir='ltr'><strong>tamnen:</strong></span> <span class='ocrx_word' id='word_1_416' title='bbox 640 4519 822 4584; x_wconf 63' lang='lat' dir='ltr'><strong>licimo-</strong></span> <span class='ocrx_word' id='word_1_417' title='bbox 843 4519 908 4580; x_wconf 81' lang='lat' dir='ltr'><strong>qood</strong></span> <span class='ocrx_word' id='word_1_418' title='bbox 924 4517 1087 4568; x_wconf 80' lang='lat' dir='ltr'><strong>om.Gl{-</strong></span> <span class='ocrx_word' id='word_1_419' title='bbox 1106 4516 1147 4566; x_wconf 77' lang='lat' dir='ltr'><strong>lc.</strong></span> <span class='ocrx_word' id='word_1_420' title='bbox 1165 4514 1218 4579; x_wconf 80' lang='lat' dir='ltr'><strong>out]</strong></span> <span class='ocrx_word' id='word_1_421' title='bbox 1234 4515 1266 4566; x_wconf 79' lang='lat' dir='ltr'><strong>st</strong></span> <span class='ocrx_word' id='word_1_422' title='bbox 1282 4516 1344 4565; x_wconf 87' lang='lat' dir='ltr'><strong>G-</strong></span> <span class='ocrx_word' id='word_1_423' title='bbox 1361 4514 1427 4578; x_wconf 72' lang='lat' dir='ltr'><strong>abta]</strong></span> <span class='ocrx_word' id='word_1_424' title='bbox 1443 4513 1493 4563; x_wconf 80' lang='lat' dir='ltr'><strong>iltis</strong></span> <span class='ocrx_word' id='word_1_425' title='bbox 1510 4514 1531 4562; x_wconf 83' lang='lat' dir='ltr'>G</span> <span class='ocrx_word' id='word_1_426' title='bbox 1549 4539 1576 4550; x_wconf 95' lang='lat'>-</span> <span class='ocrx_word' id='word_1_427' title='bbox 1597 4513 1637 4563; x_wconf 78' lang='lat'><strong>⁴⁷.</strong></span> <span class='ocrx_word' id='word_1_428' title='bbox 1655 4513 1695 4562; x_wconf 82' lang='lat' dir='ltr'><strong>ct-</strong></span> 
     </span>
     <span class='ocr_line' id='line_1_41' title="bbox 362 4587 1694 4661; baseline -0.008 -14"><span class='ocrx_word' id='word_1_429' title='bbox 362 4597 455 4659; x_wconf 80' lang='lat' dir='ltr'><strong>pedum</strong></span> <span class='ocrx_word' id='word_1_430' title='bbox 474 4597 502 4646; x_wconf 86' lang='lat' dir='ltr'><strong>P.</strong></span> <span class='ocrx_word' id='word_1_431' title='bbox 530 4595 569 4648; x_wconf 86' lang='lat' dir='ltr'><strong>Cl.</strong></span> <span class='ocrx_word' id='word_1_432' title='bbox 586 4608 614 4661; x_wconf 89' lang='lat' dir='ltr'><strong>p.</strong></span> <span class='ocrx_word' id='word_1_433' title='bbox 632 4595 694 4658; x_wconf 78' lang='lat'><strong>873,</strong></span> <span class='ocrx_word' id='word_1_434' title='bbox 712 4595 736 4646; x_wconf 87' lang='grc'><strong>6.</strong></span> <span class='ocrx_word' id='word_1_435' title='bbox 759 4619 787 4631; x_wconf 93' lang='grc'>-</span> <span class='ocrx_word' id='word_1_436' title='bbox 812 4594 852 4645; x_wconf 78' lang='grc'><strong>48.</strong></span> <span class='ocrx_word' id='word_1_437' title='bbox 872 4593 1054 4656; x_wconf 68' lang='grc' dir='ltr'><strong>ᾳιιαάνιροαιιι</strong></span> <span class='ocrx_word' id='word_1_438' title='bbox 1074 4593 1135 4641; x_wconf 81' lang='lat' dir='ltr'><strong>PG:</strong></span> <span class='ocrx_word' id='word_1_439' title='bbox 1157 4591 1347 4653; x_wconf 72' lang='lat' dir='ltr'><strong>quadrupedem</strong></span> <span class='ocrx_word' id='word_1_440' title='bbox 1363 4590 1383 4640; x_wconf 92' lang='lat'>0</span> <span class='ocrx_word' id='word_1_441' title='bbox 1402 4615 1429 4625; x_wconf 97' lang='lat'><em>-</em></span> <span class='ocrx_word' id='word_1_442' title='bbox 1453 4587 1613 4650; x_wconf 64' lang='lat' dir='ltr'><strong>optassem</strong></span> <span class='ocrx_word' id='word_1_443' title='bbox 1630 4587 1694 4637; x_wconf 87' lang='lat' dir='ltr'><strong>P·-</strong></span> 
     </span>
     <span class='ocr_line' id='line_1_42' title="bbox 362 4664 1695 4734; baseline -0.007 -13"><span class='ocrx_word' id='word_1_444' title='bbox 362 4670 513 4734; x_wconf 79' lang='lat' dir='ltr'><strong>psrdtdtatt?</strong></span> <span class='ocrx_word' id='word_1_445' title='bbox 527 4671 613 4734; x_wconf 78' lang='lat' dir='ltr'><strong>Neque</strong></span> <span class='ocrx_word' id='word_1_446' title='bbox 629 4671 649 4721; x_wconf 89' lang='lat'>0</span> <span class='ocrx_word' id='word_1_447' title='bbox 667 4697 695 4708; x_wconf 90' lang='lat'>-</span> <span class='ocrx_word' id='word_1_448' title='bbox 715 4670 755 4722; x_wconf 76' lang='lat'><strong>⁴9.</strong></span> <span class='ocrx_word' id='word_1_449' title='bbox 773 4671 879 4721; x_wconf 62' lang='lat' dir='ltr'><strong>saccos</strong></span> <span class='ocrx_word' id='word_1_450' title='bbox 896 4669 929 4720; x_wconf 86' lang='lat' dir='ltr'><strong>C:</strong></span> <span class='ocrx_word' id='word_1_451' title='bbox 947 4667 1133 4719; x_wconf 65' lang='lat' dir='ltr'><strong>ocerannus</strong></span> <span class='ocrx_word' id='word_1_452' title='bbox 1149 4667 1170 4715; x_wconf 90' lang='lat'>0</span> <span class='ocrx_word' id='word_1_453' title='bbox 1188 4691 1214 4702; x_wconf 98' lang='lat'>-</span> <span class='ocrx_word' id='word_1_454' title='bbox 1233 4666 1347 4716; x_wconf 71' lang='lat' dir='ltr'><strong>clmttwn</strong></span> <span class='ocrx_word' id='word_1_455' title='bbox 1363 4667 1413 4715; x_wconf 84' lang='lat' dir='ltr'><strong>PG</strong></span> <span class='ocrx_word' id='word_1_456' title='bbox 1434 4690 1460 4702; x_wconf 95' lang='lat'><em>-</em></span> <span class='ocrx_word' id='word_1_457' title='bbox 1479 4665 1563 4728; x_wconf 70' lang='lat' dir='ltr'><strong>[acm</strong></span> <span class='ocrx_word' id='word_1_458' title='bbox 1578 4664 1695 4714; x_wconf 72' lang='lat' dir='ltr'><strong>Momm-</strong></span> 
     </span>
     <span class='ocr_line' id='line_1_43' title="bbox 366 4737 1695 4802; baseline -0.006 -6"><span class='ocrx_word' id='word_1_459' title='bbox 366 4745 465 4796; x_wconf 87' lang='lat' dir='ltr'><strong>senlus.</strong></span> <span class='ocrx_word' id='word_1_460' title='bbox 485 4770 512 4780; x_wconf 97' lang='lat'>-</span> <span class='ocrx_word' id='word_1_461' title='bbox 530 4745 572 4796; x_wconf 72' lang='lat'><strong>22.</strong></span> <span class='ocrx_word' id='word_1_462' title='bbox 590 4746 666 4796; x_wconf 80' lang='lat' dir='ltr'><strong>isdem</strong></span> <span class='ocrx_word' id='word_1_463' title='bbox 683 4746 716 4797; x_wconf 78' lang='lat'><strong>1³:</strong></span> <span class='ocrx_word' id='word_1_464' title='bbox 733 4745 821 4795; x_wconf 79' lang='lat' dir='ltr'><strong>iisdem</strong></span> <span class='ocrx_word' id='word_1_465' title='bbox 831 4745 851 4795; x_wconf 94' lang='lat'>0</span> <span class='ocrx_word' id='word_1_466' title='bbox 862 4771 896 4782; x_wconf 89' lang='lat'>-</span> <span class='ocrx_word' id='word_1_467' title='bbox 912 4745 952 4794; x_wconf 67' lang='lat'><strong>23.</strong></span> <span class='ocrx_word' id='word_1_468' title='bbox 966 4737 1105 4792; x_wconf 72' lang='lat' dir='ltr'><strong>armextd</strong></span> <span class='ocrx_word' id='word_1_469' title='bbox 1116 4737 1148 4790; x_wconf 67' lang='grc' dir='ltr'><strong>θ’</strong></span> <span class='ocrx_word' id='word_1_470' title='bbox 1160 4768 1187 4778; x_wconf 99' lang='grc'>-</span> <span class='ocrx_word' id='word_1_471' title='bbox 1200 4741 1242 4790; x_wconf 71' lang='lat' dir='ltr'><strong>ib.</strong></span> <span class='ocrx_word' id='word_1_472' title='bbox 1253 4740 1374 4802; x_wconf 82' lang='lat' dir='ltr'><strong>proadem</strong></span> <span class='ocrx_word' id='word_1_473' title='bbox 1389 4739 1559 4789; x_wconf 85' lang='lat' dir='ltr'><strong>Garatoniue:</strong></span> <span class='ocrx_word' id='word_1_474' title='bbox 1574 4737 1695 4799; x_wconf 79' lang='lat' dir='ltr'><strong>proadem</strong></span> 
     </span>
     <span class='ocr_line' id='line_1_44' title="bbox 364 4813 1695 4884; baseline -0.007 -13"><span class='ocrx_word' id='word_1_475' title='bbox 364 4821 674 4884; x_wconf 64' lang='lat' dir='ltr'><strong>comemmorans</strong></span> <span class='ocrx_word' id='word_1_476' title='bbox 694 4821 860 4872; x_wconf 66' lang='lat' dir='ltr'><strong>mantili</strong></span> <span class='ocrx_word' id='word_1_477' title='bbox 879 4847 905 4856; x_wconf 94' lang='lat'>—</span> <span class='ocrx_word' id='word_1_478' title='bbox 932 4818 1197 4883; x_wconf 74' lang='lat' dir='ltr'><strong>suffropotorcmtibl</strong></span> <span class='ocrx_word' id='word_1_479' title='bbox 1215 4842 1244 4854; x_wconf 92' lang='lat'><em>-</em></span> <span class='ocrx_word' id='word_1_480' title='bbox 1267 4817 1308 4867; x_wconf 79' lang='lat'><strong>26.</strong></span> <span class='ocrx_word' id='word_1_481' title='bbox 1327 4828 1359 4864; x_wconf 89' lang='lat' dir='ltr'><strong>oc</strong></span> <span class='ocrx_word' id='word_1_482' title='bbox 1376 4815 1412 4865; x_wconf 86' lang='lat' dir='ltr'><strong>C:</strong></span> <span class='ocrx_word' id='word_1_483' title='bbox 1432 4815 1514 4866; x_wconf 83' lang='lat' dir='ltr'><strong>cato</strong></span> <span class='ocrx_word' id='word_1_484' title='bbox 1541 4839 1569 4850; x_wconf 94' lang='lat'><em>-</em></span> <span class='ocrx_word' id='word_1_485' title='bbox 1586 4813 1629 4862; x_wconf 73' lang='lat' dir='ltr'><strong>at.</strong></span> <span class='ocrx_word' id='word_1_486' title='bbox 1648 4825 1695 4874; x_wconf 83' lang='lat' dir='ltr'><strong>per</strong></span> 
     </span>
     <span class='ocr_line' id='line_1_45' title="bbox 365 4888 1696 4959; baseline -0.007 -12"><span class='ocrx_word' id='word_1_487' title='bbox 365 4896 473 4946; x_wconf 60' lang='lat' dir='ltr'><strong>nudam</strong></span> <span class='ocrx_word' id='word_1_488' title='bbox 487 4897 573 4958; x_wconf 75' lang='lat' dir='ltr'><strong>soram</strong></span> <span class='ocrx_word' id='word_1_489' title='bbox 589 4901 698 4946; x_wconf 62' lang='lat' dir='ltr'><strong>scutum</strong></span> <span class='ocrx_word' id='word_1_490' title='bbox 710 4896 833 4959; x_wconf 68' lang='lat' dir='ltr'><strong>popellum</strong></span> <span class='ocrx_word' id='word_1_491' title='bbox 849 4893 1007 4946; x_wconf 87' lang='lat' dir='ltr'><strong>Lambinus:</strong></span> <span class='ocrx_word' id='word_1_492' title='bbox 1024 4905 1072 4956; x_wconf 79' lang='lat' dir='ltr'><strong>per</strong></span> <span class='ocrx_word' id='word_1_493' title='bbox 1086 4892 1195 4942; x_wconf 70' lang='lat' dir='ltr'><strong>sedtum</strong></span> <span class='ocrx_word' id='word_1_494' title='bbox 1210 4890 1457 4953; x_wconf 67' lang='lat' dir='ltr'><strong>compeccare</strong></span> <span class='ocrx_word' id='word_1_495' title='bbox 1474 4891 1509 4950; x_wconf 87' lang='lat' dir='ltr'><strong>C;</strong></span> <span class='ocrx_word' id='word_1_496' title='bbox 1525 4901 1573 4952; x_wconf 80' lang='lat' dir='ltr'><strong>per</strong></span> <span class='ocrx_word' id='word_1_497' title='bbox 1586 4888 1696 4938; x_wconf 70' lang='lat' dir='ltr'><strong>mdiran</strong></span> 
     </span>
     <span class='ocr_line' id='line_1_46' title="bbox 365 4961 1697 5036; baseline -0.008 -14"><span class='ocrx_word' id='word_1_498' title='bbox 365 4971 472 5023; x_wconf 73' lang='lat' dir='ltr'><strong>cohortis</strong></span> <span class='ocrx_word' id='word_1_499' title='bbox 485 4972 617 5035; x_wconf 60' lang='lat' dir='ltr'><strong>popum</strong></span> <span class='ocrx_word' id='word_1_500' title='bbox 633 4983 695 5022; x_wconf 91' lang='lat' dir='ltr'><strong>eum</strong></span> <span class='ocrx_word' id='word_1_501' title='bbox 713 4971 855 5022; x_wconf 84' lang='lat' dir='ltr'><strong>Franciano</strong></span> <span class='ocrx_word' id='word_1_502' title='bbox 873 4971 959 5036; x_wconf 89' lang='lat' dir='ltr'><strong>primo</strong></span> <span class='ocrx_word' id='word_1_503' title='bbox 977 4970 997 5020; x_wconf 94' lang='lat'>0</span> <span class='ocrx_word' id='word_1_504' title='bbox 1012 4995 1040 5005; x_wconf 95' lang='lat'><em>-</em></span> <span class='ocrx_word' id='word_1_505' title='bbox 1059 4968 1101 5019; x_wconf 75' lang='lat'><strong>28.</strong></span> <span class='ocrx_word' id='word_1_506' title='bbox 1119 4967 1164 5028; x_wconf 72' lang='lat' dir='ltr'><strong>troi]</strong></span> <span class='ocrx_word' id='word_1_507' title='bbox 1182 4971 1223 5015; x_wconf 84' lang='lat' dir='ltr'><strong>tac</strong></span> <span class='ocrx_word' id='word_1_508' title='bbox 1239 4961 1268 5016; x_wconf 78' lang='grc' dir='ltr'><strong>Ρι</strong></span> <span class='ocrx_word' id='word_1_509' title='bbox 1286 4993 1314 5002; x_wconf 98' lang='grc'>-</span> <span class='ocrx_word' id='word_1_510' title='bbox 1332 4979 1394 5020; x_wconf 70' lang='lat' dir='ltr'><strong>mun</strong></span> <span class='ocrx_word' id='word_1_511' title='bbox 1410 4967 1429 5015; x_wconf 85' lang='lat' dir='ltr'>P</span> <span class='ocrx_word' id='word_1_512' title='bbox 1447 4985 1476 5002; x_wconf 82' lang='lat'><strong>··</strong></span> <span class='ocrx_word' id='word_1_513' title='bbox 1494 4962 1585 5028; x_wconf 74' lang='lat' dir='ltr'><strong>malco]</strong></span> <span class='ocrx_word' id='word_1_514' title='bbox 1602 4963 1697 5012; x_wconf 71' lang='lat' dir='ltr'><strong>macto</strong></span> 
     </span>
     <span class='ocr_line' id='line_1_47' title="bbox 367 5040 1693 5110; baseline -0.008 -13"><span class='ocrx_word' id='word_1_515' title='bbox 367 5047 422 5098; x_wconf 82' lang='lat' dir='ltr'><strong>Gli</strong></span> <span class='ocrx_word' id='word_1_516' title='bbox 440 5072 467 5084; x_wconf 94' lang='lat'>-</span> <span class='ocrx_word' id='word_1_517' title='bbox 485 5047 527 5097; x_wconf 75' lang='lat'><strong>29.</strong></span> <span class='ocrx_word' id='word_1_518' title='bbox 546 5046 629 5110; x_wconf 69' lang='lat' dir='ltr'><strong>ctam]</strong></span> <span class='ocrx_word' id='word_1_519' title='bbox 648 5047 723 5097; x_wconf 67' lang='lat' dir='ltr'><strong>cerm</strong></span> <span class='ocrx_word' id='word_1_520' title='bbox 739 5043 797 5097; x_wconf 83' lang='lat' dir='ltr'><strong>P¹G</strong></span> <span class='ocrx_word' id='word_1_521' title='bbox 813 5070 840 5082; x_wconf 89' lang='lat'><em>—</em></span> <span class='ocrx_word' id='word_1_522' title='bbox 859 5046 900 5096; x_wconf 80' lang='lat'><strong>30.</strong></span> <span class='ocrx_word' id='word_1_523' title='bbox 918 5046 970 5096; x_wconf 81' lang='lat' dir='ltr'><strong>atas</strong></span> <span class='ocrx_word' id='word_1_524' title='bbox 984 5044 1023 5095; x_wconf 81' lang='lat' dir='ltr'><strong>rei</strong></span> <span class='ocrx_word' id='word_1_525' title='bbox 1039 5043 1070 5108; x_wconf 83' lang='lat' dir='ltr'><strong>tc}</strong></span> <span class='ocrx_word' id='word_1_526' title='bbox 1087 5043 1140 5092; x_wconf 74' lang='lat' dir='ltr'><strong>aas</strong></span> <span class='ocrx_word' id='word_1_527' title='bbox 1154 5045 1220 5091; x_wconf 81' lang='lat' dir='ltr'><strong>recte</strong></span> <span class='ocrx_word' id='word_1_528' title='bbox 1236 5043 1257 5090; x_wconf 85' lang='lat' dir='ltr'><strong>G</strong></span> <span class='ocrx_word' id='word_1_529' title='bbox 1277 5065 1304 5076; x_wconf 90' lang='lat'><strong>·-</strong></span> <span class='ocrx_word' id='word_1_530' title='bbox 1323 5045 1348 5091; x_wconf 80' lang='lat' dir='ltr'><strong>ta</strong></span> <span class='ocrx_word' id='word_1_531' title='bbox 1363 5041 1427 5097; x_wconf 63' lang='lat' dir='ltr'><strong>dea·</strong></span> <span class='ocrx_word' id='word_1_532' title='bbox 1445 5040 1479 5102; x_wconf 87' lang='lat' dir='ltr'><strong>(in</strong></span> <span class='ocrx_word' id='word_1_533' title='bbox 1495 5051 1588 5091; x_wconf 86' lang='lat' dir='ltr'><strong>rasura</strong></span> <span class='ocrx_word' id='word_1_534' title='bbox 1605 5052 1621 5088; x_wconf 92' lang='lat' dir='ltr'><strong>a</strong></span> <span class='ocrx_word' id='word_1_535' title='bbox 1637 5050 1693 5088; x_wconf 88' lang='lat' dir='ltr'><strong>sec.</strong></span> 
     </span>
     <span class='ocr_line' id='line_1_48' title="bbox 367 5112 1697 5185; baseline -0.007 -12"><span class='ocrx_word' id='word_1_536' title='bbox 367 5135 405 5173; x_wconf 91' lang='lat' dir='ltr'><strong>m.</strong></span> <span class='ocrx_word' id='word_1_537' title='bbox 419 5117 520 5185; x_wconf 69' lang='lat' dir='ltr'><strong>rimata)</strong></span> <span class='ocrx_word' id='word_1_538' title='bbox 537 5122 598 5173; x_wconf 82' lang='grc' dir='ltr'><strong>Ρ-</strong></span> <span class='ocrx_word' id='word_1_539' title='bbox 616 5121 707 5172; x_wconf 72' lang='lat' dir='ltr'><strong>littus·</strong></span> <span class='ocrx_word' id='word_1_540' title='bbox 722 5120 794 5172; x_wconf 77' lang='lat'>1²¹-</span> <span class='ocrx_word' id='word_1_541' title='bbox 812 5122 968 5172; x_wconf 78' lang='lat' dir='ltr'><strong>ooutctosP:</strong></span> <span class='ocrx_word' id='word_1_542' title='bbox 987 5117 1166 5170; x_wconf 72' lang='grc' dir='ltr'>ιιουᾰιίωο-</span> <span class='ocrx_word' id='word_1_543' title='bbox 1185 5112 1377 5179; x_wconf 58' lang='lat' dir='ltr'><strong>temnant:</strong></span> <span class='ocrx_word' id='word_1_544' title='bbox 1396 5115 1584 5179; x_wconf 69' lang='lat' dir='ltr'><strong>ltparP‘O-</strong></span> <span class='ocrx_word' id='word_1_545' title='bbox 1601 5113 1697 5164; x_wconf 65' lang='lat' dir='ltr'><strong>Mssi-</strong></span> 
     </span>
     <span class='ocr_line' id='line_1_49' title="bbox 363 5190 1695 5262; baseline -0.008 -13"><span class='ocrx_word' id='word_1_546' title='bbox 363 5203 423 5262; x_wconf 82' lang='lat' dir='ltr'><strong>ptor</strong></span> <span class='ocrx_word' id='word_1_547' title='bbox 437 5200 478 5249; x_wconf 81' lang='lat'>1³¹:</span> <span class='ocrx_word' id='word_1_548' title='bbox 496 5197 621 5259; x_wconf 68' lang='lat' dir='ltr'><strong>comptor</strong></span> <span class='ocrx_word' id='word_1_549' title='bbox 636 5197 695 5248; x_wconf 83' lang='lat' dir='ltr'><strong>P¹G</strong></span> <span class='ocrx_word' id='word_1_550' title='bbox 713 5223 741 5233; x_wconf 93' lang='lat'>-</span> <span class='ocrx_word' id='word_1_551' title='bbox 759 5195 800 5250; x_wconf 76' lang='lat'><strong>32.</strong></span> <span class='ocrx_word' id='word_1_552' title='bbox 815 5197 903 5261; x_wconf 68' lang='lat' dir='ltr'><strong>pontii</strong></span> <span class='ocrx_word' id='word_1_553' title='bbox 919 5193 947 5247; x_wconf 77' lang='grc' dir='ltr'><strong>ΡΙ</strong></span> <span class='ocrx_word' id='word_1_554' title='bbox 967 5223 994 5233; x_wconf 94' lang='grc'>-</span> <span class='ocrx_word' id='word_1_555' title='bbox 1013 5193 1053 5245; x_wconf 82' lang='grc'><strong>33.</strong></span> <span class='ocrx_word' id='word_1_556' title='bbox 1071 5192 1217 5256; x_wconf 75' lang='lat' dir='ltr'><strong>inprobatus</strong></span> <span class='ocrx_word' id='word_1_557' title='bbox 1233 5193 1252 5241; x_wconf 85' lang='lat' dir='ltr'>P</span> <span class='ocrx_word' id='word_1_558' title='bbox 1270 5218 1297 5229; x_wconf 96' lang='lat'><em>-</em></span> <span class='ocrx_word' id='word_1_559' title='bbox 1322 5196 1403 5243; x_wconf 81' lang='lat' dir='ltr'><strong>morte</strong></span> <span class='ocrx_word' id='word_1_560' title='bbox 1418 5193 1440 5242; x_wconf 88' lang='lat' dir='ltr'>G</span> <span class='ocrx_word' id='word_1_561' title='bbox 1458 5218 1486 5228; x_wconf 90' lang='lat'><strong>·-</strong></span> <span class='ocrx_word' id='word_1_562' title='bbox 1503 5190 1695 5253; x_wconf 70' lang='lat' dir='ltr'><strong>senttpropertt</strong></span> 
     </span>
     <span class='ocr_line' id='line_1_50' title="bbox 368 5271 667 5342; baseline -0.013 -16"><span class='ocrx_word' id='word_1_563' title='bbox 368 5275 404 5334; x_wconf 77' lang='lat'><strong>1³;</strong></span> <span class='ocrx_word' id='word_1_564' title='bbox 421 5271 496 5326; x_wconf 76' lang='lat' dir='ltr'><strong>nestit</strong></span> <span class='ocrx_word' id='word_1_565' title='bbox 506 5273 622 5342; x_wconf 72' lang='lat' dir='ltr'><strong>properet</strong></span> <span class='ocrx_word' id='word_1_566' title='bbox 637 5273 667 5324; x_wconf 78' lang='lat' dir='ltr'><strong>G.</strong></span> 
     </span>
    </p>
   </div>
   <div class='ocr_carea' id='block_1_6' title="bbox 0 0 2013 6148">
    <p class='ocr_par' dir='ltr' id='par_1_6' title="bbox 0 0 2013 6148">
     <span class='ocr_line' id='line_1_51' title="bbox 0 0 2013 6148; baseline 0 0"><span class='ocrx_word' id='word_1_567' title='bbox 0 0 2013 6148; x_wconf 95' lang='lat' dir='ltr'><strong> </strong></span> 
     </span>
    </p>
   </div>
  </div>
 </body>
</html>
