4009 6159
718 614 791 681 cn.
812 615 961 680 nr-rv.
989 612 1036 699 §5
1058 610 1185 679 e-to.
1342 594 1352 605 “
1546 608 1609 679 cer

290 788 349 852 bus
378 787 424 850 rei
454 786 597 869 publicae
629 805 722 849 causa
751 786 848 868 diligi.
891 782 921 847 8.
946 784 1071 849 Scilicet
1092 801 1202 870 aspera
1222 804 1294 868 mea
1313 792 1441 861 natura,
1471 784 1608 849 difficilis

290 882 414 955 aditus,
445 880 547 963 gravis
569 879 690 955 vultus,
713 880 847 964 superba
868 899 1034 962 responsa,
1054 879 1196 943 insolens
1217 879 1299 956 vita;
1325 898 1419 942 nemo
1440 885 1610 943 consuetu·

291 974 398 1039 dinem
418 992 534 1049 meam,
557 994 649 1038 nemo
670 973 913 1049 humanitatem,
944 994 1037 1037 nemo
1059 973 1242 1048 eonsilium,
1271 966 1364 1036 nemo
1384 973 1538 1039 auxilium
1560 992 1610 1036 re·

290 1069 450 1153 quirebat:
474 1069 564 1131 cuius
586 1068 760 1141 desiderio,
781 1074 818 1131 ut
838 1067 917 1131 baec
938 1068 1066 1131 minima
1081 1068 1198 1142 dicam,
1220 1066 1323 1130 ionum
1338 1073 1501 1143 maestum,
1523 1074 1610 1130 muta

289 1164 393 1239 curia,
421 1163 527 1227 omnia
554 1161 693 1247 denique
719 1163 871 1225 bonarum
899 1163 1013 1225 artium
1043 1161 1148 1224 studia
1177 1161 1341 1224 siluerunt.
1385 1160 1448 1223 Sed
1467 1159 1548 1223 nibil
1569 1161 1633 1223 sitti

288 1257 407 1322 factum
435 1277 506 1321 mea
533 1276 642 1319 causa:
677 1258 784 1319 omnia
815 1256 869 1319 illa
897 1262 1025 1320 senatus
1053 1256 1213 1330 consulta,
1235 1253 1346 1337 populi
1372 1256 1474 1328 iussa,
1499 1252 1609 1316 ltaliae

289 1354 403 1428 totius,
437 1359 618 1416 cunctarum
650 1352 854 1426 societatum,
887 1351 1092 1433 collegiorum
1121 1351 1260 1413 omnium
1283 1349 1408 1413 decreta
1428 1347 1469 1411 de
1490 1366 1541 1409 me
1561 1345 1608 1409 rei

289 1448 435 1532 publicae
458 1466 553 1511 causa
575 1466 645 1509 esse
666 1444 749 1509 tacta
769 1445 932 1509 fateamur.
966 1444 1051 1520 Quid
1074 1464 1165 1527 ergo,
1187 1443 1282 1507 borno
1303 1442 1539 1526 imperitissime
1557 1461 1610 1504 so·

288 1542 373 1605 lidae
395 1542 497 1605 landis
519 1560 555 1603 ae
577 1560 670 1603 verae
692 1540 868 1623 dignitatis,
890 1539 1100 1623 praestantius
1120 1538 1200 1602 mihi
1220 1540 1325 1621 potuit
1345 1536 1510 1602 accideret
1532 1531 1609 1617 quid

289 1636 459 1719 optabilius
488 1635 528 1700 ad
556 1634 822 1698 immortalitatem
851 1635 968 1717 gloriae
996 1641 1092 1717 atque
1118 1634 1152 1696 in
1179 1634 1360 1696 memoriam
1389 1633 1452 1696 mei
1472 1626 1648 1693 noministo

289 1730 529 1813 sempiternam,
559 1748 654 1813 quam
681 1748 792 1791 omnes
822 1728 881 1792 boc
909 1728 992 1793 cives
1021 1746 1110 1791 meos
1131 1726 1287 1801 iudicare,
1317 1726 1452 1789 civitatis
1474 1722 1609 1787 salutem

290 1843 361 1887 cum
376 1822 478 1886 xuarius
501 1843 571 1887 msa
592 1823 694 1886 salute
717 1842 786 1886 esse
809 1824 1031 1887 coniunctam?
1063 1819 1094 1884 9.
1110 1821 1204 1897 Quod
1220 1820 1349 1905 quidem
1365 1840 1424 1903 ego
1438 1818 1496 1881 tibi
1509 1815 1609 1879 reddo

289 1923 390 1981 tuum.
421 1919 499 1981 Nam
520 1924 556 1980 ut
577 1925 611 1980 tu
634 1937 683 1980 me
706 1937 812 1980 carum
836 1936 905 1980 esse
928 1916 1036 1980 dixisti
1055 1916 1177 1979 senatui
1191 1915 1374 2000 populoque
1388 1916 1530 1978 Romano
1545 1929 1608 1972 non

289 2020 354 2077 mm
376 2031 447 2075 mea
468 2031 562 2075 cansa
584 2031 678 2093 quam
699 2012 746 2073 rei
767 2011 930 2093 publicae,
952 2012 998 2074 sio
1020 2030 1079 2092 ego
1103 2018 1149 2085 te,
1172 2029 1362 2094 quamquam
1386 2030 1421 2073 es
1435 2008 1520 2071 omni
1535 2004 1610 2067 diri·

289 2114 353 2170 tate
375 2112 471 2190 atque
492 2105 685 2169 immanitate
707 2106 924 2181 taeterrimus,
945 2112 1051 2169 tamen
1066 2104 1143 2168 dico
1159 2123 1228 2167 esse
1242 2102 1318 2166 odio
1333 2103 1452 2168 ciuitati
1465 2120 1532 2164 non
1545 2105 1649 2162 timu

289 2209 344 2266 tuo
368 2220 462 2285 quam
484 2199 530 2262 rei
552 2199 698 2283 publicae
720 2200 859 2263 nomine.

374 2296 427 2357 tv.
448 2297 554 2375 Atque
582 2300 618 2355 ut
644 2294 814 2377 aliquando
843 2295 884 2358 ad
913 2301 945 2358 te
973 2294 1111 2369 reniam,
1139 2291 1179 2355 de
1207 2312 1258 2355 me
1280 2292 1342 2355 boe
1363 2290 1405 2355 sit
1425 2294 1610 2353 exuemun.

291 2389 377 2467 Quid
399 2387 536 2472 quisque
558 2397 698 2450 nostrum
722 2386 761 2449 de
783 2388 908 2470 seipse
930 2387 1094 2470 loquatur,
1115 2407 1179 2450 non
1202 2394 1251 2449 est
1272 2406 1349 2449 sane
1369 2382 1608 2469 requirendum:

289 2484 367 2549 boui
396 2481 455 2545 viri
483 2480 641 2557 iudicent3
671 2482 703 2545 id
726 2488 774 2545 est
796 2482 925 2545 maximi
946 2482 1098 2545 momenti
1120 2488 1151 2544 et
1172 2481 1330 2566 ponderis.
1373 2475 1422 2541 to.
1444 2479 1515 2540 lino
1538 2480 1611 2539 sunt

291 2589 449 2661 tempora,
478 2574 594 2658 quibus
622 2584 804 2639 nostrorum
834 2576 948 2639 civium
978 2584 1162 2659 spectentur
1180 2574 1297 2639 indicia
1318 2575 1357 2637 de
1379 2573 1486 2637 nobist
1512 2580 1649 2651 upumsc

291 2672 436 2745 honoris,
459 2670 592 2733 alterum
614 2670 734 2732 salutis.
771 2670 880 2734 Honos
903 2670 957 2734 tali
979 2669 1089 2755 populi
1111 2670 1243 2733 Romani
1258 2669 1421 2732 voluntate
1440 2665 1548 2749 paucis
1563 2671 1613 2726 est

291 2766 414 2831 delatus
442 2785 479 2828 ac
503 2752 601 2838 mibi,
631 2764 716 2826 salus
738 2770 825 2828 tanto
847 2763 951 2828 studio
973 2764 1107 2827 ciuitatis
1128 2764 1247 2827 nemini
1269 2762 1401 2827 reddita.
1435 2763 1535 2824 Dete
1556 2778 1612 2821 au·

290 2868 354 2925 tem
374 2858 520 2921 homines
544 2858 620 2942 quid
643 2857 795 2933 sentiant,
824 2858 857 2920 in
879 2857 1001 2921 bonore
1023 2860 1146 2940 experti
1167 2878 1292 2933 sumus,
1320 2858 1353 2920 in
1376 2856 1477 2919 salute
1499 2872 1612 2936 exspe-

292 2961 422 3017 ctamus.
455 2950 518 3014 Sed
539 2959 646 3015 umen
666 2971 707 3014 ne
730 2971 780 3014 me
802 2972 873 3015 eum
895 2950 944 3014 his
966 2952 1161 3035 principibus
1182 2952 1333 3026 civitatis,
1365 2951 1420 3034 qui
1441 2949 1557 3014 adsunt
1576 2949 1610 3009 P.

292 3047 411 3121 Sestio,
434 3046 490 3109 sed
511 3051 548 3108 ut
569 3052 688 3120 tecum,
711 3066 782 3109 cnm
804 3045 932 3135 bomine
953 3066 1019 3109 uno
1040 3065 1106 3110 non
1128 3046 1229 3110 solum
1252 3042 1315 3081 *4*
1335 3041 1649 3130 impudentissimo„

355 3367 381 3416 2.
399 3365 481 3415 cottus
496 3367 516 3415 P
529 3390 557 3399 —
575 3377 646 3414 nemo
663 3364 861 3414 consuetudinarii
875 3370 966 3426 mecm
983 3379 1055 3416 omno
1069 3366 1250 3417 inpunitatem
1266 3367 1331 3417 PG:
1348 3378 1420 3416 oceno
1434 3364 1613 3415 humanitatem

290 3454 386 3501 mecm,
404 3454 475 3490 oeno
491 3439 736 3499 consecutionem
753 3452 824 3489 neoto
840 3440 1020 3491 humanitatem
1035 3454 1117 3492 mecm
1134 3442 1195 3505 (om.
1213 3456 1285 3491 nemo
1301 3439 1417 3502 emanet.)
1435 3440 1502 3489 coni.
1515 3437 1612 3489 Madvi-

290 3517 347 3580 gius
364 3528 389 3580 p.
409 3514 468 3574 eto,
487 3512 550 3565 talea
567 3514 687 3578 Krarupii
704 3512 829 3566 relatione
847 3530 880 3567 ex
898 3516 957 3567 cod.
976 3519 994 3567 P
1012 3516 1137 3567 conlisus.
1159 3544 1185 3553 -
1204 3516 1229 3568 4.
1247 3518 1319 3567 ccicc
1334 3516 1448 3567 &sideri
1461 3515 1546 3578 torum
1557 3525 1613 3562 mu-

289 3596 342 3641 tum
357 3590 406 3652 tuit
421 3586 503 3638 habet
518 3592 539 3639 Α
556 3588 633 3652 prob.
652 3588 738 3640 Madv.
757 3602 783 3654 p.
802 3592 863 3649 544,
883 3594 910 3641 at
926 3604 950 3641 v.
970 3590 1060 3641 adnot.
1079 3604 1168 3642 meam
1186 3593 1212 3641 in
1230 3592 1273 3642 ed.
1292 3594 1361 3658 lips.
1378 3605 1405 3656 p.
1417 3590 1459 3642 49.
1474 3617 1501 3626 -
1518 3589 1613 3638 mium

290 3666 322 3717 Gr
337 3690 366 3702 -
391 3664 471 3713 muco
487 3662 529 3726 (3¹,
554 3664 618 3715 item
634 3667 654 3714 P
671 3668 732 3716 aute
749 3678 879 3718 rasuram.
900 3692 927 3701 -
954 3666 978 3717 6.
994 3666 1122 3731 tectonica
1139 3680 1218 3718 ccccc
1233 3670 1262 3721 P¹
1281 3692 1308 3705 -
1335 3668 1359 3718 7.
1378 3672 1403 3717 to
1418 3666 1445 3715 in
1461 3665 1536 3715 totius
1549 3663 1576 3713 in
1592 3664 1612 3713 P

289 3753 349 3805 sup.
362 3738 407 3789 lin.
419 3737 538 3789 additum
557 3740 642 3791 est.—
663 3740 686 3791 e.
706 3754 737 3791 oc
752 3754 812 3791 cere
828 3743 861 3798 Pi
880 3755 986 3791 aucecrs
1003 3742 1059 3805 (litt.
1072 3756 1091 3790 u
1101 3744 1162 3793 ante
1173 3756 1187 3792 c
1199 3742 1338 3807 expuncta)
1350 3744 1371 3792 G
1384 3766 1411 3777 -
1431 3742 1470 3792 to.
1488 3741 1612 3790 iammo-

288 3817 417 3867 4444444444)
436 3840 463 3851 -
488 3815 516 3863 io
531 3815 593 3875 PG,
620 3814 668 3865 sed
693 3815 720 3866 in
738 3817 758 3866 G
774 3816 801 3865 ic
817 3818 972 3881 punctatum
991 3818 1029 3880 (ut
1044 3816 1130 3867 Madv.
1148 3830 1174 3882 p.
1193 3819 1237 3868 4444
1258 3820 1322 3870 item
1338 3816 1440 3882 voluitlz
1467 3816 1501 3866 cut
1517 3815 1563 3865 SO
1582 3835 1609 3851 a·

289 3892 330 3941 44.
343 3890 422 3941 onmis
437 3889 482 3940 boc
497 3889 560 3939 ciuis
576 3892 626 3941 PG
638 3916 664 3926 -
686 3892 726 3942 42.
738 3892 991 3941 wmcoimmectl:
1010 3890 1190 3955 ccmniccilitt.
1202 3893 1538 3958 ntseexpunetaelmeol’3
1555 3901 1612 3939 oen

287 3978 345 4017 mea
360 3965 434 4015 onie
451 3965 471 4015 0
488 3978 550 4017 cum
568 3963 629 4016 edd.
648 3967 726 4025 vett.;
746 3966 779 4016 ci.
798 3979 824 4030 p.
841 3966 909 4019 Sest.
928 3965 942 4030 5
960 3967 1016 4018 428.
1032 3992 1058 4003 -
1077 3968 1118 4018 43.
1135 3980 1209 4018 remo
1225 3966 1254 4018 P¹
1271 3992 1299 4003 -
1319 3966 1359 4017 44,
1377 3969 1415 4018 rot
1429 3966 1496 4030 poti.
1514 3965 1612 4014 nocane

288 4044 306 4093 S
323 4044 351 4093 ot
367 4038 444 4092 oodd.
463 4039 527 4090 dett.
547 4064 575 4075 -
598 4052 624 4089 er
639 4040 848 4104 Wesenbergr'us
865 4040 1016 4104 (limendott.
1035 4042 1131 4093 Tremel.
1148 4044 1174 4104 1,
1196 4056 1224 4107 p.
1244 4044 1295 4106 tit:
1318 4043 1352 4093 eir
1368 4041 1445 4096 codd.
1464 4044 1492 4093 et
1507 4042 1541 4100 0;
1562 4039 1611 4090 sed

290 4120 332 4169 est
346 4116 478 4183 posterior
493 4128 506 4163 e
520 4115 547 4164 in
565 4117 584 4165 P
601 4126 634 4165 ex
651 4128 735 4175 ccrr.;
753 4116 858 4166 ridetur
874 4119 950 4167 antea
967 4118 999 4166 eit
1014 4116 1104 4169 tuisse.
1125 4118 1214 4170 «sissi
1225 4131 1319 4168 verum
1331 4120 1414 4177 esset,
1432 4116 1539 4181 obliquo
1550 4128 1612 4166 con-

289 4191 405 4243 iunctlvo
427 4192 500 4242 esset
519 4190 648 4253 positum,
674 4192 704 4240 ut
724 4191 806 4243 Acsd.
825 4192 848 4251 4,
876 4190 947 4255 53⁰·
969 4190 1003 4242 de
1024 4194 1081 4243 Nat.
1099 4194 1131 4243 D.
1149 4194 1184 4256 44,
1209 4192 1224 4258 5
1241 4193 1282 4244 84.
1301 4194 1378 4244 Tusc.
1395 4194 1467 4257 Disp.
1486 4191 1517 4253 V,
1537 4189 1551 4255 5
1569 4189 1610 4241 94.

289 4268 361 4317 Pam.
380 4266 405 4327 l,
422 4265 451 4327 2,
468 4265 493 4314 2.
512 4264 555 4325 lV,
573 4263 619 4326 44,
638 4264 663 4316 4.
680 4267 751 4328 44444,
769 4267 816 4327 te;
835 4264 883 4316 sed
901 4268 1027 4330 quoniam
1043 4268 1117 4332 prius
1134 4269 1338 4333 comparationis
1354 4267 1507 4319 membrum
1523 4266 1611 4331 ipsum

288 4342 368 4393 docet
383 4352 427 4390 vv.
445 4352 599 4403 quanquam
609 4365 624 4377 ·
634 4342 815 4392 -tcetenimcc
832 4353 892 4393 esse
912 4342 1030 4405 protasio
1046 4344 1126 4395 totius
1142 4344 1289 4395 sententiae
1305 4349 1388 4394 meo
1404 4345 1458 4394 dico
1474 4344 1538 4402 eet,
1557 4353 1610 4391 non

288 4416 381 4468 dubito
397 4414 461 4479 quin
473 4414 567 4465 cicero
584 4415 719 4479 scripserit
735 4428 786 4465 es.»
801 4442 828 4453 —
848 4417 888 4465 te.
902 4418 1042 4468 uuum
1057 4420 1135 4470 PGO
1145 4446 1173 4456 -
1193 4420 1233 4470 48.
1245 4433 1296 4470 noo
1311 4424 1347 4470 est
1361 4432 1422 4470 scae
1435 4416 1612 4481 cementum

287 4494 307 4545 P
325 4490 381 4556 ised
397 4490 480 4542 babet
495 4503 582 4551 sone,
604 4488 689 4541 littera
707 4488 721 4541 i
738 4492 769 4541 ut
784 4488 889 4540 videtur
906 4493 1007 4556 ernsel:
1029 4507 1080 4545 sco
1100 4499 1135 4545 eet
1150 4507 1211 4545 ecoe
1225 4508 1276 4545 ooo
1292 4500 1328 4546 oct
1342 4495 1437 4558 now.
1456 4493 1520 4553 (303
1541 4490 1610 4543 coni.

287 4566 373 4620 lledv.
391 4580 418 4632 p.
431 4566 489 4617 etr.
504 4590 531 4601 -
551 4564 591 4617 te.
610 4564 666 4615 bont
682 4567 747 4617 PG:
767 4566 827 4629 quid
843 4564 900 4615 boni
916 4567 976 4618 cod.
989 4569 1185 4634 Nuembergeri
1196 4571 1230 4634 tv.
1243 4584 1331 4636 progr.
1345 4570 1469 4623 scholast.
1482 4567 1611 4633 gymnasii

289 4640 517 4706 Campoduneusis
532 4653 556 4690 α.
570 4639 655 4701 4832),
677 4642 705 4691 ut
722 4641 843 4691 Garatoni
861 4644 974 4695 coniecit
991 4644 1056 4709 (boot
1070 4646 1122 4695 out
1137 4647 1197 4709 cred
1211 4647 1319 4698 estimat
1335 4649 1404 4699 coni.
1421 4644 1567 4707 terdenus).
1582 4670 1609 4679 -

287 4718 329 4767 24.
346 4716 392 4767 toli
409 4716 568 4779 llervaglus:
586 4715 644 4766 tutte
660 4717 710 4766 PG
728 4741 756 4753 -
775 4716 814 4767 22
835 4731 877 4772 tce
893 4720 953 4769 P-
972 4721 1002 4771 de
1018 4726 1041 4771 ts
1051 4746 1088 4759 ··
1098 4727 1258 4785 mactmus
1268 4722 1349 4775 hebet
1359 4725 1380 4775 Α
1392 4748 1420 4759 -
1432 4721 1474 4774 23.
1486 4720 1530 4783 oet
1541 4731 1610 4771 corr.

288 4792 428 4854 inpoidtt
448 4818 475 4827 -
494 4791 718 4842 ostentanti>-
737 4796 1009 4853 acclamasse-
1028 4796 1069 4848 24.
1087 4796 1341 4861 nelchG-tt.
1360 4798 1613 4849 muscarum

286 4868 320 4917 P:
338 4866 423 4916 nats
439 4870 518 4916 ιοααα
535 4868 570 4926 G,
588 4866 747 4916 redactum
763 4866 783 4917 0
801 4893 828 4902 -
848 4870 993 4920 conscium
1009 4873 1074 4922 PG:
1093 4874 1319 4926 mnniwnOcum
1335 4877 1470 4925 Govesno.
1490 4897 1516 4909 -
1534 4873 1612 4935 inpu-

289 4941 428 4993 derttitcimc
444 4946 468 4989 et
483 4940 544 4990 mibi
560 4940 654 4990 inimic.
673 4941 714 4991 P1:
732 4941 943 5003 impotentissime
960 4952 1035 5009 utque
1049 4949 1136 5014 infimo
1150 4951 1293 5013 conssrant:
1309 4952 1340 5002 de
1355 4956 1379 5002 ts
1393 4952 1459 5013 ipso,
1476 4948 1574 4998 Mutine
1589 4951 1613 4995 et

288 5017 494 5081 orropcnticsimo
509 5020 533 5066 et
549 5015 610 5065 mdc·
625 5016 793 5067 beatissimo
810 5031 905 5081 quaero
921 5022 970 5072 (40
988 5022 1079 5087 (sedit
1095 5037 1149 5076 om.
1166 5025 1249 5089 mlbtlt
1267 5028 1294 5077 in
1310 5024 1424 5078 Pverba
1440 5022 1609 5086 amionem

288 5094 415 5158 mserum
431 5094 460 5144 de
477 5093 569 5155 teipso
585 5092 682 5143 bomine
698 5098 722 5143 et
738 5092 945 5158 cbropmtesimo
961 5096 988 5146 in
1005 5098 1123 5162 margine
1140 5099 1262 5152 interiore
1279 5101 1341 5166 post
1356 5098 1556 5163 ammaonte
1567 5095 1613 5146 ad·

289 5170 342 5221 dita
359 5170 453 5220 sunta
470 5181 550 5221 mauu
566 5166 685 5219 secunda
702 5167 784 5219 multo
800 5172 958 5222 recentiore.
985 5172 1219 5238 supplementum,
1237 5188 1291 5239 quc
1308 5188 1376 5226 nora
1392 5173 1486 5225 lacuna
1503 5170 1613 5221 intertur

291 5246 353 5309 (iam
369 5245 439 5297 enim
456 5246 517 5310 post
531 5258 582 5295 coo
597 5244 677 5295 mian
692 5243 847 5296 membrum
864 5246 1051 5297 correlativum
1063 5248 1249 5314 desideretur),
1268 5248 1437 5300 arbitrarium
1447 5248 1489 5298 est
1499 5246 1527 5296 et
1538 5245 1610 5295 certe

288 5332 342 5371 uon
359 5331 374 5370 α
390 5317 473 5371 Tullio
489 5320 654 5388 protectam
672 5333 699 5371 v.
712 5333 782 5385 quae
800 5320 931 5391 disputavi
946 5323 974 5379 tu
989 5324 1082 5377 ttusoo
1098 5324 1224 5376 linsamo
1240 5336 1311 5378 noro
1326 5322 1383 5379 vol.
1401 5322 1447 5385 44,
1466 5333 1493 5390 p·
1506 5318 1554 5371 339
1566 5330 1608 5385 tt·

1753 788 1771 860 i
