4009 6159
536 1157 881 1248 ORATIONUM
909 1153 1363 1242 PHILIPPIOARUM

663 1427 664 1430 κ
729 1375 883 1452 nanno
905 1375 1164 1476 cusanus

884 1583 1014 1595 u*—

352 1737 375 1798 l.
398 1727 641 1818 l.(Frequentia
657 1739 793 1796 vestrum
808 1730 1384 1840 incredibilis)Quirites,(oontioque
1399 1728 1615 1812 tantalquan·

289 1839 351 1895 tam
374 1829 554 1893 meminisse
576 1848 639 1892 non
657 1826 835 1900 videor,(et
856 1826 1048 1889 alacritatem
1071 1816 1320 1895 mibilsummam
1336 1823 1553 1887 detendendae
1570 1824 1615 1885 rei

289 1913 555 2010 publicae(allert
576 1928 608 1985 et
637 1919 737 2017 spem)
748 1919 981 2003 reciperandae.
1019 1920 1219 2004 Quamquam
1241 1919 1364 1984 animus
1386 1917 1464 1981 mibi
1487 1917 1616 2002 quidem
1706 1909 1801 2005 μζ.)

288 2037 459 2101 numquam
482 2015 600 2090 deluit,
624 2022 766 2096 tempora
789 2014 973 2077 defuerunt:
998 2034 1081 2096 quae
1096 2015 1229 2077 simulac
1250 2015 1385 2096 primum
1400 2008 1520 2096 aliquid
1537 2010 1617 2072 lucis

288 2111 456 2176 ostendere
478 2110 547 2172 visa
570 2117 657 2182 sunt,
691 2109 838 2192 princeps
860 2113 983 2171 restrae
1009 2107 1162 2171 libertatis
1184 2107 1402 2171 defendendae
1423 2105 1480 2167 lui.
1524 2103 1640 2178 Quodn

288 2205 314 2268 si
346 2203 379 2268 id
408 2211 482 2267 ante
510 2203 612 2266 lacere
642 2209 774 2264 conatus
805 2222 923 2274 essem,
957 2222 1041 2262 nunc
1069 2200 1172 2265 faeere
1197 2223 1259 2264 non
1280 2221 1417 2285 possem.
1454 2197 1616 2261 Hodierno

288 2299 372 2362 enim
395 2298 463 2372 die,
494 2297 652 2372 Quirites,
680 2315 720 2357 ne
750 2294 941 2357 mediocrem
967 2313 1034 2356 rem
1055 2305 1157 2359 actam
1179 2295 1390 2366 arbitremini,
1412 2293 1617 2356 fundamenta

289 2393 371 2453 iacta
393 2401 467 2454 sunt
487 2391 681 2475 reliquarum
704 2389 874 2453 actionum.
908 2391 987 2450 Nam
1011 2396 1058 2452 est
1079 2390 1179 2453 bostis
1194 2411 1212 2452 a
1228 2399 1340 2452 senatu
1363 2386 1502 2450 nondum
1521 2387 1616 2450 verbo

287 2483 478 2568 appellatus,
511 2485 567 2547 sed
599 2506 633 2547 re
665 2485 726 2548 iarn
760 2483 916 2547 iudicatus
947 2483 1111 2546 Antonius.
1155 2480 1185 2546 2.
1207 2486 1296 2545 Nunc
1328 2502 1403 2545 vero
1427 2481 1526 2544 multo
1548 2503 1616 2543 sum

288 2577 439 2652 erectior,
470 2578 556 2662 quod
586 2599 643 2640 vos
666 2597 795 2662 quoque
826 2576 915 2639 illum
936 2577 1062 2639 bostem
1085 2597 1155 2640 esse
1178 2585 1265 2641 tanto
1287 2597 1442 2640 consensu
1464 2583 1654 2660 tantoquero

288 2672 425 2734 clamore
446 2672 688 2756 approbavistis.
726 2674 838 2755 Neque
862 2671 963 2745 enim,
994 2670 1152 2746 Quirites,
1180 2671 1249 2733 fieri
1272 2679 1395 2754 potest,
1422 2678 1456 2734 ut
1478 2690 1542 2732 non
1564 2676 1619 2733 aut

287 2766 310 2829 ii
340 2765 404 2829 sint
432 2765 537 2850 impii,
571 2765 626 2851 qui
657 2774 767 2829 contra
797 2764 961 2828 consulem
992 2767 1150 2828 exercitus
1172 2771 1449 2849 comparaverunt,
1481 2771 1536 2827 aut
1563 2763 1617 2828 ille

286 2859 402 2934 bostis,
433 2867 542 2923 contra
563 2881 658 2944 quem
681 2860 750 2923 iure
773 2879 859 2922 arma
881 2867 1008 2943 sumpta
1030 2867 1113 2923 sunt.
1148 2859 1238 2923 Hanc
1260 2859 1356 2942 igitur
1377 2858 1617 2933 dubitationem,

288 2973 480 3039 quamquam
503 2956 589 3018 nulla
612 2961 694 3030 erat,
726 2963 829 3017 tamen
852 2955 892 3016 ne
916 2973 979 3038 qua
1000 2962 1109 3037 posset
1131 2974 1218 3029 esse,
1240 2962 1368 3018 senatus
1389 2954 1544 3018 hodierno
1567 2953 1618 3016 die

287 3047 423 3113 sustulit.
461 3047 494 3111 C.
518 3048 648 3122 Caesar,
672 3049 726 3133 qui
749 3068 816 3110 rem
836 3046 994 3130 publicam
1010 3046 1254 3132 libertatemque
1270 3056 1407 3112 vestram
1429 3070 1487 3112 suo
1502 3049 1656 3122 studione

287 3141 436 3216 consilio,
460 3142 648 3226 patrimonio
671 3143 810 3226 denique
833 3147 951 3204 tutatus
974 3148 1069 3204 estet
1090 3148 1224 3216 tutatur,
1246 3143 1392 3206 maximis
1407 3152 1536 3206 senatus
1550 3142 1619 3206 lau·

287 3237 379 3300 dibus
414 3244 542 3299 ornatus
573 3244 629 3299 est.
674 3234 703 3299 3.
726 3236 853 3309 Laudo,
884 3235 979 3299 laudo
1012 3255 1087 3310 ros,
1121 3235 1278 3311 Quirites,
1315 3235 1402 3321 quod
1431 3235 1618 3320 gratissimis

287 3329 400 3393 animis
422 3330 652 3413 prosequimini
675 3350 791 3394 nomen
814 3329 977 3392 clarissimi
997 3329 1209 3392 adolescentis
1225 3331 1274 3393 vel
1289 3331 1380 3414 pueri
1396 3330 1522 3413 potius;
1546 3335 1619 3392 sunt

287 3426 369 3488 enim
392 3423 474 3487 sacta
497 3424 565 3485 eius
589 3423 850 3497 immortalitatis,
873 3442 989 3486 nomen
1012 3424 1134 3487 aetatis.
1168 3424 1267 3488 Multa
1282 3425 1426 3499 memini,
1449 3422 1548 3487 multa
1563 3443 1618 3485 au·

287 3519 367 3594 divi,
396 3518 495 3581 multa
522 3517 602 3600 legi,
633 3517 787 3593 Quirites:
818 3517 897 3580 nibil
926 3537 967 3579 ex
997 3517 1139 3581 omnium
1161 3518 1359 3582 saeculorum
1383 3519 1533 3582 memoria
1556 3517 1655 3586 taleae

288 3613 437 3695 cognovi:
461 3613 533 3696 qui,
556 3632 626 3674 cum
649 3613 800 3674 servitute
822 3632 1048 3695 premeremur,
1068 3614 1101 3675 in
1118 3613 1186 3676 dies
1203 3613 1319 3676 malum
1335 3621 1505 3688 cresceret,
1527 3633 1619 3698 prae·

288 3707 360 3771 sidii
382 3705 462 3768 nibil
484 3705 689 3780 haberemus,
714 3707 886 3791 ¹capitalem
909 3714 941 3770 et
963 3706 1148 3789 pestiferum
1170 3727 1189 3770 a
1211 3707 1381 3770 Brundisio
1402 3716 1469 3771 tum
1491 3707 1531 3770 ll.
1554 3708 1618 3770 An·

287 3801 365 3863 tonii
386 3799 523 3864 reditum
546 3801 745 3875 timeremus,
767 3801 827 3864 boe
850 3801 1044 3884 insperatum
1062 3801 1207 3865 omnibus
1222 3802 1400 3878 consilium,
1422 3801 1617 3884 incognitum

353 4084 376 4133 4.
395 4085 482 4131 antro
497 4093 528 4143 ες
547 4080 580 4130 cl.
594 4077 716 4130 Wunder
732 4079 766 4129 ad
784 4092 822 4130 or.
842 4079 929 4132 Plane.
949 4094 975 4146 p.
991 4082 1076 4145 ddsq.
1092 4109 1119 4120 -
1138 4079 1273 4145 possm
1293 4097 1348 4134 orn.
1368 4083 1445 4147 bgt3
1464 4085 1615 4146 quamv-

286 4158 311 4206 2.
330 4169 428 4206 mmmc
450 4159 460 4206 t
481 4181 506 4192 -
534 4155 581 4217 def.
600 4156 638 4204 ret
658 4154 755 4216 publico
775 4155 857 4217 adsue
879 4157 915 4205 V:
942 4158 1018 4219 offert
1037 4157 1075 4206 ret
1091 4171 1118 4218 p.
1137 4158 1187 4220 des.
1207 4159 1280 4221 agt3
1306 4173 1329 4208 r.
1346 4173 1373 4221 p.
1392 4160 1468 4221 effert
1483 4158 1530 4220 des.
1549 4158 1567 4208 b
1587 4185 1614 4196 —

286 4233 311 4282 3.
329 4232 499 4294 recuperande
516 4231 537 4279 V
554 4230 723 4294 (plerumque
740 4231 830 4280 tamen
847 4229 1110 4292 baceloseorum),
1132 4233 1320 4293 recuperandae
1334 4232 1456 4283 ubertatis
1470 4234 1493 4284 D
1511 4259 1539 4270 —
1557 4235 1619 4284 444444

287 4307 385 4368 quidem
402 4306 437 4354 V:
456 4306 555 4369 quidem
569 4306 631 4354 mibi
647 4304 724 4368 bgt3
743 4305 804 4354 mibi
821 4306 920 4354 coimus
937 4305 1036 4366 quidem
1052 4318 1081 4365 ες
1098 4305 1161 4354 mibi
1177 4319 1230 4356 om.
1249 4307 1311 4358 0-
1330 4306 1355 4357 l.
1373 4307 1464 4371 allow
1479 4308 1540 4358 V-
1561 4310 1619 4360 6.44

286 4385 321 4442 V,
340 4395 393 4433 om.
412 4383 434 4432 b
454 4407 481 4417 —-
502 4379 525 4429 7.
546 4379 653 4441 aarum
669 4378 707 4442 aa]
731 4379 792 4441 quin
814 4381 975 4442 (quanquam
991 4379 1023 4442 g)
1045 4381 1127 4430 adbuc
1146 4382 1221 4444 agl:
1245 4383 1359 4445 qutccd
1378 4383 1444 4434 bunc
1469 4385 1534 4434 (4444»
1550 4384 1569 4435 b
1587 4413 1615 4423 -

286 4457 310 4508 8.
329 4455 397 4505 locta
414 4455 476 4504 V·
495 4455 520 4504 9.
539 4455 760 4516 odpeVotusV-
778 4468 838 4505 oero
856 4458 958 4506 emet
975 4481 1005 4492 -
1023 4458 1064 4506 444.
1083 4457 1198 4506 crectuor
1214 4458 1249 4517 V;
1268 4459 1524 4510 erectioruerot-
1546 4459 1619 4511 illino

285 4533 377 4582 bostem
393 4531 428 4582 V:
451 4531 543 4582 bostem
564 4531 634 4581 4444444
655 4532 706 4582 Do
730 4557 757 4566 -
781 4535 851 4581 tuoto
868 4535 879 4580 4
897 4557 924 4568 -
949 4533 989 4582 44.
1008 4531 1193 4594 adprobwtstts
1208 4532 1254 4583 Va
1272 4558 1300 4568 -
1323 4545 1402 4597 oeque
1418 4535 1453 4584 V:
1476 4547 1522 4585 nec
1547 4537 1615 4586 D-
1676 4528 1677 4531 ’

288 4607 510 4668 (tutrttoeomss
534 4631 561 4642 -
589 4607 746 4657 44.44444;
772 4607 800 4656 at
823 4621 853 4665 a:
879 4606 1156 4671 btbg-comalV
1178 4633 1205 4644 -
1231 4609 1619 4673 mettani-conparaue-

285 4680 690 4743 nmtvamcrcummtt-
714 4687 835 4734 cutem.
860 4684 881 4731 V
906 4709 933 4720 -
960 4683 1086 4734 tauma
1111 4684 1134 4733 V
1160 4709 1187 4720 -
1216 4683 1616 4750 rrmqmlmqaoqt-

288 4758 328 4806 re.
345 4761 458 4806 aemam
480 4753 498 4806 b
517 4781 544 4791 —
570 4757 609 4807 44.
628 4758 741 4820 dentque]
763 4770 861 4819 qaoque
883 4760 894 4808 t
911 4784 938 4794 -
966 4759 1005 4808 44.
1024 4771 1070 4808 cos
1085 4760 1130 4820 qut
1146 4759 1224 4823 (corr.
1243 4760 1308 4824 quir)
1326 4761 1362 4821 V;
1387 4774 1481 4825 nosque
1497 4762 1568 4826 onir.
1587 4777 1616 4822 υς

285 4843 358 4894 eosq·
376 4832 426 4881 t-
445 4831 557 4893 qundV:
576 4845 633 4881 cum
649 4832 770 4894 DOtsed
788 4833 827 4883 bt
843 4834 1088 4898 conprobem·
1107 4835 1264 4897 praemis
1279 4847 1296 4898 g
1310 4863 1337 4872 -
1356 4835 1397 4886 ts.
1414 4837 1619 4901 iomon.Vt(et

286 4907 325 4957 sic
343 4909 353 4956 4
369 4905 425 4956 lere
442 4917 552 4970 semper
566 4907 719 4968 tmnortults,
738 4907 811 4972 qnod
827 4921 880 4959 non
898 4907 1011 4972 empltus
1022 4908 1213 4972 exscnbemus)
1226 4937 1254 4947 —
1271 4923 1362 4961 comeo
1378 4911 1467 4962 mute
1478 4913 1548 4962 mei:
1567 4925 1617 4962 ccc

286 4983 376 5032 ostatis
393 4981 492 5046 nllquot
509 4981 588 5033 codd.
608 4981 688 5040 dett.;
708 4985 736 5033 at
751 4997 776 5033 v.
796 4997 835 5033 or.
853 4983 923 5033 xlll.
943 4983 957 5047 5
975 4983 1016 5034 44.
1037 5010 1064 5021 -
1082 4985 1188 5034 murm
1203 4987 1269 5034 eoba
1284 4985 1366 5035 mutto
1381 4987 1404 5033 V
1423 5013 1451 5023 -
1469 4986 1510 5036 20.
1530 4987 1617 5049 044444-

286 5063 322 5107 tes
337 5069 402 5108 nos:
425 5057 470 5118 qut
485 5057 522 5116 V;
541 5058 607 5120 qnod
623 5057 656 5117 b;
676 5071 729 5108 om.
749 5060 838 5122 aglo
860 5085 887 5094 -
907 5059 1018 5108 matun
1033 5060 1275 5110 soccatomnvb²z
1294 5061 1407 5111 curatiore
1423 5061 1615 5126 stapuloncub

287 5133 345 5196 (sed
363 5147 378 5183 a
396 5134 477 5194 mont,
501 5135 513 5183 4
528 5133 638 5182 montom
658 5135 780 5183 morto
799 5133 889 5197 sins·l;
911 5135 979 5184 comt
999 5135 1140 5184 secacum
1155 5137 1176 5186 0
1193 5148 1255 5186 cum
1273 5136 1333 5187 cod.
1353 5135 1453 5197 Colat,
1479 5138 1508 5186 ut
1524 5137 1565 5186 est
1581 5133 1616 5185 de

285 5209 356 5259 Orat.
376 5211 399 5268 l,
418 5209 492 5273 5⁴6:
517 5221 550 5258 eac
571 5209 638 5258 ornat
658 5209 782 5258 monem
799 5215 924 5271 caletum,
948 5214 1087 5271 corporum
1103 5211 1155 5261 cet.
1174 5211 1215 5273 (σω
1231 5213 1299 5262 comt
1315 5211 1428 5262 emotum
1448 5224 1468 5261 e.
1488 5223 1524 5261 nr.
1544 5211 1613 5260 coni.

285 5284 407 5348 Schuetz)
422 5311 449 5322 -
468 5284 510 5335 44.
529 5297 546 5334 c
562 5284 696 5334 brundisio
713 5289 766 5337 tun
780 5284 817 5334 44.
834 5283 925 5336 Antoni
942 5283 976 5334 V:
995 5286 1195 5336 celticorum.
1213 5286 1245 5339 Ι).
