4009 6159
693 601 766 665 en.
788 602 1000 668 xus-xlv.
1028 601 1074 686 §s
1095 601 1244 668 aas-eo.
1309 681 1313 690 ¹
1577 595 1640 664 aaa

314 769 488 834 castissima
509 769 689 852 putabatur,
712 771 750 846 Q.
775 771 915 848 dandis,
936 774 1027 837 cuius
1049 775 1182 857 priscam
1203 776 1291 839 illam
1311 776 1510 840 severitatem
1533 772 1641 860 [sacri-

313 857 391 944 ficii]
412 862 545 927 mirifice
568 871 622 926 tua
644 883 735 927 soror
750 853 951 931 existimatur
964 869 1095 932 imitata.
1106 857 1214 954 (Nihil
1235 877 1267 934 te
1278 871 1375 952 igitur
1385 891 1492 954 neque
1506 873 1640 935 maiores
1666 923 1684 948 „

313 951 386 1043 tui)
403 959 563 1022 coniuncti
586 978 656 1020 cum
678 959 729 1021 his
750 959 972 1042 religionibus,
985 967 1109 1050 (neque
1131 964 1341 1028 sacerdotium
1364 966 1493 1072 ipsumg
1506 986 1570 1048 quo
1593 975 1642 1030 est
1673 948 1679 973 ⁸
1707 989 1711 995 ¹

313 1049 392 1114 baec
413 1058 480 1114 tota
502 1052 613 1135 religio
636 1053 953 1142 constituta,(neque
975 1058 1094 1120 curulis
1116 1057 1281 1139 aedilitas)
1303 1077 1384 1141 quae
1406 1079 1542 1122 maxume
1559 1059 1641 1122 banc

313 1144 396 1207 tueri
418 1145 606 1228 religionem
629 1149 711 1212 solet
722 1143 1013 1244 ,(pe1·movit,)quo
1035 1152 1140 1214 minus
1163 1151 1355 1215 castissimos
1377 1151 1470 1215 ludos
1486 1154 1572 1216 omni
1586 1155 1666 1216 lla-5

313 1239 391 1319 gitio
421 1239 599 1321 pollueres,
627 1241 782 1304 dedecoro
811 1244 1002 1317 maculatae,
1034 1245 1153 1308 scelere
1183 1245 1361 1326 obligarest
1404 1243 1456 1308 28.
1479 1246 1542 1310 Sed
1565 1246 1641 1330 quid

1741 1143 1849 1222 «2²⁴

313 1350 371 1414 ego
392 1333 424 1396 id
446 1333 606 1398 admiror?
637 1337 692 1418 qui
715 1343 844 1418 accepta
866 1339 1002 1419 pecunia
1023 1340 1244 1402 Pessinuntem
1266 1341 1385 1423 ipsum,
1411 1340 1519 1430 sedem
1542 1341 1642 1404 domi·
1721 1369 1731 1436 q
1786 1333 1810 1394 ι(

313 1427 485 1511 ciliumque
506 1431 614 1493 blattis
636 1429 784 1504 deorum,
807 1432 940 1494 vastaris
963 1440 994 1495 et
1015 1434 1179 1515 Brogitaro
1200 1433 1422 1516 Gallograeco,
1444 1435 1569 1518 impuro
1583 1435 1641 1498 ho-
1724 1439 1730 1461 ¹

312 1521 390 1584 mini
418 1541 454 1584 ac
480 1522 618 1597 nefario,
648 1525 739 1587 cuius
767 1525 861 1606 legati
893 1533 924 1588 te
946 1528 1074 1590 tribuno
1095 1526 1238 1590 dividere
1261 1528 1294 1588 in
1317 1528 1395 1590 aede
1420 1529 1557 1592 Castoris
1578 1529 1641 1593 tuis

312 1615 417 1696 operis
438 1637 585 1686 nummos
607 1618 771 1692 solebant,
805 1627 905 1682 totum
928 1621 1019 1684 illum
1041 1621 1146 1686 locum
1167 1621 1339 1704 fanumque
1360 1622 1561 1686 vendideris?
1592 1643 1641 1685 sa·
1650 1639 1678 1682 so

313 1709 473 1773 cerdotcm
494 1711 534 1774 ab
556 1711 635 1794 ipsis
657 1713 721 1774 aris
743 1713 1025 1797 pulvinaribusque
1047 1715 1245 1777 detraxeris?
1268 1717 1373 1778 omnia
1394 1715 1464 1788 illa,
1488 1735 1571 1799 quae
1587 1738 1642 1780 ve-

313 1809 427 1878 tustas,
451 1823 533 1888 quae
555 1806 691 1880 Persae,
714 1826 798 1890 quae
814 1807 905 1890 Syri,
928 1828 1012 1892 quae
1026 1829 1118 1891 reges
1133 1829 1254 1882 omnes,
1277 1811 1333 1893 qui
1346 1809 1506 1892 Europam
1521 1811 1642 1875 Asiam-

313 1919 376 1980 que
395 1906 590 1988 )enuerunt,
620 1919 746 1983 semper
776 1921 897 1964 summa
924 1901 1080 1983 religione
1109 1902 1291 1978 coluerunt,
1317 1903 1529 1984 perverteris?
1559 1923 1641 1986 quae

312 1991 452 2074 denique
478 1994 579 2056 noshi
610 1994 746 2056 maiores
771 2003 831 2057 um
854 2003 962 2058 sancta
985 1996 1159 2071 duxerunt,
1189 2004 1241 2070 ut,
1272 2017 1342 2059 curn
1363 1996 1510 2060 refertam
1531 1998 1641 2060 urbem

312 2093 410 2168 atque
431 2086 554 2150 ltaliam
576 2088 724 2151 fanorum
746 2088 953 2161 haberemus,
977 2096 1083 2152 tamen
1105 2089 1206 2152 nostri
1228 2091 1435 2171 imperatores
1450 2091 1594 2154 maximis
1610 2099 1679 2156 etse

313 2179 589 2260 periculosissimis
610 2183 704 2246 bellis
727 2183 801 2246 huie
824 2183 902 2246 deae
923 2190 997 2246 vota
1022 2182 1165 2247 iacerent
1184 2203 1285 2267 eaque
1307 2185 1432 2267 inipso
1453 2186 1642 2253 Pessinunte

312 2273 352 2336 ad
380 2273 467 2340 illam
495 2277 598 2359 ipsam
627 2277 803 2362 principem
832 2295 918 2340 aram
948 2283 980 2338 et
1007 2278 1042 2340 in
1069 2277 1125 2339 illo
1155 2278 1223 2342 loco
1254 2277 1391 2361 fanoque
1414 2279 1640 2362 persolverent.

312 2363 364 2429 29.
387 2367 481 2443 Quod
504 2389 576 2434 cum
597 2370 764 2434 Deiotarus
787 2370 941 2458 religione
963 2389 1021 2434 sua
1042 2370 1218 2435 castissime
1238 2378 1397 2449 tueretur,
1422 2393 1523 2456 quem
1543 2394 1642 2438 unum

312 2460 466 2527 habemus
487 2464 522 2528 in
538 2465 615 2528 orbe
637 2471 789 2529 terranem
804 2463 1023 2528 fidelissimum
1037 2465 1113 2529 huic
1133 2466 1268 2550 imperio
1283 2475 1378 2550 atque
1392 2469 1642 2535 amantissimum

311 2557 412 2620 uoshi
442 2557 597 2633 nominis,
631 2559 812 2642 Brogitaro,
843 2565 879 2622 ut
907 2567 980 2622 ante
1009 2560 1093 2634 dixi,
1124 2558 1286 2624 addictum
1314 2562 1450 2644 pecunia
1475 2562 1679 2626 tradidistiao

311 2651 415 2732 Atque
442 2650 530 2716 hunc
560 2660 667 2716 tamen
695 2653 896 2728 Deiotarum,
927 2673 1022 2735 saepe
1050 2673 1069 2716 a
1096 2663 1208 2718 senatu
1236 2655 1334 2737 regali
1359 2657 1489 2723 nomine
1511 2657 1640 2740 dignum

312 2745 545 2821 existimatum,
575 2747 820 2812 clarissimorum
851 2749 1075 2830 imperatorum
1096 2748 1286 2814 testimoniis
1308 2756 1468 2825 ornatum,
1491 2758 1525 2814 tu
1547 2753 1641 2819 etiam

311 2855 417 2918 regem
439 2840 593 2922 appellari
617 2862 690 2904 cum
711 2841 876 2924 Brogitaro
898 2842 998 2905 iubes.
1036 2841 1099 2905 Sed
1120 2843 1201 2907 alter
1222 2852 1271 2908 est
1290 2863 1348 2906 rer
1369 2845 1489 2910 iudicio
1511 2854 1641 2910 senatus

312 2950 368 3013 per
396 2952 472 3007 nos,
501 2935 637 3016 pecunia
664 2935 847 3017 Brogitarus
876 2956 933 3019 per
954 2943 986 3000 te
1008 2936 1202 3018 appellatus:
1230 2938 1364 3002 alterum
1385 2938 1503 3021 putabo
1523 2959 1641 3022 regem,

313 3026 339 3089 si
359 3025 519 3101 babuerit,
541 3027 627 3094 unde
651 3028 707 3091 tibi
730 3029 849 3103 solvat,
876 3030 962 3113 quod
986 3031 1015 3093 ei
1037 3050 1094 3114 per
1114 3030 1326 3114 syngrapham
1347 3031 1519 3096 credidisti.
1561 3036 1678 3097 Names

313 3139 383 3184 cum
404 3120 503 3192 multa
524 3123 611 3204 regia
632 3131 707 3185 sunt
728 3125 760 3186 in
778 3124 947 3197 Deiotaro,
971 3131 1038 3186 tum
1059 3123 1114 3186 illa
1129 3125 1275 3198 maxime,
1297 3124 1384 3208 quod
1407 3126 1464 3188 tibi
1479 3145 1640 3194 nummum

313 3213 435 3278 nullum
458 3215 561 3288 dedit,
585 3217 670 3300 quod
693 3208 762 3282 eam
785 3226 907 3301 partem
928 3217 1007 3301 legis
1030 3226 1113 3293 tuae,
1132 3238 1214 3302 quae
1229 3219 1422 3300 congruebat
1435 3240 1506 3284 cum
1521 3219 1640 3284 iudicio

312 3315 458 3384 senatus,
479 3317 516 3372 ut
538 3309 607 3392 ipse
630 3331 686 3374 rex
709 3319 809 3386 esset,
830 3332 895 3374 non
919 3313 1106 3395 repudiavit,
1129 3311 1216 3395 quod
1230 3313 1452 3376 Pessinuntem
1466 3333 1524 3395 per
1536 3315 1640 3380 scelus

312 3424 331 3466 a
351 3411 382 3468 te
402 3405 553 3469 violatum
576 3411 609 3468 et
629 3405 792 3468 sacerdote
814 3407 976 3488 sacrisque
997 3406 1164 3490 spoliatum
1181 3409 1388 3489 recuperavit,
1407 3409 1490 3472 utin
1506 3409 1640 3491 pristina

311 3500 465 3581 religione
487 3507 644 3572 servaret,
667 3500 754 3583 quod
776 3500 983 3563 caerimonias
1006 3501 1045 3563 ab
1068 3501 1154 3564 omni
1177 3509 1333 3566 vetustate
1354 3509 1499 3584 acceptas
1522 3523 1541 3566 a
1560 3506 1676 3572 Bru-ao

310 3594 409 3676 gitaro
430 3591 532 3675 pollui
552 3613 618 3656 non
640 3593 716 3656 sinit
737 3592 919 3675 mavultque
942 3611 1092 3674 generum
1114 3616 1207 3659 suum
1227 3615 1358 3660 munere
1378 3603 1433 3660 tuo
1448 3598 1638 3679 quamillud

309 3687 416 3752 lanum
437 3686 627 3769 antiquitate
648 3685 811 3769 religionis
834 3705 950 3749 carere.
981 3688 1044 3750 Sed
1066 3695 1101 3750 ut
1122 3688 1162 3751 ad
1176 3689 1255 3752 baec
1267 3689 1471 3772 haruspicum
1484 3711 1637 3774 responsa

310 3782 454 3856 redeam,
478 3800 518 3842 ex
541 3779 657 3862 quibus
680 3787 729 3843 est
749 3780 886 3862 primum
909 3779 949 3843 de
971 3780 1066 3854 ludis,
1088 3783 1160 3864 quis
1182 3791 1240 3858 est,
1262 3783 1372 3867 quiid
1394 3805 1460 3848 non
1480 3794 1582 3851 totum
1604 3788 1635 3848 in

309 3874 402 3939 istius
423 3874 518 3936 ludos
540 3873 737 3955 praedictum
760 3880 792 3936 et
813 3893 1001 3956 responsum
1024 3894 1095 3938 esse
1116 3876 1275 3940 fateatur?

392 3968 477 4032 XIV.
492 3962 544 4029 30.
564 3967 717 4052 Sequitur
738 3966 778 4031 de
799 3967 878 4031 locis
902 3969 998 4032 sacris
1020 3969 1186 4052 religiosis.
1222 3971 1249 4034 0
1263 3972 1493 4055 impudentiam
1508 3975 1617 4036 miram
1627 3974 1634 4034 l
1645 3997 1673 4042 35

310 4063 350 4136 de
377 4083 449 4130 mea
478 4061 572 4125 domo
602 4059 708 4126 dicere
734 4061 855 4126 audes?
890 4061 1057 4126 Committe
1085 4064 1136 4126 vel
1164 4063 1345 4129 consulibus
1368 4067 1418 4130 vel
1441 4069 1564 4131 senatui
1586 4069 1636 4130 vel

310 4157 445 4241 collegio
474 4151 660 4240 pontificum
688 4165 783 4220 tuam.
822 4158 869 4220 Ac
896 4177 967 4221 mea
988 4151 1117 4240 quidem
1137 4157 1187 4225 his
1208 4159 1308 4222 tribus
1331 4161 1479 4224 omnibus
1500 4162 1635 4236 iudiciis,
1719 4157 1722 4161 ’

309 4256 345 4314 ut
366 4249 434 4316 dixi
456 4258 567 4326 antea,
597 4249 731 4314 liberata
752 4258 809 4314 est.
841 4253 883 4314 ht
903 4253 936 4314 in
957 4252 995 4314 iis
1015 4252 1165 4327 aedibus,
1196 4273 1275 4338 quas
1296 4261 1332 4318 tu
1355 4256 1393 4331 0.
1416 4256 1506 4332 Seio,
1528 4257 1635 4340 equite

373 4562 398 4611 l.
418 4558 458 4625 0.]
476 4559 579 4622 wacta
594 4564 638 4622 P¹;
655 4562 745 4623 quem
760 4559 819 4613 P¹G
832 4587 859 4597 —
878 4561 996 4626 marthii
1013 4560 1157 4613 delendum
1168 4563 1273 4614 censuit
1282 4564 1428 4616 Ernestius.
1443 4587 1470 4600 -
1490 4566 1515 4616 i.
1526 4567 1635 4630 mirifica

309 4631 1635 4704 c-a.eo]ttss-s.psmoumcr¹-s.uaemr-s.c1me¹-e.cssssupus--

306 4721 420 4761 masos
433 4709 546 4762 susam
561 4721 615 4760 orn.
633 4711 659 4762 ll
677 4736 705 4747 -
723 4711 799 4775 kgatt
815 4716 839 4761 te
854 4714 897 4762 Pa:
917 4713 996 4776 lepcte
1012 4713 1099 4765 ΜΕ
1117 4741 1145 4752 -·
1165 4716 1206 4766 to.
1223 4713 1351 4767 smerdes&
1367 4714 1393 4780 (ὅ
1410 4717 1435 4766 in
1453 4716 1554 4778 rasura)
1571 4721 1632 4768 P—

307 4784 692 4836 eteuuacmmtnao-
713 4785 1636 4854 ta.smso:surt1³;ssrsrtsst-astcmsuropamquoe;astr

306 4871 450 4924 wopoqaa
465 4861 485 4912 E
503 4887 527 4896 -
551 4861 591 4911 t‘l.
608 4860 773 4922 persolverint
789 4865 808 4914 P
827 4887 854 4897 -
873 4859 914 4912 tl.
930 4875 978 4924 per
993 4877 1039 4914 cos
1054 4877 1109 4915 om.
1128 4865 1177 4915 GE
1196 4891 1222 4902 -
1247 4867 1299 4916 Aut
1314 4868 1375 4916 ante
1392 4879 1418 4916 v.
1437 4867 1544 4917 msera
1561 4869 1635 4929 (Bro-

308 4933 428 4998 gitarum)
445 4935 580 4999 quaedam
597 4935 631 4986 de
647 4935 771 4987 Deiotaro
789 4937 959 5000 exciderunt,
977 4941 1024 4989 aut
1036 4953 1075 4989 vv.
1085 4941 1194 5002 promto
1208 4941 1239 4990 B.
1254 4953 1302 5004 per
1318 4946 1342 4991 te
1357 4953 1419 4992 cum
1430 4941 1569 4994 Schuetzto
1586 4941 1636 4991 de-

306 5005 467 5062 laudarunt.
482 5035 509 5046 -
528 5012 570 5062 tt.
588 5011 621 5073 et]
637 5011 648 5060 t
662 5011 689 5062 in
706 5023 800 5062 rasura
817 5011 900 5064 babet
915 5015 934 5064 P
948 5039 975 5051 -
994 5014 1159 5079 wachna
1174 5016 1264 5065 PG-
1282 5015 1325 5067 26.
1342 5016 1384 5066 tlte
1400 5016 1449 5066 GE
1463 5043 1490 5053 -
1508 5017 1550 5067 27.
1568 5017 1635 5082 aas]

306 5083 436 5148 manen
455 5109 482 5121 ·-
501 5085 542 5136 at.
561 5086 809 5148 mouquwPG—
829 5088 871 5139 32.
889 5089 1035 5152 meapham
1051 5091 1114 5138 G-
1132 5088 1172 5140 at.
1190 5089 1350 5153 tsttuslstin
1366 5103 1459 5142 rasura
1475 5090 1635 5143 habeti>—

307 5157 746 5224 asmsuoasmompsrsutam
763 5163 812 5214 GE
831 5187 859 5200 -·
878 5162 920 5214 37.
939 5163 1498 5227 tuamdcltaenocGE-tudtctsP-
1517 5165 1638 5216 tetthe-

306 5238 378 5294 rcatl
389 5269 424 5299 ..a
440 5235 517 5287 affluis
532 5235 634 5289 caea
650 5237 700 5302 (ast
717 5239 790 5290 extra
808 5251 917 5290 versum
935 5250 990 5290 sac.
1004 5251 1052 5300 m..
1070 5239 1150 5291 etiam
1162 5253 1180 5290 c
1190 5253 1260 5304 quae
1273 5241 1401 5306 sequitur)
1413 5244 1447 5301 1³3
1464 5239 1638 5292 mamacas

307 5305 806 5375 mammotrectus
825 5339 853 5354 -
872 5312 1239 5378 olestmsapusccm.
