4009 6159
674 583 749 649 cn.
770 583 915 647 n-ur.
941 580 988 667 §s
1010 575 1199 646 too-ua.
1543 568 1607 635 ece

364 754 415 815 Ll.
445 748 516 815 ios.
544 753 647 817 Venio
676 752 717 816 ad
743 751 870 818 comitia
898 753 965 815 siva
994 752 1234 834 magistratuum
1262 751 1367 834 placet
1395 750 1462 812 sive
1488 747 1605 828 legum.

276 848 380 929 Leges
408 846 550 911 videmus
577 867 672 931 saepe
693 848 768 911 ferri
790 848 915 911 multas.
949 846 1067 909 Omitto
1090 866 1160 920 eas,
1190 866 1273 929 quae
1294 844 1438 908 feruntur
1458 842 1519 915 ita,
1550 839 1606 901 vix

277 950 316 1005 ut
335 943 427 1026 quini
449 948 481 1004 et
502 942 525 1003 ii
547 962 587 1005 ex
608 942 711 1006 aliena
734 942 827 1016 tribu,
847 941 902 1026 qui
918 940 1103 1023 suffragium
1117 939 1229 1014 ierant,
1251 940 1459 1024 reperiantur.
1480 935 1528 999 Dc
1543 953 1606 1007 me,

277 1056 374 1119 quem
404 1041 573 1120 tyranuum
603 1046 698 1121 atque
726 1046 903 1119 ereptorem
932 1035 1087 1098 libertatis
1115 1054 1186 1097 esse
1215 1032 1339 1096 dicebat
1367 1031 1423 1094 illa
1443 1029 1538 1092 ruina
1558 1026 1605 1090 rei

276 1130 440 1212 publicae,
463 1130 539 1194 dicit
560 1152 594 1195 se
618 1132 716 1215 legem
739 1131 860 1195 tulisse.
897 1130 978 1207 Quis
1000 1130 1126 1212 estqui
1148 1148 1197 1201 se,
1225 1148 1296 1190 cum
1320 1133 1429 1190 contra
1450 1144 1501 1187 mc
1523 1122 1629 1187 lere-o

277 1224 386 1299 batur,
409 1225 508 1289 inisse
529 1228 712 1310 suffragium
729 1222 936 1289 confiteatur‘i
960 1224 1038 1288 Cum
1054 1231 1158 1287 autem
1175 1222 1214 1284 de
1229 1242 1280 1285 me
1294 1222 1406 1284 eodem
1421 1241 1463 1284 ex
1476 1225 1605 1285 senatus

275 1319 422 1383 consulto
450 1320 588 1383 comitiis
619 1321 803 1384 centuriatis
829 1319 1005 1391 terebatur,
1033 1320 1105 1402 quis
1133 1319 1259 1399 estqui
1280 1336 1344 1378 non
1365 1312 1548 1399 profiteatur
1569 1332 1606 1375 se

274 1411 418 1475 adfuisse
440 1420 472 1476 et
493 1416 677 1498 suffragium
700 1415 739 1478 de
762 1415 864 1478 salute
886 1434 956 1477 maa
979 1413 1113 1477 tulisset
1135 1412 1212 1475 lltra
1225 1411 1322 1494 igitur
1335 1430 1431 1474 causa
1444 1407 1607 1493 popularis

275 1506 372 1570 dabat
395 1507 509 1571 udam:
540 1510 573 1571 in
596 1529 660 1593 qua
682 1529 793 1572 omnes
814 1509 998 1572 honestates
1020 1506 1174 1581 civitatis,
1206 1524 1316 1568 omnes
1338 1511 1474 1578 aetates,
1496 1520 1606 1566 omnes
1735 1581 1741 1592 .

276 1598 407 1663 ordinas
430 1622 492 1665 una
513 1604 739 1669 consentiunt?
762 1622 803 1667 an
824 1604 858 1665 iu
881 1622 945 1686 qua
967 1601 1068 1664 iuriae
1089 1602 1263 1665 concitatae
1280 1608 1441 1683 tamquam
1456 1599 1497 1662 ad
1511 1597 1607 1661 funus
1618 1608 1646 1655 to
1724 1631 1730 1646 =

275 1694 324 1755 rai
355 1694 501 1776 publicae
532 1698 725 1762 consolanti
763 1692 834 1760 tiu.
857 1699 905 1759 An
927 1696 1030 1759 sicubi
1051 1694 1153 1758 aderit
1174 1695 1312 1769 Gellius,
1340 1695 1436 1758 homo
1458 1699 1492 1755 et
1510 1689 1607 1753 tratre
1731 1684 1759 1750 ί

273 1787 444 1870 indignus,
466 1791 534 1855 viro
556 1792 730 1857 clarissimo
749 1800 845 1876 atque
860 1790 979 1875 optimo
994 1789 1141 1879 consule,
1164 1797 1197 1852 et
1210 1788 1322 1852 ordine
1337 1774 1496 1872 equestri,
1517 1786 1608 1848 cuius
1665 1737 1677 1849 l
1708 1773 1739 1809 '³

272 1880 330 1944 illa
353 1883 473 1947 ordinis
494 1904 610 1949 nomen
633 1887 764 1961 retinet,
787 1892 970 1948 ornamenta
992 1877 1146 1957 coniecit,
1167 1883 1201 1945 id
1223 1883 1284 1946 erit
1302 1881 1532 1967 popularet-
1552 1878 1610 1941 list

273 1975 361 2038 enim
384 1976 479 2040 bomo
502 1979 562 2043 iste
584 1981 704 2065 populo
726 1982 868 2045 Romano
890 1978 1027 2041 deditus.
1044 2010 1087 2023 -
1107 1977 1194 2040 Nihil
1215 1976 1280 2042 vidi
1302 1977 1418 2059 magis:
1441 1974 1514 2057 qui,
1536 1992 1608 2036 cum

273 2069 348 2133 eius
369 2069 585 2136 adolescentia
606 2074 639 2136 in
661 2073 862 2158 amplissimis
883 2072 1059 2135 bonoribus
1074 2072 1190 2134 summi
1206 2072 1277 2145 riri,
1292 2072 1326 2134 L.
1342 2068 1480 2152 Philippi
1495 2065 1608 2157 vitrici,
1619 2080 1648 2126 aa
1705 2131 1715 2151 .

272 2165 391 2227 llorere
413 2166 585 2249 potuisset,
613 2187 717 2251 usque
739 2187 778 2230 eo
800 2187 865 2230 uon
887 2167 947 2231 fuit
967 2165 1145 2249 popularis,
1167 2174 1203 2229 ut
1223 2167 1309 2229 bona
1329 2163 1418 2228 solus
1441 2166 1606 2225 comesset

271 2257 397 2322 Deinde
425 2279 466 2322 ex
495 2261 619 2343 impuro
641 2261 841 2325 adolescente
865 2270 896 2324 et
917 2260 1096 2345 petulante,
1123 2267 1332 2344 posteaquam
1355 2278 1422 2321 rem
1443 2263 1607 2340 paternam

271 2350 314 2415 ab
337 2351 505 2416 idiotarum
527 2355 646 2418 divitiis
668 2354 707 2418 ad
730 2354 994 2439 philosophorum
1016 2353 1158 2436 regulam
1180 2353 1346 2436 perduxit,
1369 2350 1559 2416 Graeculum
1574 2369 1609 2412 se

272 2453 372 2529 atque
399 2448 536 2510 otiosum
557 2450 660 2530 putari
681 2449 796 2524 voluit,
826 2447 931 2512 studio
959 2448 1136 2511 litterarum
1157 2468 1194 2509 se
1217 2447 1322 2511 subito
1346 2446 1477 2510 dedidit.
1521 2444 1607 2509 Nihil

271 2539 296 2619 †
319 2548 446 2603 saneate
469 2538 632 2625 [iuvabant
653 2539 874 2625 anagnostae,]
898 2541 1011 2616 libelli,
1038 2561 1096 2624 pro
1119 2542 1194 2605 rino
1216 2542 1312 2604 etiam
1334 2560 1429 2625 saepe
1452 2540 1646 2623 uppigas-ao

270 2634 442 2710 rabautur3
465 2636 611 2699 manebat
628 2637 833 2700 insaturabile
847 2636 1020 2709 abdomen,
1044 2636 1153 2718 copiae
1169 2632 1367 2698 deficiebant.
1399 2635 1511 2717 ltaque
1525 2653 1607 2697 sem·

270 2748 331 2811 per
354 2728 536 2792 versabatur
556 2730 590 2792 in
613 2751 669 2814 spe
692 2750 796 2795 rerum
819 2750 989 2795 novarum:
1013 2730 1078 2794 otio
1094 2738 1127 2793 et
1146 2713 1377 2813 tranquillitate
1393 2730 1439 2793 rei
1462 2727 1608 2811 publicae

270 2822 531 2886 consenescebat.
575 2824 640 2887 Lll.
662 2826 789 2910 Ecquae
811 2824 927 2890 seditio
942 2845 1094 2908 umquam
1116 2824 1190 2898 luit,
1213 2824 1247 2887 in
1269 2843 1334 2907 qua
1355 2844 1420 2888 non
1441 2822 1497 2885 ille
1518 2821 1607 2904 prin-

270 2919 372 2999 cepsi
395 2918 488 3000 ecqui
509 2918 694 2993 seditiosus,
717 2919 767 2982 cui
790 2920 843 2983 ille
866 2938 933 2983 non
946 2918 1132 2982 familiaris?
1153 2938 1273 3002 ecquae
1289 2917 1472 2981 turbulenta
1485 2916 1606 2989 contio,

270 3011 364 3075 cuius
392 3010 447 3073 ille
478 3030 544 3074 non
574 3014 770 3077 concitator‘i
800 3015 850 3078 cui
878 3014 960 3076 bene
982 3012 1064 3077 dixit
1085 3031 1232 3095 umquam
1254 3012 1367 3075 bonci
1396 3012 1479 3076 benc
1501 3009 1646 3074 diuitias

269 3105 368 3168 immo
398 3122 492 3187 quem
517 3105 630 3170 tortam
653 3114 685 3169 et
713 3106 831 3170 bonum
854 3108 954 3171 civem
976 3126 1042 3169 non
1063 3105 1317 3188 petulantissime
1339 3113 1388 3169 est
1408 3106 1607 3169 insectatus?

270 3199 346 3283 qni,
373 3205 411 3261 ut
432 3197 546 3273 credo,
574 3220 640 3263 non
662 3200 804 3265 libidinis
826 3220 937 3275 causa,
966 3200 1023 3264 sed
1044 3208 1080 3263 ut
1101 3199 1260 3284 plebicola
1280 3200 1454 3276 videretur,
1487 3200 1608 3264 liberti·

268 3312 345 3356 nam
367 3292 459 3356 duxit
480 3313 621 3357 uxorem.
659 3289 731 3359 iti.
754 3296 784 3357 ls
806 3294 846 3359 de
869 3315 919 3359 me
942 3295 1125 3377 suffragium
1148 3294 1239 3369 tulit,
1270 3294 1299 3359 is
1320 3294 1440 3371 adfuit,
1462 3295 1489 3358 is
1510 3293 1608 3357 inter-

268 3386 332 3450 luit
354 3386 458 3469 epulis
481 3396 513 3450 et
534 3388 801 3471 gratulationibus
824 3388 1050 3475 parricidarum
1065 3420 1106 3435 ·-
1122 3390 1154 3452 in
1171 3409 1236 3472 quo
1258 3398 1364 3453 tamen
1380 3396 1429 3453 est
1444 3408 1495 3452 me
1510 3389 1605 3464 ultus,

269 3500 343 3545 cum
365 3482 422 3544 illo
445 3500 500 3545 ora
522 3482 666 3547 inimicos
689 3490 738 3546 cst
758 3504 845 3547 meos
867 3485 1007 3549 saviatus
1028 3516 1088 3557 -,
1122 3485 1179 3567 qui
1203 3484 1294 3568 quasi
1316 3504 1386 3548 mea
1408 3484 1502 3568 eulpa
1521 3482 1646 3547 bonaso

1200 3630 1290 3637 m.-
1444 3630 1510 3637 .-—-
1532 3630 1603 3640 ...-

335 3715 359 3765 3.
379 3720 402 3765 ct
419 3715 438 3766 ii
454 3729 487 3767 ec
504 3716 588 3767 otioso
604 3719 652 3767 PG
670 3718 727 3783 ised
746 3718 828 3769 habet
844 3721 863 3770 P
874 3723 897 3769 at
914 3718 933 3769 ii
949 3719 975 3768 in
993 3718 1053 3769 ioco
1066 3718 1168 3779 eraso):
1187 3724 1210 3769 st
1226 3719 1252 3769 bi
1262 3732 1295 3769 aa
1306 3719 1358 3769 tare
1370 3720 1390 3769 0
1403 3730 1466 3769 cum
1478 3718 1603 3782 ilervag.;

267 3792 294 3841 at
311 3804 337 3840 v.
356 3788 444 3841 liadr.
461 3804 488 3855 p.
508 3790 569 3852 i88‚
597 3804 679 3856 quem
694 3807 721 3843 v.
740 3792 805 3844 ibid.
823 3793 858 3843 da
881 3792 994 3843 lectione
1017 3794 1146 3858 proxima.
1173 3820 1200 3830 -
1229 3792 1253 3845 l.
1271 3794 1317 3844 uta
1333 3796 1399 3844 Pu:
1425 3794 1454 3843 io
1473 3793 1519 3844 ilio
1535 3795 1556 3845 0
1575 3822 1603 3832 -

266 3868 291 3917 5.
311 3866 375 3915 dicat
390 3867 441 3916 PG
460 3892 487 3904 -
510 3866 535 3916 9.
553 3866 668 3918 auitam
684 3865 714 3919 (ἃι
733 3896 760 3907 -
780 3870 821 3919 iii.
840 3874 962 3931 tuaquom
978 3872 997 3921 P
1015 3868 1042 3919 h.
1061 3868 1078 3919 l.
1099 3896 1127 3905 —
1148 3872 1188 3920 ii.
1206 3868 1433 3933 m--hdtpsisr
1449 3869 1504 3933 (sic)
1523 3868 1604 3921 habet

267 3943 289 3991 Α
309 3967 337 3977 -
357 3940 398 3991 is.
416 3945 517 4003 optione
533 3944 583 3993 PG
603 3968 628 3979 -
653 3944 693 3992 ib.
713 3943 881 3994 accaronita
897 3945 916 3993 P
936 3970 962 3980 -
982 3945 1023 3994 to.
1041 3958 1119 4006 reque
1134 3958 1163 3995 ao
1182 3945 1231 4007 tiait
1244 3945 1377 4007 populosis
1393 3943 1499 4008 biaebly
1516 3958 1542 4010 p.
1561 3944 1603 4009 is,

267 4014 438 4078 negationem
456 4028 470 4065 a
489 4015 616 4068 Pabesse
633 4018 764 4082 opinatus.
775 4044 809 4054 -
826 4019 866 4067 ⁴7.
885 4018 977 4081 inpuro
993 4017 1062 4067 adul.
1076 4020 1096 4068 Ρ
1111 4045 1138 4055 -
1158 4018 1198 4069 t8.
1216 4019 1326 4084 apulum
1337 4021 1367 4070 C.
1382 4020 1422 4071 Fr.
1436 4021 1604 4072 Hermannus

268 4092 294 4141 iu
312 4090 375 4141 Nou.
394 4093 459 4141 sios.
478 4093 552 4143 liban.
567 4092 649 4155 (tuis)
667 4094 702 4153 11,
723 4106 749 4158 p.
763 4093 824 4154 ὅ80;
842 4094 977 4157 perpulcra
994 4092 1243 4157 sementemque,
1261 4109 1315 4145 rem
1330 4097 1393 4160 quia
1403 4094 1509 4160 hiaebly
1525 4111 1551 4163 p.
1564 4098 1606 4148 so.

270 4192 297 4203 -
311 4164 352 4214 is.
370 4165 436 4215 dedii
453 4168 515 4216 G-
534 4168 567 4217 hb
594 4173 697 4237 scaccis
714 4171 784 4231 tante
802 4174 811 4218 t
828 4168 909 4220 altera
928 4174 937 4218 t
953 4182 1013 4233 sup.
1033 4166 1089 4231 lin.)
1106 4169 1181 4219 libelii
1197 4171 1216 4219 Ρ
1235 4171 1328 4235 (super
1344 4169 1388 4221 iin.
1402 4174 1444 4222 est
1461 4174 1522 4222 ante
1533 4172 1608 4223 tiballi

268 4242 335 4291 mh
353 4242 517 4293 recentiore:
537 4242 659 4294 iuuabunt
676 4246 870 4309 caeopuostcsi:
897 4257 958 4296 suus
974 4248 1026 4294 otte
1045 4244 1170 4295 mabam
1186 4257 1345 4309 aunpuoacoa
1361 4246 1435 4297 tiballi
1452 4250 1487 4306 G;
1511 4252 1606 4312 isaeus

266 4316 339 4367 Attus
355 4316 492 4377 iactabant·
509 4324 675 4382 anapaestus,
699 4320 773 4370 libelii
790 4322 818 4370 0.
846 4321 1021 4371 Coniecturae
1037 4318 1156 4370 virorum
1174 4320 1330 4382 doctorum,
1355 4320 1453 4386 quibus
1470 4337 1524 4374 non
1541 4327 1602 4375 nota

268 4394 327 4441 arat
349 4390 399 4442 nisi
417 4389 496 4443 lectio
513 4393 669 4458 interpolata
687 4394 765 4457 (coni.
786 4406 854 4459 quae
872 4396 962 4445 monui
979 4396 1007 4445 in
1024 4396 1055 4444 N.
1074 4395 1140 4445 lius.
1160 4394 1242 4445 iihen.
1261 4396 1307 4457 ix,
1325 4409 1352 4461 p.
1373 4394 1443 4459 3³8),
1471 4402 1607 4450 recensuit

268 4466 297 4517 C.
317 4466 358 4516 Fr.
378 4466 545 4517 hermannus
562 4466 578 4517 1.
597 4480 620 4517 e.
640 4482 700 4533 pag.
713 4470 761 4519 577
774 4481 845 4533 sqq..
864 4469 909 4533 qui
927 4470 984 4533 ipse
1002 4469 1131 4519 coniecit:
1148 4470 1211 4519 sibit
1226 4472 1385 4521 sanctitatae
1401 4473 1526 4524 iuuabunt
1541 4486 1608 4523 ouo-

265 4542 449 4605 pacauerat..
469 4542 573 4606 laepius
591 4545 695 4593 autem:
714 4544 776 4594 uitii
792 4557 852 4593 sone
868 4544 902 4593 od
918 4545 978 4594 besa
994 4542 1115 4594 iuuabunt
1131 4556 1225 4608 caepta
1245 4548 1310 4607 cet,
1328 4548 1482 4612 nuperrime
1500 4551 1606 4614 iiaehly

265 4629 291 4681 p.
305 4616 337 4667 50
354 4627 396 4679 sq.
416 4615 489 4677 (laiso
507 4614 549 4667 ille
567 4620 640 4669 ratus
658 4619 684 4668 in
700 4620 792 4668 vetera
810 4619 965 4670 Parisiensis
982 4620 1114 4683 scriptura
1132 4631 1193 4670 asse
1210 4618 1356 4684 lacunami:
1378 4616 1441 4673 siau
1460 4626 1608 4676 amianton

266 4690 387 4741 sumant
410 4704 504 4754 ossen
524 4695 575 4743 cet.
604 4694 688 4743 immo
711 4691 775 4743 latet
792 4694 818 4743 in
835 4697 961 4760 corrupto
978 4699 1099 4744 scomma
1114 4692 1222 4758 aliquod
1237 4695 1366 4759 verbum,
1393 4700 1466 4764 quod
1482 4701 1607 4752 mebant

266 4766 402 4831 (maehum
417 4765 484 4830 aaa)
501 4764 543 4817 vei
560 4765 645 4819 simile
657 4768 763 4819 videtur
780 4768 870 4819 luisse.
895 4772 978 4820 Acuta
996 4772 1086 4819 tamen
1104 4772 1173 4821 coni.
1191 4769 1324 4834 Koechly:
1342 4773 1405 4822 attii
1422 4786 1483 4825 suaa
1499 4776 1533 4825 ad
1549 4790 1606 4827 eun

266 4842 357 4901 bosut·
372 4854 421 4905 pro
436 4843 495 4892 cino
512 4846 565 4893 cet.
586 4871 613 4880 -
630 4856 678 4906 pro
693 4846 752 4893 uino
769 4845 845 4895 aium
861 4846 925 4895 PG:
951 4846 1029 4896 etium
1042 4860 1091 4909 pro
1106 4848 1165 4899 uiuo
1182 4849 1229 4898 SO
1248 4876 1276 4886 -
1294 4850 1336 4900 22.
1354 4852 1522 4908 amabatur
1538 4856 1558 4905 P
1576 4880 1603 4890 —

266 4919 526 4979 inspersnannou.
545 4918 1060 4983 PG:turcnauoov.coqttatiouccO
1079 4951 1106 4960 -
1131 4924 1454 4989 satoquomttuo-
1473 4926 1604 4991 atomus

268 4994 301 5042 P:
320 4993 388 5055 equi
404 4994 466 5042 G-
485 4994 544 5055 quoi
561 4993 602 5053 1¹²;
621 5006 670 5055 qao
687 4993 746 5044 P¹G
765 5020 792 5029 -
810 4996 936 5059 foediori
952 4998 973 5046 G
989 5024 1022 5033 —
1039 5008 1115 5058 acque
1130 5001 1180 5049 Pu
1198 5026 1226 5035 -
1244 5001 1285 5051 att.
1304 5015 1355 5052 που
1371 5004 1391 5053 P
1411 5015 1470 5068 sup.
1487 5000 1603 5053 tintort.

266 5080 302 5118 m.
322 5070 349 5127 i;
375 5081 425 5117 nou
441 5067 483 5118 itia
499 5069 520 5117 G
538 5094 566 5103 -
589 5068 631 5118 26.
650 5068 740 5119 mum
756 5070 885 5131 assertam
902 5073 923 5122 G
938 5098 972 5108 -
993 5072 1035 5122 27.
1054 5074 1114 5135 quid
1133 5073 1229 5138 (littera
1246 5078 1264 5126 d
1280 5079 1422 5143 exponetai
1439 5084 1468 5128 ut
1484 5081 1505 5129 G
1523 5104 1551 5113 -
1570 5082 1600 5128 ut

262 5142 365 5200 orbitae
381 5143 530 5193 mudoratur
547 5144 587 5205 (ex
602 5142 728 5204 munau
738 5144 874 5209 cloacae)
892 5144 953 5196 tiber
969 5146 1043 5196 sucis
1060 5148 1121 5197 s-
1140 5149 1182 5200 29.
1197 5164 1229 5201 aa
1244 5153 1264 5202 P
1278 5164 1372 5204 msam
1390 5166 1423 5204 er
1442 5166 1522 5204 ma-
1540 5154 1606 5203 ulau

268 5218 332 5276 PG;
351 5230 419 5266 corr.
438 5218 615 5282 Pantagathus
632 5217 758 5284 idemque
776 5220 854 5283 paulo
872 5224 933 5285 post
948 5220 990 5271 iilo
1008 5234 1060 5271 ors.
1078 5248 1112 5259 -
1130 5222 1171 5275 30.
1189 5224 1233 5274 iiio
1248 5238 1277 5275 ra
1292 5226 1406 5278 ubuum
1421 5232 1456 5279 ast
1472 5240 1539 5278 meos
1554 5225 1597 5288 1²¹3

263 5291 757 5347 diormioimicusestmsrtaP'G-
776 5296 1158 5351 mimmiozsuootatuso
1177 5326 1204 5337 -
1223 5300 1325 5367 quisti.
