4009 6159
449 569 531 638 l092
871 574 1023 639 ORATIO
1044 576 1086 640 tu
1106 577 1142 640 L.
1163 577 1340 644 PISONEM

448 743 594 808 cedant
614 761 719 806 arma
741 752 887 826 togae.»
934 743 1018 820 Quid
1043 749 1133 809 tumt
1171 747 1276 811 «ilaec
1298 770 1349 813 res
1370 751 1425 814 tibi
1445 751 1558 814 fluctus
1586 751 1664 816 illos
1692 752 1790 815 exci-

447 838 551 902 tavit.»
596 835 718 900 atnoe
739 856 893 920 nusquam
915 839 1030 921 opinor
1050 840 1201 922 scriptum
1222 841 1322 904 fuisse
1344 844 1376 905 in
1399 843 1454 906 illo
1477 845 1600 927 elogio,
1631 845 1733 930 quod
1757 855 1790 907 te

446 931 631 996 consulein
653 930 801 1013 sepulcro
824 931 869 993 rei
893 931 1037 1014 publicae
1058 933 1191 996 incisum
1213 944 1276 998 est:
1303 937 1423 1000 «velitis
1437 938 1587 1014 iubentis,
1609 948 1662 1015 ut,
1692 939 1790 1023 quod

445 1027 486 1089 ll.
509 1025 618 1088 Cicero
640 1043 766 1088 versum
787 1023 939 1098 lecerit»,
961 1025 1017 1086 sed
1041 1027 1148 1109 «quod
1169 1027 1367 1092 vindicarit.»

421 1127 437 1172 s
530 1119 631 1182 XXX.
653 1113 704 1180 73,
726 1118 842 1181 Verum
865 1125 984 1191 tamen,
1007 1119 1157 1199 quoniam
1172 1129 1204 1184 te
1218 1142 1283 1186 non
1298 1124 1529 1200 Aristarchum,
1551 1128 1608 1190 sed
1622 1128 1790 1192 Phalarin

444 1214 678 1297 grammaticum
701 1211 868 1285 habemus,
889 1213 945 1294 qui
966 1231 1033 1273 nou
1054 1220 1160 1276 notam
1182 1235 1321 1299 opponas
1342 1219 1382 1280 ad
1404 1219 1523 1283 malum
1545 1243 1699 1295 versum,
1725 1222 1789 1283 sect

444 1315 569 1393 poetam
589 1307 684 1370 armis
705 1324 914 1390 persequare,
936 1306 1018 1367 scire
1039 1306 1151 1390 cupio,
1174 1311 1251 1390 quid
1273 1311 1400 1374 tandem
1421 1312 1454 1375 in
1477 1315 1538 1377 isto
1554 1335 1650 1378 versu
1664 1335 1790 1398 repre·

444 1401 565 1466 hendas
589 1399 761 1464 «cedant
781 1419 886 1463 arma
915 1407 1069 1482 togae.»
1097 1433 1139 1447 -
1170 1403 1275 1466 «Tuae
1296 1405 1395 1468 dicis»
1417 1408 1521 1491 inquit
1550 1418 1665 1492 «togae
1690 1431 1789 1471 snm-

443 1516 529 1560 mum
543 1496 763 1578 imperatorem
778 1513 849 1556 esse
863 1512 1054 1556 cessurum.»
1099 1494 1183 1570 Quid
1198 1516 1282 1559 nunc
1296 1505 1343 1571 te,
1357 1500 1462 1574 asine,
1477 1501 1598 1566 litteras
1614 1503 1789 1567 docum?

309 1656 315 1671 ,
408 1606 508 1652 conon
535 1609 615 1673 opus
644 1596 694 1652 est
718 1588 839 1661 verbis,
874 1589 929 1650 sed
957 1586 1104 1650 fustibus.
1147 1591 1219 1652 Non
1246 1590 1312 1653 dixi
1341 1583 1574 1676 hanc'togam,
1606 1617 1672 1680 qua
1706 1617 1786 1660 sum

443 1685 594 1756 amictus,
626 1703 686 1745 nec
713 1699 801 1744 mma
828 1689 950 1764 scutum
977 1689 1033 1743 aut
1060 1681 1202 1764 gladium
1223 1686 1318 1747 unios
1339 1687 1554 1770 imperatoris,
1586 1691 1662 1766 sed,
1701 1691 1788 1775 quia

443 1779 529 1862 pacis
551 1785 601 1840 est
621 1777 745 1858 insigne
767 1783 799 1838 et
820 1767 881 1836 otii
899 1783 987 1857 toga,
1017 1783 1128 1838 contra
1148 1786 1254 1841 autem
1275 1798 1362 1842 erma
1383 1783 1536 1845 tumultus
1558 1793 1657 1869 atque
1681 1785 1783 1856 belli,

443 1879 609 1956 poetarum
641 1890 728 1934 more
756 1869 882 1932 locutus
911 1867 972 1931 hoc
1000 1868 1135 1951 intelligi
1165 1872 1268 1946 volui,
1302 1872 1422 1937 bellum
1444 1895 1481 1940 ac
1503 1878 1677 1942 tumultum
1702 1879 1785 1962 paci

442 1975 538 2050 atque
553 1966 620 2030 otio
634 1984 867 2029 concessurum.
910 1959 961 2024 7l.
984 1962 1110 2038 Quaere
1124 1983 1165 2026 ex
1184 1964 1332 2029 familiari
1346 1975 1419 2040 tuo,
1441 1970 1563 2034 Graeco
1584 1972 1642 2035 illo
1656 1979 1784 2056 poeta:

407 2060 589 2145 reprobabit
618 2079 718 2142 genus
747 2058 850 2141 ipsum
879 2066 911 2119 et
936 2064 1105 2139 agnoscet,
1143 2079 1248 2144 neque
1277 2069 1308 2123 te
1341 2061 1421 2125 nihil
1452 2084 1563 2148 sapere
1596 2058 1785 2128 mirabitur.

445 2157 504 2216 «at
523 2154 557 2216 in
578 2152 678 2216 alteru
699 2152 772 2215 illos
797 2151 902 2234 inquit
925 2149 1075 2213 «haeresz
1102 2153 1301 2218 concedat
1321 2153 1460 2218 laurea
1481 2156 1623 2222 laudi.»
1671 2161 1783 2222 immo

442 2246 645 2312 mehercule
665 2246 768 2310 habco
789 2245 845 2308 tihi
866 2245 1020 2327 gratiam
1048 2244 1210 2309 haererem
1233 2247 1336 2322 enim,
1357 2251 1419 2312 nisi
1440 2257 1476 2312 tu
1496 2271 1548 2313 me
1569 2253 1783 2335 expedisses.

441 2343 522 2404 liam
542 2361 614 2404 cum
635 2347 670 2404 tu
692 2338 821 2405 timidus
841 2359 879 2402 ac
901 2347 1038 2402 tremens
1061 2341 1124 2402 tuis
1139 2341 1208 2425 ipse
1221 2340 1424 2405 furacissimis
1439 2345 1584 2408 nanum
1597 2346 1782 2410 detractam

441 2435 622 2498 cernentis
652 2434 791 2500 fascibus
820 2433 961 2498 lauream
988 2433 1029 2497 ad
1060 2443 1185 2516 portam
1205 2435 1406 2519 Esquilinam
1432 2437 1589 2512 abiecisti,
1621 2438 1782 2502 indicasti

404 2547 508 2596 aonon
528 2531 623 2596 modo
645 2529 875 2613 amplissimae,
908 2527 964 2590 sed
993 2529 1090 2592 etiam
1110 2529 1260 2592 minimae
1288 2529 1376 2592 laudi
1397 2530 1537 2595 lauream
1558 2534 1779 2596 concessisse.

439 2629 546 2712 Atque
567 2626 627 2690 ista
648 2624 790 2688 oratione
811 2623 873 2686 hoc
894 2630 999 2685 tamen
1020 2621 1172 2704 intelligi,
1200 2623 1371 2698 scelerate,
1399 2627 1464 2699 vis,
1493 2627 1681 2708 Pompeium
1711 2627 1781 2690 ini-

440 2719 554 2784 micum
583 2719 661 2782 mihi
689 2718 751 2782 isto
780 2737 873 2780 versu
901 2737 971 2779 csse
999 2715 1138 2778 lactum:
1174 2725 1226 2790 ut,
1259 2717 1286 2779 si
1309 2739 1418 2780 versus
1439 2719 1518 2782 milri
1537 2721 1699 2792 nocnerit,
1734 2720 1779 2782 alr

440 2836 496 2890 eo,
526 2833 623 2899 quem
650 2814 679 2876 is
707 2830 818 2874 versus
846 2808 1030 2883 offenderit,
1059 2808 1205 2873 videatur
1232 2811 1309 2874 milri
1337 2813 1495 2894 pernicies
1516 2833 1588 2876 esse
1610 2815 1777 2896 quaesita.

440 2907 492 2972 75.
514 2907 635 2972 Omitto
658 2905 737 2970 nihil
758 2907 854 2970 istum
876 2924 1000 2967 versum
1022 2905 1212 2985 pertinuisse
1232 2903 1274 2966 ad
1296 2904 1406 2978 illum3
1435 2925 1501 2967 non
1528 2905 1630 2968 luisse
1652 2927 1777 2980 meum,

401 3023 535 3088 aequem
556 3009 712 3087 quantum
733 2998 908 3082 potuissem
930 2997 1038 3060 multis
1063 3016 1158 3080 saepe
1183 2998 1381 3061 orationibus
1407 2999 1597 3082 scriptisque
1618 2997 1779 3063 decoras-

438 3118 523 3172 sem,
542 3096 630 3160 hunc
650 3113 715 3158 uno
736 3092 857 3155 violare
880 3111 983 3154 rersu.
1027 3091 1090 3153 Sed
1112 3093 1155 3154 sit
1174 3093 1326 3154 offensus.
1369 3092 1472 3154 Primo
1492 3111 1602 3154 nonne
1616 3113 1778 3176 compen·

439 3193 522 3258 sabit
547 3211 620 3255 cnm
646 3206 711 3250 uno
739 3184 897 3249 versiculo
927 3192 974 3247 tot
1000 3204 1071 3247 mea
1092 3185 1253 3248 volumina
1281 3185 1411 3248 laudum
1431 3188 1583 3248 suarum!
1620 3187 1775 3262 Quodsi

439 3295 488 3350 ast
508 3293 701 3354 commotus,
732 3279 772 3343 ad
801 3278 1017 3361 perniciemne
1046 3298 1110 3340 non
1130 3279 1234 3340 dicam
1254 3278 1457 3351 amicissimi,
1491 3281 1622 3344 nonita
1644 3282 1687 3344 cle
1711 3302 1776 3344 sua

438 3380 533 3444 laude
547 3377 670 3449 meriti,
690 3393 756 3437 non
778 3373 822 3436 ita
843 3371 883 3433 (le
906 3391 939 3433 re
961 3371 1106 3453 publiea,
1126 3392 1193 3434 non
1206 3371 1399 3444 consularis,
1420 3391 1487 3434 non
1501 3375 1680 3450 senatoris,
1701 3397 1772 3439 non

402 3473 534 3544 sciris,
555 3491 620 3534 non
641 3469 750 3532 liberi:
771 3499 814 3512 -
835 3467 869 3528 in
890 3464 1030 3528 hominis
1050 3475 1147 3547 eaput
1167 3465 1221 3528 ille
1243 3475 1307 3528 tam
1327 3466 1466 3530 crudelis
1486 3475 1618 3548 propter
1637 3488 1771 3531 versum

439 3566 572 3630 tuissent
615 3563 732 3626 XXXl.
766 3562 816 3622 Tu
837 3557 932 3642 quid,
961 3565 997 3620 tu
1017 3559 1103 3640 apud
1124 3579 1223 3641 quos,
1253 3566 1288 3619 tu
1309 3557 1565 3641 lequienius,
1586 3560 1773 3641 intelligis?

441 3657 616 3742 Complecti
641 3657 690 3720 ris
710 3653 924 3737 amplissimos
955 3653 1042 3714 siros
1061 3652 1103 3714 ad
1125 3662 1215 3715 tuum
1242 3661 1275 3713 et
1296 3651 1422 3715 Gabinii
1443 3653 1567 3726 scelus,
1598 3673 1707 3737 neque
1738 3653 1774 3716 id

509 3921 1774 3994 aquinas-resom.ltsolus.-2.iaeoetopio—·iaciueatatlertnmianns

442 3998 1775 4071 patau-3.=rpmat':urno·q=odc-t.w.oecqmamfflmetssa-

443 4087 491 4132 rat.
510 4076 796 4130 adinticuaridentnr.
815 4099 842 4108 -
866 4073 1029 4122 swern
1051 4073 1311 4131 faemoseamt
1330 4073 1448 4121 ridetur:
1467 4074 1681 4124 Μ’·(Σ-
1701 4075 1726 4123 ἵ.
1746 4077 1776 4122 ta

442 4148 1775 4209 morou:meh[rso-represenrsf-at.mn·upmeo-eumaeo

449 4224 990 4294 -mrzqueffimfsu-
1016 4222 1775 4283 t3.mpoeth-nnlu¹url',nndetm-

443 4307 522 4356 bats
543 4313 597 4354 tn
616 4305 727 4351 mar:
749 4300 811 4348 lon.
827 4299 996 4348 murm
1011 4311 1067 4344 san
1087 4323 1114 4332 -
1133 4295 1174 4345 tl.
1191 4309 1316 4344 man
1332 4299 1353 4343 t'·
1371 4321 1398 4330 —
1420 4301 1458 4345 t5.
1475 4297 1776 4361 meatuum

444 4370 1777 4437 tu-esuriamu-&sarmiento-semme.utramontani-rm

443 4457 506 4506 nini
524 4465 682 4517 prmum
699 4455 754 4500 est:
781 4462 843 4497 nam
860 4449 1021 4497 olmenante
1037 4446 1131 4494 serem
1147 4444 1165 4492 Ι.
1182 4444 1200 4493 l
1218 4459 1244 4507 p.
1265 4444 1307 4492 tsi
1327 4457 1386 4492 roe.
1404 4446 1482 4493 nimis
1498 4445 1660 4496 invidiam
1674 4451 1775 4510 postea

444 4535 594 4593 mum
615 4523 857 4577 mmmulestlorr
878 4522 1127 4586 poterat-uerus.
1154 4517 1306 4569 ,ttintom
1322 4518 1775 4580 quoquedeotl.tibrineltoeu

442 4592 1775 4661 fidubefflsrdtupnaestiumdouuioulfflt,t‚tt.etiaminBamb.—t3.taul

443 4671 980 4740 ..quodmmserumzcetenoom
997 4671 1277 4717 oensnut'rernus-
1299 4667 1773 4719 sermome-mvn:

442 4755 557 4802 uus
574 4753 633 4805 [S.
657 4750 730 4812 quod
747 4749 861 4811 praeterr
880 4743 1116 4807 &keerptwsmz
1141 4743 1183 4791 iilo
1200 4745 1268 4790 tuto
1285 4741 1773 4793 metuemus-crassissimum

444 4831 641 4878 dmm·
666 4817 1520 4873 sumomo-atmmeveummfsu-
1545 4815 1774 4878 loejlaitddu't

445 4890 1773 4966 meminus-suffime-manuteneatur-mum?

446 4965 1773 5028 —ssrsh-nrse.sumekruueermpemwmsmpifflszutdnun,

443 5040 1541 5114 quq---mm.srmmm-mmum.-
1571 5039 1776 5102 {Rq-nt

442 5113 1775 5181 rfflffirzfflamfflfflmmwtm-ssdffln

443 5197 738 5252 ,κωκυ-Ν
764 5187 1775 5254 umem-stmfflssettnhsm

444 5261 1756 5340 murm-nemettth-ssmffinmrso.
