4009 6159
242 1479 265 1516 «Ἃ

395 468 478 535 4090
823 471 975 536 ORATIO
997 471 1040 536 IN
1061 471 1097 535 L.
1118 473 1296 538 PISONEM

396 640 491 727 dens,
525 639 609 724 quod
638 639 742 704 audax
771 661 840 703 esse
871 641 1034 719 videatur,
1065 643 1144 704 nihil
1167 645 1279 732 scitote
1301 664 1371 707 esse
1393 643 1603 719 luxuriosius,
1638 645 1729 708 nibil

394 735 609 808 libidinosius,
631 733 712 797 nihil
731 735 925 816 protervius,
940 736 1019 798 nibil
1035 737 1183 820 nequius.
1226 734 1277 799 67.
1300 738 1470 801 Luxuriam
1494 746 1599 802 autem
1620 739 1727 802 nolite.

393 830 427 891 in
447 830 508 892 isto
529 827 611 891 banc
633 828 790 916 cogitare:
820 837 868 891 cst
890 829 974 892 enim
998 830 1170 915 quaedam,
1199 852 1391 915 quamquam
1414 833 1515 894 omnis
1537 840 1585 895 est
1606 832 1726 895 vitiosa

393 932 489 1008 atque
518 923 635 1005 turpis,
668 929 773 984 tamen
802 923 941 1005 ingenuo
971 944 1008 987 ac
1029 924 1130 988 libero
1154 925 1287 1007 dignior.
1330 925 1416 987 Nihil
1438 925 1524 1008 apud
1544 925 1630 989 hunc
1651 925 1724 988 lau-

370 1025 475 1091 stum,
502 1016 582 1080 nihil
604 1016 746 1099 elegans,
769 1016 850 1078 nihil
872 1017 1067 1101 exquisitum
1089 1018 1288 1081 -laudabo
1310 1018 1472 1082 inimicum
1494 1041 1554 1095 -;
1577 1020 1655 1103 quin
1678 1039 1723 1080 ne

393 1131 506 1194 magno
530 1130 625 1193 opere
648 1111 779 1194 quidem
795 1110 971 1196 quidquam
986 1119 1112 1194 praeter
1124 1113 1273 1176 libidines
1288 1119 1517 1195 sumptuosum.
1561 1114 1720 1174 Torenma

391 1204 530 1279 nullum,
552 1205 682 1268 maximi
704 1205 837 1280 calices,
860 1213 891 1268 ct
915 1206 956 1280 ii,
979 1226 1019 1268 ne
1035 1214 1237 1269 contemnere
1253 1227 1327 1269 suos
1343 1205 1503 1281 videatur,
1525 1206 1719 1279 Placentini3

392 1306 550 1362 exstructa
573 1318 682 1362 mensa
703 1318 769 1362 non
791 1298 968 1382 conchyliis
997 1306 1054 1362 aut
1079 1300 1240 1382 piscibus,
1273 1300 1329 1362 sed
1351 1299 1449 1362 multa
1470 1319 1565 1363 carne
1587 1299 1720 1362 subran-

390 1393 470 1457 cida.
515 1395 605 1458 Servi
632 1392 783 1456 sordidati
816 1393 1012 1468 ministrant,
1040 1394 1185 1457 nonnulii
1214 1395 1309 1456 etiam
1337 1413 1445 1469 sencs;
1478 1392 1564 1456 idem
1585 1414 1720 1478 coquus,

252 1533 258 1547 .
353 1488 473 1552 roidem
494 1487 656 1562 atriensis,
692 1488 792 1569 pistor
813 1487 899 1549 domi
921 1486 1045 1579 nulius,
1067 1486 1156 1550 nulla
1178 1487 1274 1561 cella;
1308 1487 1399 1569 panis
1423 1494 1455 1550 et
1475 1488 1584 1551 vinum
1605 1509 1623 1551 a
1645 1508 1722 1571 pro-

389 1582 581 1666 pulsatque
605 1582 644 1643 de
667 1601 763 1665 cupa3
792 1580 902 1644 Graeci
925 1580 1052 1663 stipati,
1083 1572 1173 1665 quini
1195 1582 1229 1644 in
1251 1580 1359 1654 lectis,
1382 1599 1476 1665 saepe
1498 1582 1623 1664 plures;
1650 1582 1721 1664 ipse

390 1677 497 1739 solus:
519 1675 636 1739 bibitur
658 1694 760 1757 usque
780 1695 834 1749 eo,
864 1675 938 1738 dum
962 1675 1001 1737 de
1024 1675 1143 1756 †solio
1167 1674 1371 1738 ministretur.
1414 1675 1472 1738 Ubi
1495 1674 1568 1757 galli
1592 1684 1720 1738 cantum

389 1769 527 1845 audivit,
549 1789 642 1832 avum
665 1788 757 1831 suum
779 1768 931 1832 revixisse
953 1777 1060 1852 putat:
1084 1789 1224 1833 mensam
1246 1769 1316 1833 tolli
1338 1769 1436 1833 iubet.

474 1863 619 1928 XXVIII.
643 1859 693 1924 68.
715 1863 807 1926 Ilicet
828 1862 961 1947 aliquis:
985 1862 1170 1926 undehaec
1191 1864 1248 1927 tibi
1270 1872 1344 1926 nota
1366 1867 1460 1926 suntt
1480 1866 1552 1928 Non
1574 1885 1625 1929 mo
1645 1865 1722 1928 her-

354 1973 382 2022 to
391 1959 477 2021 cules
499 1957 709 2021 contumeliae
739 1977 834 2021 causa
864 1958 1038 2020 describam
1061 1978 1270 2043 quemquam,
1307 1958 1492 2040 praesertim
1519 1959 1720 2042 ingeniosum

389 2051 551 2114 hominem
579 2058 677 2135 atque
708 2052 885 2126 eruditum,
923 2053 972 2114 cui
999 2051 1107 2134 generi
1137 2071 1207 2114 esse
1238 2071 1296 2135 ego
1328 2052 1441 2125 iratus,
1476 2072 1515 2115 ne
1544 2054 1572 2115 si
1593 2053 1721 2135 cupiam

390 2145 529 2228 quidem,
550 2163 691 2229 possum.
716 2146 774 2208 Est
787 2145 916 2229 quidam
931 2145 1080 2221 Graecus,
1103 2146 1158 2228 qui
1181 2166 1251 2209 cum
1275 2146 1335 2209 isto
1357 2145 1445 2221 vivit,
1466 2146 1572 2222 homo,
1594 2155 1630 2209 ut
1642 2167 1721 2210 vere

390 2239 492 2304 dicam
513 2272 556 2286 -
576 2239 622 2304 sic
643 2239 728 2303 enim
750 2239 882 2323 cognovi
903 2273 946 2284 -
967 2241 1141 2315 humanus,
1174 2239 1230 2303 sed
1261 2239 1419 2316 tamdiu,
1450 2259 1547 2324 quam
1568 2240 1624 2304 diu
1646 2262 1721 2305 cum

391 2333 461 2397 aliis
484 2340 533 2398 est
554 2340 609 2398 aut
629 2335 698 2418 ipse
721 2353 838 2398 secum.
881 2334 912 2397 Is
942 2355 1013 2398 cum
1034 2335 1132 2399 istum
1153 2334 1388 2398 adolescentem
1416 2335 1478 2398 iam
1501 2343 1567 2397 tum
1587 2334 1647 2398 hac
1669 2337 1721 2399 dis

353 2431 470 2495 aoirata
483 2427 587 2491 ironic
602 2427 751 2503 vidisset,
772 2446 838 2491 non
859 2427 1014 2492 fastidivit
1035 2430 1104 2493 eius
1126 2429 1313 2502 amicitiam,
1336 2449 1408 2492 cum
1431 2435 1514 2492 esset
1533 2431 1720 2512 praesertim

390 2522 568 2606 appetitus:
601 2520 690 2585 dedit
716 2541 750 2585 se
778 2521 812 2584 in
841 2522 1120 2598 consuetudinem,
1150 2522 1196 2585 sic
1225 2530 1262 2586 ut
1281 2543 1411 2606 prorsus
1433 2542 1498 2586 una
1518 2525 1638 2588 viveret
1659 2545 1721 2588 nec

389 2617 456 2681 iere
477 2635 627 2700 umquam
648 2616 688 2680 ab
703 2636 741 2678 eo
756 2616 945 2680 discederet.
974 2619 1045 2680 Non
1067 2617 1151 2701 apud
1173 2617 1330 2692 indoctos,
1352 2616 1418 2691 sed,
1440 2624 1476 2681 ut
1497 2637 1556 2700 ego
1575 2619 1721 2693 arbitror,

390 2714 424 2775 in
444 2712 609 2776 hominum
631 2709 916 2774 eruditissimorum
938 2719 970 2773 et
989 2709 1287 2774 humanissimomm
1310 2720 1402 2774 coetu
1423 2711 1548 2793 loquor.
1578 2712 1720 2775 Audistis

389 2806 531 2891 profecto
554 2805 618 2868 dici
638 2803 845 2890 philosophos
866 2804 1041 2889 Epicureos
1071 2824 1180 2868 omnes
1209 2824 1278 2879 res,
1312 2824 1394 2887 quae
1423 2804 1487 2868 sint
1513 2803 1634 2868 bomini
1662 2826 1720 2868 ex-

353 2900 561 2985 aspetendoe,
582 2898 745 2983 voluptate
767 2898 880 2962 metiri.
918 2899 1056 2962 Rectene
1078 2919 1117 2961 an
1141 2918 1249 2973 secus,
1271 2899 1352 2962 nibil
1374 2897 1415 2961 ad
1436 2918 1512 2973 nos,
1533 2908 1604 2975 ant,
1627 2900 1719 2963 eiad

390 3015 465 3072 nos,
498 2994 579 3058 nibil
607 2992 648 3057 ad
676 2993 738 3057 hoc
765 3002 909 3076 tempus:
942 2993 998 3057 scd
1028 3001 1135 3057 minen
1165 2993 1322 3057 lubricum
1344 3013 1443 3077 genus
1466 2995 1619 3058 orationis
1641 2993 1719 3056 ado-

390 3091 522 3154 lescenti
547 3108 614 3152 non
643 3087 758 3152 acriter
779 3087 968 3171 intelligenti
990 3096 1038 3150 est
1059 3107 1153 3172 saepe
1175 3107 1337 3171 praeceps.
1382 3085 1432 3149 09.
1466 3089 1577 3171 ltaque
1599 3086 1720 3150 admis-

391 3185 491 3248 sarius
521 3184 597 3259 iste,
631 3181 724 3246 simul
753 3187 848 3266 atque
877 3180 998 3244 audivit
1025 3181 1219 3265 voluptatem
1248 3201 1266 3244 a
1294 3181 1483 3266 philosopho
1512 3190 1600 3246 tanto
1622 3200 1719 3263 opere

389 3279 527 3354 laudari,
548 3276 630 3341 nibil
645 3276 826 3358 expiscatus
842 3283 909 3339 est:
932 3275 977 3338 sic
999 3296 1073 3338 snos
1097 3296 1209 3339 sensus
1224 3277 1419 3360 voluptarios
1435 3296 1544 3340 omnes
1565 3276 1718 3348 incitavit,

353 3374 435 3438 sosio
458 3374 497 3437 ad
519 3373 604 3435 illius
625 3370 709 3433 hanc
731 3370 906 3432 orationem
929 3369 1124 3445 adhinnivit,
1146 3379 1268 3433 utnon
1290 3371 1472 3452 magistrum
1495 3371 1639 3446 virtutis,
1661 3371 1719 3432 sed

390 3476 550 3532 auctorem
582 3463 724 3528 libidinis
753 3482 771 3526 a
802 3482 836 3525 se
865 3463 955 3526 illum
985 3463 1148 3527 inventum
1178 3465 1391 3528 arbitraretur.
1447 3466 1586 3527 Graecus
1615 3463 1718 3546 primo

392 3561 586 3643 distinguere
609 3565 641 3622 et
662 3557 804 3623 dividere
825 3557 899 3632 illa,
928 3577 1022 3642 quem
1044 3559 1085 3622 ad
1107 3559 1237 3622 modum
1260 3559 1459 3623 dicerentur:
1492 3559 1553 3623 iste
1575 3557 1718 3632 claudus,

456 3835 480 3884 4.
497 3833 596 3882 uidetur
612 3828 756 3892 Madvigius
767 3827 802 3879 ad
815 3829 869 3878 Cic.
883 3827 917 3879 de
929 3828 1001 3878 Finn.
1015 3843 1041 3893 p.
1055 3831 1096 3890 64,
1109 3833 1137 3879 at
1147 3843 1173 3880 v.
1188 3829 1221 3880 ad
1233 3843 1260 3893 p.
1271 3829 1329 3890 884,
1343 3829 1416 3879 46.-
1430 3832 1453 3879 4.
1464 3829 1651 3892 protarbiusl'3
1668 3840 1718 3890 po-

388 3909 477 3960 sterius
488 3908 507 3959 C
520 3909 548 3958 et
557 3907 586 3967 T,
604 3908 634 3956 ut
649 3904 762 3965 videtur,
780 3907 811 3953 ut
822 3903 899 3954 codd.
913 3903 1015 3954 babent
1031 3904 1065 3954 de
1078 3907 1154 3956 Prov.
1169 3916 1243 3955 cons.
1257 3903 1305 3966 58.
1325 3903 1365 3954 Ci.
1379 3906 1466 3955 Garat.
1479 3904 1514 3955 cd
1526 3905 1554 3954 h.
1566 3902 1585 3955 l.
1596 3929 1626 3940 -
1638 3903 1718 3953 ionu-

388 3985 496 4034 rr'omt:
514 3981 645 4032 lunanum
657 3979 733 4030 codd.
748 3976 803 4028 rell.
818 3981 845 4028 ei
857 3979 889 4038 0;
909 3977 942 4029 ci.
954 3979 987 4029 ud
1000 3993 1026 4045 p.
1039 3981 1112 4042 4008,
1122 3982 1179 4031 8.-
1197 3981 1224 4028 ia
1240 3979 1286 4030 isto
1297 3980 1372 4030 nolite
1384 3981 1403 4029 C
1415 4004 1443 4016 -
1456 3981 1480 4030 5.
1493 3979 1715 4043 quioaascripsi:

388 4061 429 4110 coi
444 4071 475 4107 oc
492 4057 525 4114 νς
543 4069 575 4106 ao
592 4057 641 4107 CO
655 4082 681 4091 -
700 4057 724 4104 7.
743 4055 859 4104 maarai
875 4057 894 4104 P
913 4081 939 4090 -
959 4059 982 4105 et
998 4055 1018 4103 ii
1034 4053 1161 4106 Klotzius:
1182 4060 1206 4105 et
1221 4055 1247 4104 hi
1264 4055 1371 4105 codices
1388 4055 1446 4105 etO
1465 4081 1492 4091 -
1511 4055 1537 4106 8.
1555 4053 1680 4106 conchiliis
1695 4053 1717 4102 F.

390 4161 417 4169 -
437 4134 477 4183 40.
492 4132 602 4196 propola
617 4131 763 4182 Manutius:
779 4129 890 4192 propalo
906 4129 940 4188 V;
957 4130 1067 4192 propalo
1084 4132 1103 4180 C
1124 4158 1151 4166 -
1170 4132 1211 4180 44.
1230 4130 1298 4180 tectis
1315 4129 1349 4179 V:
1368 4129 1462 4180 miritis
1478 4131 1507 4180 C.
1528 4130 1567 4181 Cl.
1585 4130 1648 4181 lior.
1661 4129 1715 4178 Sat.

388 4211 411 4269 1,
429 4205 455 4268 l,
468 4207 510 4257 86.
524 4234 551 4244 -
572 4207 611 4256 48.
630 4206 721 4256 bibitor
736 4217 813 4267 utorio
829 4218 857 4255 eo
874 4205 978 4254 dmov:
998 4205 1120 4255 bibiturus
1136 4219 1183 4267 oua
1199 4205 1313 4256 eudemi}
1328 4229 1355 4240 -
1375 4205 1405 4254 de
1419 4205 1480 4255 solio
1493 4205 1587 4256 codd:
1606 4205 1636 4254 de
1651 4204 1718 4254 dolio

388 4282 456 4332 coni.
474 4283 504 4331 Α.
524 4281 696 4344 augustinus,
718 4279 863 4343 speciosius
884 4279 912 4329 T.
931 4279 1021 4330 Badeo
1046 4280 1142 4342 (Archiv
1158 4281 1202 4343 fiir
1218 4280 1350 4344 Phiioiopie
1366 4295 1392 4330 o.
1411 4282 1471 4330 Pori.
1489 4282 1526 4342 lt,
1545 4295 1572 4346 p.
1591 4279 1662 4342 ³521:
1688 4280 1719 4329 de

387 4359 452 4408 dolio
468 4359 519 4408 imo
532 4384 559 4394 -
577 4356 777 4406 ministrenturC
792 4381 819 4391 —
838 4355 879 4406 44.
898 4355 958 4404 hooc
977 4355 1021 4406 tibi
1034 4356 1068 4406 C:
1087 4355 1130 4405 tibi
1146 4355 1207 4405 hooc
1224 4355 1311 4419 V(‘i)0
1324 4381 1350 4391 -
1369 4369 1409 4405 me
1424 4356 1582 4406 hercoiosll:
1599 4354 1719 4406 mehercle

387 4433 448 4491 ES;
465 4431 602 4482 maleredo
618 4431 690 4481 1²th
704 4457 732 4466 -
751 4429 792 4479 46.
806 4430 985 4494 ouoapoVE:
1004 4444 1049 4494 opo
1066 4443 1116 4481 esse
1132 4430 1273 4480 vuns-
1293 4431 1332 4480 tv.
1348 4432 1522 4493 possiroconi.
1536 4429 1672 4490 Garatoni3
1690 4431 1718 4479 at

386 4522 413 4558 v.
433 4521 471 4559 or.
489 4508 566 4558 Verr.
582 4507 629 4568 IV,
653 4505 668 4570 ς
686 4504 726 4557 44.
744 4505 844 4556 8088.
864 4505 911 4554 445
929 4505 980 4554 cet.
999 4508 1026 4554 et
1044 4504 1078 4554 ci.
1096 4505 1221 4555 Heinrich
1238 4505 1272 4555 ad
1290 4505 1345 4556 Cic.
1365 4505 1399 4556 de
1417 4508 1481 4570 hep.
1499 4519 1526 4571 p.
1546 4504 1604 4556 466.
1623 4530 1650 4540 -
1669 4504 1715 4554 list

361 4623 366 4637 .
387 4595 516 4632 --seeom
531 4580 651 4632 babath
671 4607 698 4618 -
716 4580 867 4631 utorrov:
885 4581 1091 4631 ceramico.
1118 4581 1263 4644 Utrumque
1281 4579 1336 4630 Cic.
1355 4579 1432 4640 dirit;
1451 4594 1477 4630 v.
1491 4593 1572 4647 supra
1588 4579 1604 4645 5
1621 4577 1663 4630 tt.
1682 4577 1716 4629 do

386 4660 463 4708 Prov.
482 4669 555 4708 cons.
574 4656 589 4720 θ
607 4657 638 4706 49
655 4657 707 4707 cet.
728 4684 755 4693 —
782 4657 822 4706 48.
841 4657 883 4705 sed
903 4661 956 4706 tom
976 4655 1021 4704 dio
1040 4662 1086 4705 out
1102 4669 1159 4705 coar
1176 4654 1254 4706 codd.
1272 4659 1335 4706 Asc.
1356 4683 1383 4692 —
1402 4657 1442 4706 49.
1460 4661 1514 4707 trac
1528 4655 1565 4706 V:
1589 4659 1644 4705 tier
1659 4667 1716 4704 mart

355 4723 438 4781 ¹CO
456 4758 484 4767 -
502 4731 549 4781 hoc
565 4731 686 4781 distructo
701 4731 861 4794 9064844-
880 4731 922 4780 80.
939 4731 1107 4793 fastidivitvt
1125 4729 1190 4794 sopit
1206 4731 1226 4780 C
1241 4755 1268 4766 -
1287 4731 1328 4780 88.
1346 4743 1467 4793 umquem
1483 4730 1516 4780 ob
1532 4730 1608 4793 ooli:
1625 4729 1716 4780 obhto

384 4819 506 4869 amquam
523 4807 571 4856 CO
591 4831 618 4843 -
636 4805 677 4854 83.
696 4804 872 4856 homocissimo
889 4807 909 4856 E
929 4833 956 4841 -
975 4805 1016 4856 84.
1035 4805 1114 4856 omnis
1130 4806 1177 4855 VS
1197 4834 1224 4843 -
1242 4807 1291 4856 sim
1308 4807 1424 4857 Faernus
1441 4807 1483 4869 (ex
1498 4806 1566 4870 Vtt:
1591 4808 1649 4854 mort
1665 4803 1716 4854 CO

388 4907 415 4919 -
434 4882 474 4932 86.
492 4885 588 4932 rociaco
604 4893 638 4930 oo
649 4882 792 4932 Garatoni:
808 4885 950 4932 rectooooat
967 4881 1002 4940 V;
1021 4886 1087 4932 recto
1102 4895 1164 4931 com
1179 4881 1214 4941 E;
1232 4888 1298 4933 recte
1314 4896 1349 4932 oo
1365 4881 1438 4932 FSO
1452 4909 1480 4917 —
1498 4881 1539 4932 86.
1558 4885 1643 4931 umeri
1659 4891 1713 4929 om.

387 4959 408 5006 G
425 4981 452 4991 -
475 4955 516 5006 87.
533 4954 682 5020 inemptas
704 4960 739 5006 cst
761 4957 795 5006 V:
822 4961 857 5006 ert
878 4969 931 5008 om.
952 4957 1001 5008 CO
1024 4983 1051 4992 -
1075 4956 1116 5007 88.
1134 4957 1183 5007 ool.
1201 4972 1220 5007 o
1232 4958 1295 5021 phil.
1313 4957 1408 5008 VEG:
1436 4969 1454 5006 o
1470 4956 1536 5020 phil.
1553 4955 1603 5007 ool.
1621 4955 1666 5005 t‘s
1683 4979 1711 4988 -

384 5032 427 5084 89.
445 5031 525 5082 mucis
541 5031 586 5082 GS
606 5058 633 5070 -
652 5029 693 5081 30.
711 5031 746 5080 sic
762 5029 795 5080 ab
810 5031 860 5082 iilis
874 5031 895 5082 E
913 5029 994 5083 solus.
1016 5058 1043 5070 -
1063 5032 1186 5083 odbicaiit
1202 5034 1222 5083 C
1239 5061 1267 5068 -
1286 5032 1326 5084 38.
1346 5037 1369 5084 at
1384 5033 1419 5082 V:
1439 5036 1514 5095 utque
1531 5030 1581 5083 CO
1595 5057 1623 5066 —
1640 5029 1714 5080 clou-

385 5109 429 5157 dos
445 5107 653 5171 quemadmodum
669 5106 741 5158 oioot
754 5107 834 5172 pilam
850 5108 943 5160 Ursini.
964 5133 991 5144 -
1010 5119 1083 5169 quan
1099 5108 1135 5157 ud
1149 5107 1251 5159 modom
1267 5107 1303 5159 V:
1321 5119 1371 5169 quo
1386 5107 1459 5159 modo
1476 5107 1506 5159 C.
1534 5105 1573 5158 Ci.
1591 5105 1619 5156 tn
1634 5103 1713 5155 Verr.

386 5181 418 5245 V,
436 5181 452 5246 ἕ
468 5183 509 5234 ta.
528 5179 631 5256 Luelqg
649 5182 690 5234 49.
