4009 6159
811 1189 881 1319 [n.
907 1207 1051 1300 rum
1077 1142 1333 1321 ursanus]

545 1443 631 1534 rn
676 1441 730 1535 c.
770 1441 1218 1533 scansurum
1260 1440 1608 1535 cnr-snum

854 1676 1293 1745 conanovensm.

984 1888 1161 1941 RECENSUIT

761 2065 825 2127 10.
849 2065 1101 2129 deonotus
1125 2066 1385 2129 narrative.

485 2437 641 2497 (lodicibus
660 2438 765 2496 iisdem
784 2438 828 2495 usi
848 2454 966 2509 snmus,
987 2439 1092 2511 quibus
1112 2440 1148 2497 ad
1169 2439 1392 2512 praecedentem
1411 2438 1661 2499 declamationem.

494 2706 519 2769 1.
541 2698 640 2769 aaa
666 2703 793 2770 demum
821 2724 936 2788 magna
956 2704 1101 2789 voluptas
1124 2712 1185 2779 est,
1216 2704 1250 2769 G.
1273 2704 1407 2782 Salusti,
1434 2705 1600 2790 aequalem
1623 2727 1660 2771 ac
1682 2727 1738 2791 pa·

286 2863 290 2878 ,
410 2820 476 2864 rem
497 2800 602 2865 verbis
623 2800 720 2863 vitam
741 2818 835 2883 agere
856 2819 962 2883 neque
984 2799 1156 2883 quicquam
1179 2806 1242 2861 tam
1265 2799 1437 2862 obscenum
1453 2800 1575 2875 dicere,
1599 2801 1649 2863 cui
1671 2820 1736 2863 non

409 2896 450 2958 ab
471 2895 563 2958 initio
584 2893 740 2977 pueritiae
762 2894 848 2957 omni
869 2912 986 2976 genere
1008 2892 1156 2957 facinoris
1178 2900 1265 2956 aetas
1287 2902 1342 2957 tua
1355 2895 1562 2978 respondeat,
1584 2902 1620 2957 ut
1635 2898 1736 2958 omnis

410 2989 511 3054 oratio
533 2987 674 3051 moribus
695 2994 867 3051 consonet:
895 3008 1000 3071 neque
1024 2988 1107 3050 enim
1129 2988 1186 3071 qui
1208 2988 1253 3050 ita
1273 2986 1366 3063 vivit,
1394 2995 1431 3050 ut
1453 2995 1504 3063 tu,
1529 2987 1622 3051 aliter
1642 3008 1679 3051 ac
1701 2996 1736 3051 tu

385 3082 501 3167 eloqui
526 3090 647 3166 potest,
677 3100 784 3165 neque
812 3081 867 3164 qui
897 3088 961 3144 tam
983 3081 1075 3144 illoto
1098 3100 1244 3145 sermone
1265 3081 1366 3145 utitur
1387 3082 1451 3146 vita
1471 3082 1656 3146 honestiore
1678 3090 1735 3146 est.

411 3176 483 3253 Quo
507 3196 557 3240 me
572 3183 782 3259 praevertam,
803 3181 910 3258 patres
925 3175 1110 3259 conscripti,
1132 3176 1216 3239 unde
1230 3175 1352 3238 initium
1368 3178 1512 3239 sumam?
1535 3176 1637 3239 maius
1651 3176 1736 3240 enim

409 3270 488 3335 milri
516 3269 643 3334 dicendi
669 3289 750 3333 onus
778 3268 966 3351 imponitur,
997 3288 1062 3352 quo
1091 3269 1196 3332 notior
1224 3278 1273 3333 est
1300 3275 1434 3352 uterque
1462 3276 1622 3345 nostrum,
1650 3268 1735 3354 quod

409 3371 480 3439 eut,
510 3364 537 3428 si
559 3364 599 3427 de
621 3383 690 3427 mea
710 3364 775 3427 vite
796 3370 894 3445 atque
916 3363 1039 3426 actibus
1060 3362 1134 3426 huic
1157 3362 1361 3427 conviciatori
1382 3363 1592 3447 respondero,
1618 3364 1735 3427 invidia

410 3459 541 3541 gloriam
564 3465 796 3541 consequetur,
818 3465 889 3531 aut,
910 3456 937 3519 si
959 3456 1054 3520 huius
1075 3457 1172 3532 facta,
1195 3476 1315 3533 mores,
1338 3477 1465 3520 omnem
1487 3464 1622 3537 aetatem
1636 3456 1736 3520 nuda·

372 3570 503 3627 severo,
532 3552 565 3615 in
595 3552 680 3615 idem
708 3551 819 3614 vitium
848 3548 986 3614 incidam
1017 3551 1237 3633 procacitatis,
1266 3548 1352 3635 quod
1382 3550 1457 3614 huic
1478 3549 1604 3614 obiicio.
1647 3547 1678 3613 2.
1700 3550 1733 3613 ld

409 3666 481 3722 voe,
503 3646 530 3711 si
550 3645 632 3710 forte
654 3642 869 3719 offendimini,
891 3642 1005 3707 iustius
1026 3645 1102 3708 huic
1116 3664 1212 3728 quam
1230 3645 1309 3710 mihi
1324 3664 1508 3730 suscensere
1523 3645 1656 3722 debetis,
1679 3645 1735 3729 qui

408 3740 533 3803 initium
554 3737 748 3803 introduxit:
771 3757 830 3821 ego
852 3737 934 3801 dabo
956 3757 1099 3821 operam,
1120 3746 1157 3801 ut
1179 3744 1210 3801 et
1230 3758 1289 3822 pro
1311 3759 1362 3802 me
1380 3738 1509 3803 minimo
1524 3759 1595 3803 cum
1610 3738 1734 3803 lastidio

408 3832 634 3916 respondeam,
657 3838 689 3895 et
710 3832 745 3896 in
765 3830 851 3894 hunc
874 3831 1003 3895 minime
1025 3833 1192 3895 mentitum
1213 3851 1283 3895 esse
1306 3832 1460 3897 videatur.
1497 3833 1569 3897 Scin
1591 3853 1658 3908 me,
1680 3852 1734 3916 pa·

408 3934 472 3990 tres
505 3926 689 4009 conscripti,
722 3926 755 3989 in
785 3924 1011 4008 respondendo
1040 3946 1104 3990 non
1138 3925 1256 3990 habere
1285 3946 1430 4011 mamam
1458 3928 1733 4010 exspectationem,

372 4021 495 4105 nequod
516 4022 640 4086 nullum
662 4040 719 4085 ros
741 4019 850 4083 scietis
872 4039 988 4084 uorum
1012 4020 1131 4085 crimen
1152 4020 1185 4083 in
1201 4021 1374 4085 Salustium
1395 4018 1575 4095 audituros,
1597 4021 1654 4084 sed
1668 4040 1734 4084 om·

408 4113 462 4178 nia
489 4123 595 4179 vetera
622 4113 857 4198 recognituros,
887 4114 961 4197 quis
989 4122 1023 4179 et
1047 4134 1136 4179 meae
1163 4122 1196 4179 et
1224 4123 1346 4181 vestrae
1374 4116 1437 4179 iam
1464 4124 1496 4179 et
1522 4116 1622 4200 ipsius
1643 4134 1733 4180 aures

1589 4284 1732 4297 *-

473 4396 621 4445 lssrrnno.
648 4392 833 4445 cemorensis
851 4393 985 4446 Ciceronis
1000 4407 1030 4445 rs
1046 4395 1184 4447 Sacrsrrrr
1199 4407 1293 4446 rncrnrr
1310 4394 1345 4459 (in
1362 4396 1480 4461 margine
1496 4408 1574 4447 manu
1587 4398 1733 4448 recentiore

408 4472 543 4525 &ceroma
559 4469 665 4534 delendo
681 4475 770 4520 contra
786 4470 931 4533 Salustium)
942 4473 978 4531 Α;
999 4470 1062 4521 Tulit
1078 4470 1106 4520 ia
1116 4471 1253 4521 Salustium
1269 4471 1391 4522 invectiva
1407 4470 1494 4535 incipit
1511 4474 1540 4532 G,
1564 4472 1733 4537 inscriptione

409 4548 502 4599 carent
518 4545 574 4595 TB.

474 4623 498 4673 4.
512 4620 543 4672 G.
554 4620 644 4670 solerti
660 4620 721 4680 ΑΤς
741 4620 771 4671 G.
784 4620 811 4670 S.
824 4621 857 4679 Β;
876 4619 962 4683 Crispo
977 4621 1064 4672 educti
1076 4624 1110 4683 ῦς
1130 4622 1214 4686 drirpc
1225 4621 1399 4673 Sallustio-
1418 4622 1442 4673 3.
1461 4622 1536 4687 omos]
1554 4621 1581 4671 io
1592 4622 1731 4673 muniti-

408 4696 433 4748 l.
444 4696 543 4747 rctloC
558 4721 585 4731 -
604 4696 629 4744 5.
640 4708 719 4757 oeque
735 4695 758 4745 ct
775 4696 850 4757 poio
864 4720 890 4730 -
909 4695 986 4747 inloto
997 4697 1067 4748 ΑΤΒ
1078 4723 1104 4734 -
1119 4698 1255 4749 Βοηοειὶονο
1270 4698 1304 4748 Β;
1322 4696 1554 4749 ΒοηοειίονΑΤῦΟ
1568 4723 1595 4733 -
1615 4699 1639 4749 6.
1655 4710 1733 4759 prce·

406 4777 504 4823 certem
519 4770 605 4822 Ate:
623 4774 765 4832 peccam
777 4772 810 4829 (33
828 4772 956 4820 commo
972 4799 999 4809 -
1017 4786 1144 4824 rememsis
1160 4774 1179 4823 B
1194 4800 1221 4811 ·-
1239 4772 1330 4837 motus]
1348 4774 1430 4837 mcpu
1446 4775 1466 4823 G
1480 4798 1507 4808 -
1527 4773 1550 4823 7.
1570 4774 1636 4834 pand
1651 4772 1672 4821 at
1688 4776 1734 4823 oet

408 4848 451 4898 ΤΒ
466 4873 492 4883 -
506 4851 627 4897 andrum
646 4845 717 4907 Quod
728 4845 748 4895 0
760 4870 788 4881 -
806 4846 830 4895 Β.
844 4846 874 4895 de
884 4858 939 4895 om.
951 4847 1019 4896 A1-
1037 4848 1093 4897 cite
1108 4861 1165 4899 mco
1176 4848 1223 4898 ΤΒ
1238 4874 1265 4884 -
1282 4846 1386 4913 occidue]
1398 4847 1492 4897 actibus
1508 4848 1665 4909 rastrisid,
1684 4844 1733 4897 sed

408 4923 434 4971 in
452 4925 473 4973 Α
489 4920 580 4971 oodric
599 4919 668 4970 linea
685 4919 816 4971 subducte
833 4918 980 4971 delendum
996 4922 1166 4986 significetur.
1181 4949 1208 4957 -
1226 4923 1388 4973 coaudiotnn'
1404 4924 1475 4974 ΑΤΒ
1491 4948 1517 4960 -·
1536 4924 1560 4973 9.
1574 4927 1734 4985 conceperim

407 4998 481 5047 Alli:
500 4999 666 5055 comepaoter
682 4990 768 5045 A²TB
783 5022 809 5032 —
828 4995 988 5046 deoadoecro
1004 5001 1026 5049 Α
1043 5025 1076 5035 -
1092 4998 1132 5050 40.
1151 4998 1228 5048 edicio
1246 4999 1265 5048 C
1281 5026 1307 5034 -
1328 5000 1368 5049 44.
1385 5013 1428 5048 cos
1444 5000 1531 5049 omli
1551 5026 1577 5035 —
1597 5012 1734 5051 nucem

408 5071 441 5121 Τ;
459 5071 636 5122 mcccoecrco
655 5094 682 5107 -
702 5071 808 5121 demate
825 5071 844 5121 C
864 5098 892 5108 -
911 5073 952 5122 tt.
971 5076 994 5121 et
1011 5084 1064 5123 om.
1083 5073 1102 5123 B
1123 5100 1149 5109 -
1174 5072 1214 5123 43.
1232 5073 1361 5123 mentitam
1378 5086 1428 5123 esse
1443 5073 1559 5123 videatur
1575 5074 1639 5124 Al':
1662 5086 1733 5123 men-

407 5145 480 5195 titam
499 5158 549 5197 croc
568 5145 659 5195 eidem
674 5146 738 5205 BG;
760 5146 876 5196 mendae
892 5159 943 5197 erro
956 5148 1046 5197 cidem
1062 5148 1096 5209 0,
1122 5144 1171 5198 sed
1189 5146 1280 5211 quidni
1296 5148 1425 5199 mentitum
1441 5149 1546 5213 passive
1565 5149 1608 5199 hic
1624 5147 1733 5213 quidem

407 5220 522 5285 scriptor
538 5221 725 5285 usurpaverit?
743 5248 770 5257 -
787 5234 828 5271 ore
843 5222 908 5272 enim
921 5234 950 5284 p.
962 5234 984 5272 c.
1001 5224 1022 5271 G
1039 5248 1066 5258 -
1086 5222 1125 5274 44.
1144 5236 1266 5288 mopoecn
1281 5238 1332 5274 oon
1348 5224 1437 5274 ledere
1453 5226 1474 5274 G
1492 5250 1518 5261 —
1538 5225 1733 5288 deportationem

408 5293 485 5344 TBG
499 5321 527 5332 -
545 5297 587 5347 re.
604 5294 787 5346 Solutiemcz
805 5296 997 5360 &tanturm
1017 5298 1056 5351 sic
1072 5297 1172 5364 ubique
1185 5324 1212 5335 -
1233 5299 1273 5350 te.
1287 5300 1343 5363 pto
1358 5300 1450 5350 llTB:
1469 5298 1603 5363 maldrum
1622 5298 1730 5363 pociao.
