4009 6159
404 555 467 621 770
833 556 986 623 ORATIO
1008 558 1087 623 PRO
1108 559 1143 621 P.
1164 558 1293 623 sucta

407 728 513 793 dicere
533 728 569 793 in
590 749 685 813 quem
706 727 803 803 velie,
824 734 857 791 et
878 728 1050 792 defendere
1070 749 1166 813 quem
1186 728 1276 792 velis.
1318 728 1417 790 lmmo
1439 728 1574 793 servitus
1595 734 1730 792 estnon

406 824 510 887 dicere
532 824 567 887 in
587 844 683 908 quern
703 822 798 897 velis,
829 830 861 886 et
882 842 945 885 non
970 821 1141 886 defendere
1164 842 1260 906 quem
1282 821 1371 885 velis.
1413 822 1459 884 44
1480 823 1507 886 si
1528 824 1729 888 considerare

405 918 548 1001 coeperis
568 926 674 981 utrum
695 918 794 999 magis
815 915 893 980 mibi
915 916 975 980 boc
998 936 1131 981 necesse
1152 916 1249 979 fuerit
1269 915 1374 978 facere
1402 933 1442 978 an
1470 914 1555 980 istud
1577 916 1653 992 tibi,
1681 919 1729 980 in-

404 1013 527 1095 telliges
548 1012 711 1076 honestius
740 1018 771 1075 44
800 1010 1036 1074 inimicitiarum
1063 1010 1194 1073 modum
1221 1016 1358 1073 statuere
1385 1009 1528 1092 potuisse
1554 1032 1651 1095 quam
1678 1032 1729 1074 me

381 1106 616 1170 abumanitatis.
646 1102 697 1169 49.
719 1108 769 1169 An
791 1126 882 1179 vero,
908 1125 978 1168 curn
1000 1104 1103 1168 honos
1126 1104 1277 1187 agebatur
1297 1100 1436 1168 familiae
1456 1112 1580 1168 vestrae
1600 1106 1730 1190 amplis·

250 1231 260 1284 ,5
365 1218 371 1242 ³
403 1201 517 1275 simus,
538 1200 600 1264 boe
622 1208 671 1277 est
692 1198 875 1289 consulatus
897 1199 1036 1282 parentis
1059 1199 1127 1273 tui,
1150 1196 1401 1282 sapientissimus
1414 1200 1462 1262 vir
1475 1197 1729 1264 familiarissimis

236 1289 259 1343 11
363 1378 365 1385 Α
402 1295 468 1357 suis
490 1296 670 1359 succensuit
697 1303 787 1377 pater
813 1301 903 1368 tuus,
937 1314 1009 1356 cum
1042 1293 1160 1357 Sullam
1189 1300 1220 1355 et
1249 1291 1456 1355 defenderent
1484 1301 1516 1355 et
1544 1292 1728 1357 laudarent?

401 1388 601 1472 intelligebat
620 1389 702 1453 hanc
723 1388 816 1452 nobis
838 1408 858 1451 a
879 1387 1051 1451 maioribus
1073 1407 1143 1450 esse
1159 1386 1306 1450 traditam
1322 1386 1541 1468 disciplinam,
1563 1395 1599 1450 ut
1612 1388 1729 1451 nullius

400 1483 540 1546 amicitia
561 1483 601 1546 ad
622 1483 764 1568 pericula
785 1482 998 1567 propulsanda
1012 1481 1246 1565 impediremur.
1279 1482 1320 1543 At
1335 1486 1402 1542 erat
1416 1479 1490 1543 huic
1504 1480 1622 1544 iudicio
1636 1480 1729 1564 longe

365 1589 392 1636 44
401 1577 562 1641 dissimilis
582 1577 639 1641 illa
660 1577 835 1641 contentio:
869 1583 953 1650 turn,
981 1570 1100 1638 afflicto
1122 1576 1156 1637 P.
1180 1574 1284 1647 Sulla,
1315 1574 1496 1637 consulatus
1517 1576 1731 1659 vobisparie-

399 1671 509 1747 batur,
537 1672 631 1735 sicuti
657 1680 765 1755 partus
793 1677 859 1745 est3
893 1670 1022 1732 honoris
1045 1675 1114 1732 erat
1135 1676 1310 1743 certamem
1344 1676 1487 1752 ereptum
1507 1677 1652 1752 repetere
1673 1691 1729 1736 vos

400 1767 626 1841 clamitabatis,
656 1772 692 1829 ut
712 1766 786 1831 victi
814 1765 849 1828 in
871 1782 981 1846 campo
1003 1763 1038 1825 in
1059 1762 1129 1826 foro
1160 1762 1344 1826 vinceretis.
1376 1769 1443 1825 turn
1466 1764 1522 1846 qui
1542 1771 1652 1827 contra
1673 1784 1729 1827 vos

399 1882 458 1944 pro
479 1860 576 1924 buius
598 1860 700 1923 salute
722 1860 922 1943 pugnabant,
945 1858 1126 1921 amicissimi
1149 1857 1258 1931 uestri,
1281 1856 1397 1939 quibua
1419 1876 1485 1921 non
1498 1857 1730 1931 irascebamini,

400 1954 598 2019 consulatum
626 1953 718 2017 vobis
746 1954 937 2037 eripiebant,
966 1932 1079 2015 honori
1109 1960 1215 2013 vestro
1244 1950 1476 2033 repugnabant,
1505 1960 1538 2015 et
1567 1960 1673 2016 tamen
1696 1952 1729 2015 id

362 2048 550 2112 ttinviolata
573 2055 677 2111 vestra
698 2048 852 2121 amicitia,
874 2047 997 2129 integro
1021 2043 1141 2121 officio,
1168 2052 1276 2109 vetere
1298 2044 1445 2128 exemplo
1466 2052 1563 2128 atque
1583 2048 1729 2112 instituto

399 2142 510 2225 optimi
533 2142 688 2225 cuiusque
710 2140 876 2205 faciebant.
919 2140 1034 2202 xvssr.
1062 2138 1112 2201 50.
1134 2141 1201 2222 Ego
1222 2158 1299 2202 vero
1321 2138 1438 2221 quibus
1460 2142 1654 2205 ornamentis
1674 2144 1729 2207 ad-

400 2256 508 2300 versor
529 2236 614 2297 tuis‘t
645 2242 699 2299 aut
719 2234 772 2297 cui
794 2233 943 2316 dignitati
964 2241 1089 2297 vestrae
1110 2236 1276 2316 repugnet
1320 2232 1407 2307 Quid
1428 2240 1476 2296 est
1497 2236 1583 2316 quod
1604 2236 1669 2299 iam
1689 2238 1728 2299 ab

398 2329 461 2393 boc
484 2331 638 2413 expetas?
681 2327 792 2391 Honos
819 2327 860 2389 ad
888 2336 1026 2412 patrem,
1058 2327 1196 2409 insignia
1223 2326 1356 2390 honoris
1383 2325 1424 2388 ad
1452 2332 1485 2389 te
1512 2327 1617 2392 delata
1646 2340 1728 2393 sunt.

399 2425 448 2487 Tu
470 2431 599 2486 ornatur
622 2422 746 2486 exuviis
767 2421 864 2485 huius
886 2422 976 2485 venis
998 2421 1040 2485 ad
1068 2440 1139 2485 eum
1162 2421 1381 2493 lacerandum,
1410 2440 1504 2503 quem
1525 2422 1728 2488 interemisti:

361 2536 459 2601 aoego
481 2518 637 2581 iacentem
658 2522 690 2580 et
712 2516 882 2600 spoliatum
911 2515 1049 2580 defendo
1078 2521 1111 2577 et
1130 2521 1272 2598 protego.
1315 2514 1420 2597 Atque
1440 2513 1495 2577 bic
1514 2522 1549 2578 tu
1571 2524 1604 2579 et
1624 2536 1730 2600 repre·

398 2610 512 2674 hendis
535 2630 601 2685 me,
625 2610 700 2694 quia
722 2608 907 2685 defendam,
929 2609 991 2673 et
982 2609 1138 2671 irasceris.
1170 2609 1239 2691 Ego
1262 2614 1369 2671 autem
1390 2627 1456 2670 non
1478 2609 1573 2672 modo
1594 2611 1651 2674 tibi
1665 2631 1730 2674 non

398 2706 535 2779 irascor,
558 2704 615 2767 sed
636 2724 678 2766 ne
699 2702 896 2786 reprehendo
920 2701 1048 2785 quidem
1069 2699 1187 2764 factum
1209 2709 1308 2765 tuum
1345 2703 1390 2763 Te
1412 2701 1497 2764 enim
1512 2704 1660 2767 existimo
1673 2704 1728 2767 tibi

398 2798 565 2873 statuisse,
593 2796 673 2881 quid
693 2796 875 2860 faciendum
897 2802 1043 2880 putares,
1075 2803 1108 2859 et
1128 2796 1205 2859 satie
1228 2795 1377 2859 idoneum
1399 2792 1496 2858 officii
1523 2795 1570 2859 tui
1591 2796 1729 2860 iudicem

399 2911 470 2955 csse
492 2892 643 2975 potuisse.

361 3007 391 3055 44
482 2980 535 3048 51.
563 2986 606 3047 At
625 2985 808 3052 accusatC.
833 2984 970 3049 Cornelii
993 2982 1092 3059 filius,
1123 2994 1155 3047 et
1180 2984 1213 3047 id
1242 3003 1343 3066 aeque
1376 2944 1481 3047 valere
1503 2984 1614 3062 debet,
1642 3007 1680 3050 ac
1701 2986 1728 3049 si

399 3085 489 3162 pater
518 3078 683 3143 indicaret.
738 3078 764 3143 O
795 3086 915 3162 patrem
947 3078 1128 3141 Cornelium
1162 3078 1352 3162 sapientem!
1390 3078 1448 3161 qui
1481 3080 1568 3160 quod
1597 3081 1728 3163 praemii

400 3174 482 3236 solet
503 3194 574 3237 esse
596 3174 630 3236 in
652 3172 771 3236 indicio
793 3171 972 3256 reliquerit,
996 3172 1082 3256 quod
1103 3171 1339 3254 turpitudinis
1330 3192 1363 3234 1n
1385 3171 1602 3249 confessione,
1624 3174 1657 3237 id
1672 3194 1730 3257 per

399 3268 634 3331 accusationem
655 3266 714 3330 filii
736 3267 922 3349 susceperit
967 3267 1030 3329 Sed
1064 3265 1143 3349 quid
1164 3275 1213 3328 est
1234 3266 1378 3341 tandem,
1411 3267 1499 3350 quod
1526 3267 1646 3332 indicat
1672 3289 1731 3351 per

398 3359 495 3423 istum
516 3380 649 3443 puerum
673 3360 859 3424 Cornelius?
904 3360 937 3422 Si
958 3367 1082 3435 vetera,
1110 3358 1188 3422 mibi
1210 3360 1335 3442 ignota,
1359 3379 1429 3423 cum
1451 3359 1622 3423 Hortensio
1645 3382 1729 3425 com·
1835 3358 1842 3364 ’

467 3688 491 3738 t.
510 3692 533 3737 et
550 3685 678 3748 defendere
694 3685 726 3734 T:
745 3689 773 3735 44
789 3685 824 3734 stc
840 3686 915 3735 etiam
932 3686 979 3750 des.
999 3689 1087 3746 133ae
1103 3686 1299 3749 delectasio
1318 3712 1345 3722 -
1364 3687 1389 3735 4.
1407 3691 1497 3736 4444444
1513 3688 1642 3752 4444444444
1656 3692 1690 3742 lt:
1709 3698 1732 3743 et

401 3763 530 3827 4444444444
545 3762 579 3820 Τ;
598 3774 629 3811 cc
644 3774 695 3811 44444
711 3760 759 3824 des.
773 3759 890 3823 Sylvius;
911 3774 942 3811 cc
958 3762 1007 3826 4444.
1025 3763 1057 3821 5;
1075 3774 1119 3811 444
1135 3761 1263 3825 4444444444
1279 3762 1374 3811 Ocum
1385 3761 1445 3812 cod.
1458 3763 1550 3813 Franc.
1563 3765 1588 3814 4.
1603 3792 1632 3801 -
1650 3766 1674 3817 3.
1686 3767 1732 3817 4444

400 3840 462 3889 mibi
477 3840 497 3888 B
517 3864 545 3875 ·-
570 3838 636 3887 istud
652 3835 704 3887 Eri.
723 3836 785 3896 ΤΒ,
813 3835 892 3887 codd.
910 3837 1037 3888 Rubenii:
1063 3849 1117 3887 om.
1135 3837 1155 3885 Β
1179 3862 1207 3871 -
1233 3835 1394 3899 metecus
1418 3863 1446 3873 -
1470 3836 1495 3889 l.
1513 3839 1659 3892 4444444444
1674 3846 1733 3893 tuae

401 3916 502 3965 4444444444
518 3914 538 3963 Β
558 3939 585 3949 -
604 3914 628 3963 c.
646 3911 685 3962 Aa
699 3924 760 3961 cero
770 3937 808 3948 --
819 3912 871 3960 eutr
886 3913 1024 3963 4444444444
1034 3910 1095 3961 cod.
1109 3910 1248 3960 Parcensis
1259 3910 1286 3959 et
1298 3911 1329 3960 H.
1342 3912 1484 3977 Stephani:
1503 3919 1549 3963 44444
1563 3918 1732 3967 44444·-44444

401 4006 452 4041 nce
467 3990 602 4039 4444444444
618 3988 650 4048 Τ;
669 4000 705 4037 aa
718 3988 892 4038 coronastis
907 4002 958 4037 44444
973 3984 1352 4047 memorationem,
1371 3991 1583 4040 etcerc--euis
1597 4006 1649 4043 44444
1664 4005 1729 4044 accc.

402 4065 448 4115 SO
466 4063 565 4128 (sedin
582 4064 599 4113 S
616 4075 651 4113 444
668 4074 728 4127 sup.
746 4061 812 4126 lin).
837 4063 876 4114 Cf.
894 4062 974 4126 Scyll.
993 4075 1021 4127 p.
1040 4060 1080 4110 ΒΟ.
1102 4086 1129 4098 —·
1146 4059 1323 4121 [converrere
1339 4063 1507 4125 amplissimus
1519 4065 1554 4115 T:
1572 4068 1650 4131 enrpt.
1666 4069 1729 4132 44444.

400 4145 497 4190 vertrae
513 4140 562 4190 ΒΟ
585 4166 614 4176 -
637 4138 661 4188 6.
679 4139 728 4201 ctr]
745 4140 794 4189 44444
811 4139 830 4188 Β
851 4162 878 4174 -·
902 4139 927 4188 8.
944 4134 1095 4201 44444444ρώ44
1111 4134 1176 4185 etim
1190 4135 1256 4186 44444
1272 4136 1424 4189 Lambinus.
1444 4165 1472 4174 -
1490 4139 1564 4206 4444]
1580 4142 1648 4193 4444444
1662 4143 1683 4193 Β
1701 4170 1729 4180 -

400 4217 523 4267 4444444444
539 4228 588 4266 esee
603 4216 623 4265 B
639 4242 673 4252 —-
695 4215 718 4264 9.
735 4214 849 4278 pericula
867 4213 1042 4276 propulsanda
1057 4212 1090 4260 T:
1104 4211 1280 4273 4444444444ιά4
1293 4214 1408 4275 pericula
1424 4214 1474 4265 ΒΟ
1490 4240 1524 4252 -
1543 4214 1576 4266 st
1590 4222 1648 4267 eret
1663 4229 1729 4268 nos:

401 4293 492 4342 aderat
507 4292 539 4349 T;
558 4294 614 4340 erat
629 4290 719 4348 Parc.;
738 4294 762 4339 et
778 4294 834 4339 erat
850 4289 898 4339 ΒΟ
918 4314 944 4325 -
964 4288 1006 4339 44.
1021 4286 1082 4351 tum]
1100 4300 1157 4336 44444
1173 4288 1192 4337 Β
1206 4314 1233 4323 -
1250 4290 1336 4351 petatio
1351 4289 1416 4350 444444
1432 4289 1494 4339 Τ-
1509 4290 1622 4341 4444444·
1636 4292 1664 4341 ie
1679 4304 1732 4342 cen

402 4366 495 4417 44444444
512 4365 551 4415 cet
571 4366 599 4414 444
620 4377 710 4427 campe
732 4366 759 4415 44
782 4366 838 4428 toro
859 4365 990 4416 vinceretis
1012 4368 1096 4413 44444444
1114 4367 1203 4413 contra
1218 4377 1262 4414 cce
1282 4365 1326 4427 qut
1342 4378 1392 4427 pro
1408 4365 1428 4414 Β
1447 4390 1475 4400 -
1494 4364 1535 4416 44.
1553 4366 1581 4416 id
1595 4378 1650 4417 cm.
1668 4368 1688 4417 B
1706 4368 1733 4417 et

402 4440 462 4491 cod.
482 4441 511 4491 C.
530 4440 663 4503 Stephani.
683 4462 711 4475 -
737 4440 778 4490 te.
794 4444 875 4490 cetere
893 4440 958 4490 TB:
983 4439 1060 4489 444444
1077 4438 1126 4488 ΒΟ
1145 4466 1173 4475 -
1191 4441 1303 4490 instituto
1316 4446 1391 4502 atque
1406 4440 1520 4504 eceetptc
1537 4440 1625 4503 44444444
1642 4442 1734 4504 cuique

402 4519 421 4568 Β
439 4544 473 4555 -
489 4517 529 4567 44.
548 4516 609 4578 pate
624 4516 762 4566 artemii
779 4543 812 4553 -
829 4517 895 4577 444444
912 4516 1011 4578 quidem
1026 4514 1059 4563 ab
1074 4514 1120 4563 444
1135 4514 1188 4565 tom
1203 4516 1223 4565 B
1239 4543 1274 4552 —
1290 4516 1331 4567 48.
1348 4522 1452 4579 expetes
1462 4517 1533 4567 mei:
1552 4522 1670 4579 reportes
1684 4514 1733 4567 ali-

402 4596 467 4655 quot
484 4592 641 4642 deteriores.
654 4618 688 4628 -
703 4592 820 4651 44444444
839 4591 918 4641 bonor
933 4591 982 4641 ΒΟ
996 4615 1023 4624 -
1043 4590 1083 4639 te.
1099 4590 1197 4639 44444444
1207 4591 1281 4641 boica
1291 4591 1354 4653 Eri,
1373 4591 1451 4642 codd.
1465 4590 1593 4653 Rubenii,
1609 4594 1673 4657 Lag.
1684 4592 1730 4644 20:

402 4668 499 4717 44444444
515 4666 577 4725 ΤΒ,
603 4666 629 4715 44
652 4665 749 4728 quibus
773 4665 846 4714 4444444
862 4664 921 4715 fort.
945 4666 1007 4729 post
1023 4669 1128 4714 4444444444
1143 4664 1289 4727 intercidit;
1316 4668 1458 4717 4444444445
1475 4669 1504 4717 44
1519 4666 1599 4718 codd.
1617 4668 1683 4720 dett.
1703 4693 1731 4705 -

403 4754 476 4803 quem
491 4741 544 4803 ipae
558 4740 704 4792 interemisti
720 4742 739 4791 Β
759 4768 786 4777 -
805 4742 846 4791 ΒΟ.
866 4746 889 4791 44
904 4744 965 4806 post
981 4745 1010 4790 444
1026 4753 1079 4790 om.
1098 4742 1118 4790 Β
1137 4766 1164 4775 -—
1184 4742 1225 4791 et.
1244 4742 1306 4803 quie
1321 4741 1471 4805 defenderim
1486 4742 1518 4801 Β;
1544 4742 1588 4804 pet
1603 4743 1734 4807 4444444414

402 4816 515 4867 Ernesti.
534 4838 563 4853 ·-
582 4814 626 4865 4444
642 4830 693 4865 eoo
708 4814 781 4865 mode
798 4815 817 4864 Β
836 4840 864 4851 -
886 4815 928 4865 it.
946 4815 988 4864 red
1003 4826 1082 4877 neque
1097 4814 1144 4864 BS
1162 4840 1190 4850 -
1209 4814 1251 4866 43.
1269 4816 1336 4878 quod
1351 4818 1371 4867 T
1390 4844 1416 4855 -
1436 4816 1513 4880 444444
1527 4816 1566 4866 tert
1581 4816 1635 4870 Eri.
1653 4819 1682 4869 44
1696 4816 1731 4867 Τε

401 4891 439 4940 tut
459 4902 513 4941 oni.
532 4890 582 4941 ΒΟ
600 4916 627 4926 -
652 4889 694 4941 44.
712 4902 763 4941 esse
781 4890 891 4951 potuisse
913 4890 1023 4955 scripsi:
1048 4891 1157 4953 petefrae
1172 4891 1207 4951 Ti
1230 4893 1341 4955 ponebar
1358 4892 1417 4943 ΒΟ.
1443 4892 1597 4943 Torrentius
1612 4891 1734 4944 voluerat

399 4979 470 5029 poree
485 4977 550 5026 erse,
569 4962 721 5016 Gulielmius
737 4965 820 5029 titisse.
833 4990 861 5001 —-
881 4966 921 5016 ib.
935 4964 961 5017 Ο.
976 4978 1030 5016 om.
1044 4963 1124 5016 codd.
1136 4966 1201 5016 4444.
1215 4994 1243 5004 -
1262 4971 1286 5018 44
1300 4967 1328 5017 td
1343 4979 1422 5029 444444
1432 4967 1495 5027 TB:
1512 4966 1627 5029 ideaque
1640 4968 1732 5019 lto-

402 5041 498 5092 deberet
512 5040 551 5090 eti
564 5045 639 5102 peter
654 5041 674 5090 Β
694 5066 721 5077 ·-
744 5041 786 5092 26.
805 5041 849 5103 qut
871 5041 992 5103 quidquid
1006 5040 1151 5103 pruemttlt
1172 5068 1198 5078 -
1223 5042 1264 5092 27.
1283 5044 1311 5092 444
1325 5042 1419 5092 4444444
1434 5042 1497 5092 TB:
1519 5042 1547 5091 444
1562 5042 1655 5093 44444444
1670 5044 1688 5093 S
1705 5044 1733 5093 et

402 5116 467 5167 dett.
485 5112 616 5179 plerique.
636 5139 664 5150 -
683 5114 724 5166 28.
743 5115 785 5165 4444
801 5115 867 5177 quod
883 5115 902 5165 T
921 5141 948 5152 -
966 5116 1062 5166 44444444
1077 5116 1139 5165 RS:
1156 5115 1247 5166 44444444
1263 5117 1283 5167 'l
1300 5119 1328 5167 et
1343 5118 1418 5167 Parc.
1441 5115 1480 5167 Cf.
1491 5116 1667 5180 Wesenberg.
1680 5116 1732 5167 Ob-

401 5202 490 5243 servu.
509 5188 577 5239 critt.
596 5186 631 5238 ad
648 5201 688 5239 or.
707 5189 854 5240 Sestiacum
871 5200 897 5252 p.
916 5188 957 5241 44.
975 5216 1010 5227 -
1025 5189 1066 5241 29.
1085 5189 1208 5242 autea
1224 5192 1259 5241 l':
1285 5192 1325 5241 4444
1340 5204 1372 5243 ec
1387 5192 1425 5254 B;
1448 5192 1471 5242 44
1487 5197 1523 5243 est
1538 5205 1617 5244 4444444
1631 5192 1682 5243 ΒΟ
1700 5216 1728 5227 -

402 5278 460 5317 cum
475 5264 512 5317 44.
530 5262 660 5315 4444444444
676 5264 830 5317 Torrentius
847 5264 874 5316 in
890 5277 975 5328 marg.
