4009 6159
231 2822 264 2929 β]

273 1236 298 1329 l

281 2460 308 2574 ί

431 591 495 661 788
798 592 950 661 osane
971 592 1051 663 PRO
1072 593 1224 661 sauma
1243 594 1378 662 POETA

434 787 506 830 cum
527 768 743 850 praetentatus
765 764 859 829 etiam
878 771 945 829 tum
959 764 1091 831 Archias
1106 775 1206 842 esset,
1228 786 1301 830 eum
1314 765 1444 829 domum
1458 783 1549 830 suam
1560 774 1760 850 receperunt.

433 860 458 944 †
481 861 544 927 Sed
565 860 660 926 etiam
680 858 742 924 boc
762 878 827 922 non
849 859 951 923 solum
973 859 1092 942 ingenii
1114 880 1151 925 ac
1171 860 1363 936 litterarum,
1383 860 1612 925 verumetiam
1624 869 1759 927 natune

433 964 529 1040 atque
557 954 696 1030 virtutis,
722 960 759 1018 ut
787 952 918 1031 domus,
947 974 1031 1038 quae
1051 955 1147 1019 huius
1169 955 1402 1021 adolescentiae
1422 956 1524 1040 prima
1543 954 1618 1033 fuit,
1645 956 1759 1022 eadem

433 1057 519 1116 esset
537 1048 783 1114 familiarissima
805 1049 969 1113 senectuti.
1012 1046 1044 1111 6.
1063 1050 1139 1113 llrat
1160 1050 1353 1134 temporibus
1374 1049 1439 1114 illis
1459 1050 1619 1115 iucundus
1636 1050 1676 1128 Q.
1691 1053 1760 1117 ble-

410 1144 509 1209 etello
538 1145 586 1208 illi
607 1142 775 1207 Numidico
804 1149 838 1207 et
859 1143 929 1207 eius
950 1144 1005 1207 Pio
1025 1142 1111 1219 filio;
1139 1143 1326 1209 audiebatur
1346 1165 1367 1207 a
1389 1145 1431 1208 bl.
1453 1144 1605 1221 Aemili03
1632 1145 1760 1211 vivebat

433 1260 506 1304 cum
526 1237 567 1315 Q.
591 1237 701 1301 Catulo
724 1245 756 1301 et
777 1245 865 1327 patre
888 1244 920 1300 et
940 1234 1023 1314 lilio;
1045 1258 1063 1303 a
1084 1239 1121 1301 L.
1137 1239 1250 1303 Crasso
1273 1238 1759 1316 colebatur;;1.uculosvemet

430 1336 567 1398 Drusum
597 1339 629 1398 et
657 1330 806 1395 Octavios
833 1337 866 1394 et
889 1330 1040 1396 Catonem
1062 1339 1211 1397 ettotam
1231 1332 1475 1397 Hortensiorum
1496 1333 1626 1399 domum
1646 1334 1758 1400 devin-

233 1426 320 1521 {a
344 1422 368 1495 „l
431 1434 512 1515 cmm
534 1425 767 1492 consuetudine
788 1444 859 1488 cum
881 1432 1019 1500 teneret,
1045 1422 1242 1490 afficiebatur
1261 1447 1384 1491 summo
1404 1426 1545 1504 bonore,
1574 1429 1663 1514 quod
1684 1450 1759 1495 eum

430 1543 497 1587 uon
518 1522 621 1587 solum
642 1519 786 1584 colebant
808 1519 862 1604 qui
882 1518 1002 1603 aliquid
1020 1522 1185 1604 percipere
1199 1528 1295 1606 atque
1309 1521 1420 1586 audire
1440 1522 1625 1601 studebant,
1646 1543 1759 1589 verum

394 1619 526 1683 scotiam
554 1614 663 1701 siqui
690 1614 773 1678 forte
807 1613 1008 1678 simulabant.
1057 1616 1109 1677 [V.
1131 1616 1260 1681 interim
1283 1617 1358 1680 satis
1378 1616 1475 1699 longo
1496 1617 1663 1683 intervallo
1685 1638 1758 1681 caum

430 1719 516 1777 esset
536 1732 606 1775 cum
628 1711 669 1774 Μ.
685 1708 818 1773 Lucullo
840 1709 874 1773 in
895 1708 1032 1773 Siciliam
1053 1709 1214 1792 proiectus
1236 1717 1269 1775 et
1289 1732 1362 1775 cum
1382 1731 1425 1774 ex
1445 1730 1485 1775 ea
1504 1712 1670 1799 provincia
1683 1733 1758 1777 cum

430 1805 543 1869 codem
563 1804 697 1868 Lucullo
719 1803 903 1878 decederet,
925 1803 1013 1867 venit
1031 1803 1228 1868 Heracleam.
1264 1804 1356 1882 Quae
1376 1824 1448 1870 cum
1469 1814 1554 1871 esset
1574 1807 1685 1873 civitas
1703 1827 1758 1873 ae-

429 1900 584 1984 quissimo
605 1898 675 1961 iure
696 1918 733 1961 ac
752 1897 895 1971 loedere,
916 1897 1053 1961 adscribi
1075 1918 1109 1961 se
1127 1899 1161 1961 in
1175 1918 1246 1963 eam
1259 1900 1418 1963 civitatem
1431 1900 1534 1965 voluit
1546 1899 1663 1985 idque,
1684 1922 1757 1965 caum

428 1994 499 2076 ipse
526 2013 584 2075 per
611 2013 645 2057 se
667 1993 781 2077 dignus
808 2000 987 2075 putaretur,
1016 2000 1083 2055 tum
1105 1994 1290 2057 auctoritate
1312 2000 1344 2058 et
1364 1995 1464 2077 gratia
1484 1994 1610 2061 Luculli
1630 1996 1670 2061 ab
1691 1995 1757 2060 He-

391 2088 634 2153 ioracliensibus
655 2088 846 2171 impetravit.
888 2084 919 2149 7.
941 2088 1022 2150 llata
1041 2094 1092 2150 est
1112 2087 1221 2152 civitas
1237 2088 1358 2153 Silvani
1376 2088 1446 2173 lege
1467 2095 1500 2153 et
1515 2089 1685 2167 Carbonis,
1708 2090 1755 2155 «si

428 2183 484 2266 qui
505 2180 675 2247 foederatis
697 2181 874 2246 civitatibus
898 2180 1049 2263 adscripti
1069 2180 1222 2258 fuissent3
1254 2183 1282 2247 si
1304 2191 1370 2247 tum
1377 2228 1387 2259 ,
1418 2203 1490 2248 cum
1511 2183 1566 2247 lex
1585 2183 1754 2259 ferebatur,

427 2279 462 2342 in
483 2278 574 2341 ltalia
595 2276 789 2342 domicilium
810 2274 1038 2350 habuissent„
1070 2283 1103 2339 et
1134 2277 1186 2341 esi
1206 2277 1369 2360 sexaginta
1390 2276 1501 2343 diebus
1522 2278 1608 2362 apud
1628 2285 1755 2363 praeto·

427 2392 494 2436 rem
516 2379 623 2437 essent
643 2370 810 2454 professi.»
849 2370 928 2435 Cum
949 2370 1002 2433 hic
1024 2370 1219 2435 domicilium
1233 2372 1352 2435 Romae
1364 2371 1480 2436 multos
1501 2372 1566 2435 iam
1583 2392 1684 2437 annos
1697 2372 1754 2437 ba-

425 2467 533 2542 beret,
555 2466 716 2550 prolessus
738 2472 787 2529 est
800 2463 886 2548 apud
906 2473 1083 2548 praetorem
1099 2465 1138 2541 Q.
1153 2464 1332 2539 blctellum,
1355 2464 1635 2550 familiarissimum
1648 2487 1753 2531 suum.

389 2559 457 2624 ao8.
481 2561 515 2624 Si
543 2560 623 2624 nihil
651 2559 739 2623 aliud
767 2559 829 2622 uisi
859 2559 1046 2623 decivitate
1073 2579 1111 2623 ac
1131 2558 1202 2641 lege
1224 2559 1376 2636 dicimus,
1404 2549 1487 2625 nibil
1507 2560 1579 2627 dico
1600 2561 1753 2648 amplius;

426 2674 522 2722 causa
543 2653 628 2718 dicta
649 2660 708 2717 est.
747 2653 833 2729 Quid
848 2654 930 2717 enim
945 2652 1060 2717 borum
1075 2650 1241 2729 infirmari,
1263 2654 1368 2729 (irati,
1389 2658 1516 2738 potest?
1537 2655 1752 2721 Heracleaene

426 2770 496 2815 esse
517 2756 586 2812 tum
608 2747 803 2830 adscriptum
824 2747 975 2830 negabis?
1005 2748 1104 2812 Adest
1125 2748 1174 2811 vir
1195 2768 1316 2813 summa
1337 2748 1526 2813 auctoritate
1545 2757 1579 2813 et
1598 2749 1752 2833 religione

373 2875 392 2930 χ
427 2851 458 2909 et
477 2843 541 2907 fide
563 2843 605 2906 Μ.
627 2841 798 2917 Lucullus,
831 2842 944 2926 quise
967 2862 1032 2905 nou
1054 2843 1197 2926 opinari,
1230 2843 1288 2907 sed
1309 2844 1404 2919 scire,
1438 2862 1504 2907 uon
1525 2842 1666 2919 audisse,
1696 2841 1752 2907 sed

360 2965 367 3026 f
425 2939 559 3013 vidisse,
584 2926 653 3000 'non
681 2934 880 3011 interfuisse,
910 2936 968 3001 sed
996 2938 1099 3019 egisse
1124 2936 1213 3001 dicit.
1256 2937 1380 3001 Adsunt
1399 2936 1619 3003 Heraclienses
1640 2937 1752 3021 legati,

361 3033 370 3088 l
388 3032 613 3099 nuchilissimi
640 3030 802 3106 homines,
830 3029 926 3094 huius
953 3030 1065 3095 iudicii
1087 3050 1185 3095 causa
1205 3052 1277 3095 cum
1302 3030 1456 3095 mandatis
1478 3038 1511 3096 et
1531 3052 1604 3097 cum
1623 3031 1751 3115 publico

425 3126 606 3193 testimonio
628 3132 802 3200 venerunt,
825 3126 879 3208 qui
900 3124 985 3189 hunc
1007 3124 1203 3208 adscriptum
1224 3125 1461 3189 Heracliensem
1482 3125 1602 3189 dicunt
1632 3123 1694 3188 Hic
1715 3132 1751 3189 tu

423 3221 548 3289 unnim
570 3219 731 3283 desideras
752 3218 1002 3284 Heracliensium
1025 3219 1186 3302 publicas,
1214 3240 1294 3305 quas
1315 3219 1426 3283 italico
1447 3219 1532 3284 bello
1552 3221 1684 3284 incenso
1703 3226 1752 3285 ta·

423 3315 547 3380 helario
576 3313 722 3378 interisse
751 3314 869 3378 scimus
898 3334 1018 3378 omnes.
1055 3314 1112 3377 list
1139 3315 1310 3378 ridiculum
1337 3313 1378 3377 ad
1399 3333 1453 3389 ea,
1481 3332 1566 3399 quae
1585 3312 1750 3388 babemus,

312 3450 315 3459 ·
423 3409 505 3473 nihil
528 3408 648 3483 dicere,
670 3425 840 3490 quaerere,
863 3428 946 3491 quae
967 3407 1084 3473 habere
1106 3427 1172 3471 non
1192 3429 1377 3493 possumus,
1399 3416 1431 3472 et
1452 3408 1491 3472 de
1505 3408 1670 3474 bominum
1683 3430 1751 3475 me·

385 3503 525 3571 somoria
546 3509 666 3575 tacere,
688 3500 865 3565 litterarum
886 3503 1070 3567 memoriam
1091 3504 1249 3586 flagitare,
1276 3510 1310 3565 et
1330 3522 1402 3565 cum
1422 3501 1541 3567 babeas
1562 3504 1749 3589 amplissimi

423 3598 483 3664 viri
504 3596 708 3679 religionem,
738 3596 930 3678 integerrimi
952 3596 1117 3680 municipii
1138 3597 1187 3661 ius
1207 3596 1375 3661 iurandum
1394 3593 1568 3681 iidemque,
1590 3617 1644 3674 ea,
1665 3618 1748 3681 quae

423 3690 588 3776 depravari
610 3689 699 3753 nullo
721 3690 817 3756 modo
839 3699 991 3774 possunt,
1020 3692 1205 3775 repudiare,
1226 3691 1365 3768 tabulas,
1387 3711 1467 3776 quas
1487 3692 1574 3757 idem
1595 3691 1675 3757 dicis
1696 3712 1747 3756 so-

486 3965 510 4014 4.
526 3960 720 4026 mutuesci:
735 3989 761 3999 -
780 3962 807 4012 44
818 3962 919 4014 mmm
933 3965 963 4024 P,
982 3975 1062 4027 mam
1078 3961 1221 4015 lectionem
1238 3962 1318 4013 etiam
1334 3961 1362 4013 in
1373 3961 1394 4013 E
1405 3974 1435 4013 se
1446 3961 1581 4014 invenisse
1592 3962 1658 4014 dixit
1665 3963 1748 4015 Zum-

419 4040 490 4103 ptius
507 4038 541 4088 ad
558 4038 634 4089 Verr.
652 4050 679 4102 p.
693 4036 749 4088 446.
768 4036 821 4087 Sed
838 4036 898 4089 vide
915 4050 995 4103 supra
1013 4051 1040 4103 p.
1058 4038 1115 4089 447.
1133 4051 1160 4088 v.
1179 4037 1220 4088 39.
1240 4064 1268 4073 —
1286 4039 1312 4089 2.
1330 4037 1379 4088 Sed
1394 4038 1471 4088 etiem
1485 4036 1539 4101 boc]
1556 4036 1605 4088 Sed
1619 4038 1686 4089 eaba
1700 4037 1747 4087 boc

418 4126 482 4163 curn
499 4110 542 4163 ed.
560 4112 653 4164 Aldina
669 4113 703 4174 ις
721 4112 810 4163 ausim
825 4112 870 4163 boc
887 4126 941 4177 mg.
954 4111 986 4173 23
1004 4114 1050 4164 4444
1065 4114 1118 4164 ium
1133 4114 1179 4164 ltoc
1190 4114 1358 4173 Garatonins;
1377 4112 1426 4163 Sed
1441 4118 1477 4164 444
1491 4113 1545 4162 iam
1560 4112 1606 4163 boe
1621 4114 1746 4164 Staeren·

416 4186 500 4252 burg;
519 4188 568 4237 Sed
583 4187 637 4239 tom
652 4188 697 4237 boc
714 4186 846 4247 Halmius;
865 4188 993 4250 8444444444
1009 4189 1063 4239 tom
1077 4188 1123 4239 boc
1134 4188 1289 4251 Madvigius.
1302 4214 1331 4224 -
1350 4189 1374 4239 3.
1391 4189 1492 4239 44444444
1505 4188 1568 4251 sadi,
1585 4194 1614 4239 ut
1624 4200 1689 4240 cum
1699 4187 1743 4239 ed.

416 4263 516 4313 Veneta
530 4262 563 4325 (a.
576 4261 649 4324 4483)
661 4264 680 4313 Ι.
691 4289 718 4298 -
731 4263 940 4314 44444444444446
953 4291 980 4302 -
992 4264 1042 4327 psit
1052 4262 1130 4314 codd.
1143 4264 1367 4328 Lagomarsiniani
1378 4276 1489 4315 novem:
1505 4262 1583 4326 suces't
1593 4263 1743 4324 441444.ος

413 4338 506 4401 (coeit
521 4337 667 4399 Weiskius;
683 4340 795 4400 potaverit
812 4338 929 4400 lleizius3
945 4340 1030 4401 potuit
1045 4338 1199 4403 Madvigius.
1213 4364 1240 4374 -
1260 4338 1284 4390 4.
1297 4339 1362 4388 Erat
1373 4364 1411 4376 --
1420 4340 1456 4389 Μ.
1468 4338 1571 4389 sente
1584 4336 1668 4389 habet
1683 4338 1701 4388 S
1714 4362 1744 4374 -

413 4414 607 4463 44444ιά44444-
622 4414 650 4477 Q.
664 4426 718 4463 om.
730 4415 751 4465 1.
764 4441 792 4450 -
809 4414 833 4463 5.
847 4414 1047 4479 etPiosiasfltio
1059 4416 1092 4474 i.;
1105 4413 1154 4465 sed
1168 4412 1202 4464 cl.
1215 4411 1394 4477 proCluentio
1409 4412 1482 4477 523:
1499 4413 1530 4463 Δ.
1542 4412 1746 4465 immortates

413 4489 518 4538 ludum
533 4487 621 4553 44444444.
648 4489 720 4539 Brut.
739 4488 754 4551 g
772 4488 818 4539 98:
837 4490 892 4539 Ser.
906 4488 1000 4551 Galba,
1018 4490 1089 4539 4444444
1105 4488 1170 4539 Gaio
1183 4489 1247 4554 pllio.
1270 4488 1309 4539 De
1326 4488 1401 4539 deor.
1420 4491 1474 4539 nat.
1491 4489 1534 4539 lll.
1553 4487 1568 4552 g
1585 4488 1632 4540 39:
1648 4489 1745 4540 boeco-

414 4564 510 4625 tltsom,
529 4575 593 4624 quoe
609 4563 658 4626 snit
672 4563 730 4625 luo,
750 4568 773 4614 et
789 4564 841 4615 44444
851 4564 1024 4615 Palaemonem
1038 4564 1127 4630 fllium.
1141 4591 1169 4601 -
1189 4564 1213 4614 6.
1232 4577 1289 4615 cum
1301 4563 1491 4628 Quietodetslo
1503 4563 1746 4627 poss--flome-

411 4640 507 4689 sonan
524 4638 625 4687 (44444444
642 4636 725 4688 babet
741 4640 758 4687 s
776 4664 803 4675 —
822 4639 940 4689 4444444444
956 4640 972 4689 S
992 4666 1019 4675 -
1039 4639 1080 4689 so.
1098 4639 1171 4703 bago
1186 4640 1249 4689 44444
1263 4641 1283 4690 L
1303 4666 1330 4677 -
1349 4641 1390 4690 44.
1407 4652 1465 4690 cam
1479 4638 1745 4690 Hbeculloscbee-

411 4715 493 4763 tzius:
513 4726 570 4763 com
585 4713 614 4762 L.
627 4712 729 4763 brecutlo
746 4714 853 4765 GELO
869 4740 903 4750 -
925 4713 1038 4765 Cilicium
1060 4727 1123 4764 cum
1140 4714 1183 4765 ed.
1200 4715 1365 4778 Hervagiana
1381 4715 1401 4765 1.
1417 4741 1450 4754 -
1471 4714 1513 4766 43.
1529 4726 1587 4764 men
1602 4724 1657 4764 om.
1674 4714 1695 4763 P
1711 4736 1740 4749 -

411 4786 454 4839 44.
473 4788 672 4839 Heracliensibus
688 4788 764 4839 GES
782 4788 913 4853 (ubique):
932 4788 1134 4839 Heracleuuibus
1150 4800 1213 4839 cum
1224 4790 1343 4842 Ernestio
1360 4789 1426 4839 0-
1441 4790 1483 4840 lo.
1501 4788 1593 4839 8444444
1608 4789 1643 4849 Ε;
1661 4786 1744 4839 sitm

411 4864 468 4913 GL.
493 4863 635 4915 Hotomaui
659 4864 687 4914 et
707 4864 814 4915 llanutii
836 4862 1053 4915 emendationem
1074 4863 1233 4915 confirmare
1258 4863 1364 4915 videtur
1381 4862 1441 4914 cod.
1460 4865 1567 4927 Legem.
1585 4864 1627 4915 66.
1648 4890 1677 4901 -
1698 4860 1741 4913 ie.

406 4942 599 5001 praetereamus
607 4939 734 4989 listellam
744 4940 764 4989 E
775 4966 809 4976 —
825 4940 866 4991 20.
879 4942 910 4991 de
920 4940 1020 4991 44444444
1035 4940 1082 4988 buc
1095 4939 1148 5003 lege
1158 4940 1301 4991 Puteanus.
1316 4966 1344 4974 —
1363 4939 1404 4990 it.
1418 4939 1493 4990 Grati
1502 4940 1642 4991 Gruterus:
1660 4937 1742 5004 pret&

409 5014 532 5073 asem
552 5013 663 5064 Graccis
680 5016 708 5064 L.
728 5013 890 5077 (14442.-
910 5016 951 5066 22.
971 5020 1024 5065 iam
1041 5014 1132 5064 GEP:
1151 5026 1207 5063 curu
1223 5015 1286 5075 Δις
1306 5019 1333 5065 tu
1349 5026 1406 5065 eun
1421 5011 1549 5065 Halmius.
1563 5040 1592 5051 -
1609 5012 1653 5065 23.
1669 5011 1741 5063 sau

408 5087 471 5140 EA:
489 5089 519 5138 L.
538 5099 600 5138 eum
618 5087 661 5138 ed.
680 5088 844 5151 Hervagiena
861 5090 922 5151 L03
950 5103 1003 5141 om.
1022 5092 1041 5140 P
1058 5116 1091 5125 -
1106 5090 1206 5139 oudbse
1222 5090 1286 5140 GE:
1313 5090 1437 5140 (4444444444
1451 5089 1533 5141 ALO
1551 5112 1581 5127 ··
1598 5089 1640 5141 25.
1657 5085 1740 5153 44444]

406 5164 450 5226 qut
461 5164 534 5213 444444
545 5176 608 5214 eum
620 5164 663 5214 ed.
674 5164 850 5215 camerariis.
864 5192 892 5204 -
905 5166 946 5215 26.
959 5169 1079 5215 autemst
1091 5161 1236 5215 delendum
1247 5167 1341 5217 censet
1352 5163 1552 5216 blommsenius.
1561 5190 1589 5201 -
1602 5162 1740 5225 mium

405 5238 737 5301 summonitionem
756 5240 1134 5306 adscriptumJslicroclreaecm
1150 5239 1313 5291 4444440-
1327 5236 1739 5291 bictutobuloedsslderssllero-

404 5313 540 5377 clieasiears,
554 5315 738 5377 misterius
748 5315 1088 5368 scimusmnoesbabets-
1100 5316 1142 5369 27.
1155 5314 1738 5383 tobedoeGEP-iti.bubm]asldmtl.
