4009 6159
379 558 463 626 4278
797 565 950 631 ORATIO
971 567 1198 632 PHILIPPICA
1218 566 1271 630 Ill.

377 734 566 798 stulantibus
587 753 647 797 nec
669 733 889 817 cogitantibus,
911 755 951 798 ne
974 737 1154 819 optantibus
1169 737 1299 820 quidem
1314 733 1418 811 nobis,
1441 737 1593 821 quianon
1608 760 1705 822 posse

378 827 445 891 fieri
473 827 651 902 videbatur,
681 824 895 892 firmissimum
925 830 1098 893 exercitum
1128 851 1169 893 ex
1198 830 1316 892 invicto
1346 823 1460 912 genere
1482 840 1703 898 veteranorum

376 923 511 986 militum
535 923 728 1005 comparavit
748 923 1037 1007 patrimoniumque
1059 945 1151 988 suum
1173 924 1300 988 effudit:
1331 945 1523 1008 quamquam
1545 946 1610 989 non
1633 949 1702 991 sum

376 1038 453 1080 usus
475 1035 513 1079 eo
536 1016 632 1079 verbo
656 1037 719 1099 quo
743 1016 854 1091 debui;
878 1037 942 1080 non
958 1020 1050 1092 ,enim
1074 1017 1203 1081 elludit:
1227 1018 1258 1079 in
1281 1018 1328 1081 rei
1350 1018 1497 1101 publicae
1519 1020 1620 1084 salute
1639 1021 1705 1084 col-

352 1110 502 1176 alocavit.
545 1106 575 1172 l.
599 1109 657 1173 Cui
680 1129 873 1196 quamquam
896 1112 995 1195 gratia
1018 1112 1128 1176 referri
1150 1120 1238 1176 tanta
1259 1132 1324 1174 non
1345 1119 1451 1198 potest
1468 1124 1585 1197 quanta
1607 1115 1705 1179 debe·

375 1214 439 1281 tur,
470 1201 616 1268 habenda
644 1211 749 1267 tamen
777 1210 825 1267 est
852 1212 953 1280 tanta,
982 1213 1137 1295 quantam,
1160 1205 1328 1268 maximam
1350 1205 1446 1268 animi
1468 1209 1567 1271 nostri
1589 1230 1705 1294 capere

374 1306 518 1382 possunt.
550 1298 628 1374 Quis
651 1299 734 1361 enim
758 1306 806 1362 est
828 1306 890 1360 tam
913 1298 1041 1381 ignarus
1063 1319 1186 1373 rerum,
1209 1307 1272 1361 tam
1294 1298 1374 1361 nihil
1390 1299 1430 1363 de
1453 1321 1486 1363 re
1508 1304 1635 1385 publica
1650 1325 1704 1367 co·

374 1395 494 1476 gitans,
517 1392 573 1476 qui
595 1393 656 1455 hoc
679 1411 741 1454 non
764 1391 936 1474 intelligat,
958 1394 987 1456 si
1008 1395 1050 1457 lt.
1065 1395 1222 1458 Antonius
1237 1414 1255 1456 a
1271 1394 1437 1457 Brundisio
1452 1416 1522 1458 cum
1541 1397 1579 1460 iis
1594 1398 1703 1481 copiis,

374 1509 452 1572 quas
482 1508 516 1550 se
545 1486 723 1549 habiturum
752 1486 900 1568 putabat,
933 1489 1081 1564 Romam,
1113 1495 1149 1550 ut
1176 1488 1366 1562 minabatur,
1399 1489 1509 1551 venire
1530 1492 1703 1572 potuisset,

336 1602 363 1648 to
373 1582 494 1646 nullum
516 1599 616 1663 genus
639 1600 711 1642 eum
735 1580 931 1643 crudelitatis
954 1583 1197 1663 praeteriturum
1218 1580 1340 1644 fuisse?
1369 1583 1488 1665 quippe
1511 1585 1567 1667 qui
1589 1584 1622 1645 in
1642 1584 1702 1646 ho-

373 1677 465 1760 spitis
487 1674 577 1737 tectis
600 1674 762 1736 Brundisii
783 1673 970 1737 fortissimos
984 1675 1070 1738 viros
1087 1676 1290 1758 optimosque
1305 1677 1388 1740 cives
1407 1677 1542 1758 iugulari
1558 1679 1701 1752 iusserit3

373 1789 510 1855 quornm
532 1769 724 1851 antepedes
747 1768 816 1830 eius
837 1769 1042 1831 morientium
1064 1771 1218 1852 sanguine
1240 1789 1276 1832 os
1297 1772 1408 1833 uxoris
1430 1789 1608 1855 respersum
1630 1790 1702 1832 esse

372 1864 544 1928 constabat.
581 1861 648 1924 Hac
678 1860 733 1924 illc
755 1861 939 1926 crudelitate
964 1863 1120 1937 imbutus,
1151 1883 1223 1926 cum
1244 1864 1344 1926 multo
1365 1865 1458 1927 nobis
1481 1865 1627 1928 omnibns
1648 1883 1702 1927 ve-

372 1960 455 2022 niret
476 1957 600 2030 iratior,
623 1974 719 2038 quam
741 1955 805 2017 illis
827 1954 946 2031 linerat,
969 1977 1049 2040 quos
1069 1957 1257 2031 trucidarat,
1281 1959 1330 2021 cui
1346 1959 1475 2022 tandem
1490 1968 1632 2022 nostrum
1647 1965 1703 2021 ant

335 2053 423 2120 lacui
446 2052 575 2115 omnino
597 2049 682 2112 hono
705 2049 924 2133 pepercisset?
959 2049 988 2111 5.
1007 2049 1078 2125 Qua
1098 2059 1188 2134 peste
1208 2052 1331 2135 privato
1354 2053 1488 2116 consilio
1509 2073 1577 2116 rem
1598 2052 1703 2136 publi-

372 2167 440 2209 cam
462 2177 503 2192 -
525 2163 632 2227 neque
662 2143 747 2206 euim
772 2142 841 2205 fieri
872 2144 976 2227 potuit
997 2145 1151 2207 aliter-
1174 2146 1464 2234 Caesarliberarit.
1499 2147 1562 2223 Qui
1583 2147 1645 2209 nisi
1667 2146 1701 2207 in

326 2307 328 2313 ,
370 2240 431 2304 bac
452 2259 487 2302 rc
510 2238 637 2322 publica
658 2244 752 2301 natus
776 2246 874 2312 esset,
896 2258 963 2300 rem
985 2237 1144 2320 publicam
1171 2242 1290 2303 scelere
1311 2242 1441 2304 Antonii
1464 2242 1583 2305 nullam
1603 2239 1702 2302 habe·

370 2353 487 2398 remus.
532 2333 584 2397 Sic
614 2333 698 2396 enim
729 2333 901 2416 perspicio,
931 2333 976 2395 sic
998 2331 1122 2406 iudico,
1152 2334 1212 2397 nisi
1234 2354 1316 2397 unus
1340 2335 1523 2400 adolescens
1546 2335 1631 2398 illius
1651 2333 1702 2395 fu-

371 2428 470 2492 rentis
492 2428 628 2509 impetus
651 2427 952 2509 crudelissimosque
975 2434 1110 2489 conatus
1124 2427 1337 2503 cohibuisset,
1359 2449 1426 2493 rem
1448 2429 1607 2512 publicam
1628 2427 1701 2490 fun·

333 2524 456 2591 abditus
477 2522 675 2586 interituram
697 2519 807 2585 luisse.
830 2522 888 2585 Cui
911 2521 1041 2605 quidem
1061 2520 1216 2585 hodierno
1237 2522 1306 2597 die,
1329 2531 1435 2605 patres
1457 2521 1637 2604 conscripti,
1658 2553 1700 2567 -
1809 2557 1816 2574 ·

370 2635 456 2682 nunc
478 2617 563 2680 enim
583 2617 721 2700 primum
741 2616 785 2679 ita
799 2616 1023 2690 convenimus,
1044 2623 1080 2679 ut
1094 2616 1180 2680 illius
1195 2616 1350 2681 beneficio
1364 2609 1529 2700 possemus
1543 2635 1592 2689 ea,
1615 2634 1699 2698 quae

343 2761 346 2768 .
372 2714 576 2784 sentiremus,
604 2711 704 2775 libere
734 2711 839 2774 dicere
870 2745 909 2758 -
938 2709 1107 2774 tribuenda
1137 2719 1186 2774 est
1215 2714 1401 2787 samaritas,
1433 2721 1562 2776 utrem
1596 2711 1701 2796 publi·

372 2827 441 2872 cam
462 2825 528 2870 non
550 2807 644 2869 modo
666 2826 684 2869 a
707 2825 741 2869 se
763 2813 957 2890 susceptam,
980 2807 1037 2870 sed
1058 2806 1154 2869 etiam
1175 2826 1194 2869 a
1216 2808 1307 2872 nobis
1330 2808 1580 2872 commendatam
1600 2806 1702 2889 possit

373 2899 555 2964 defendere.

336 3015 364 3062 ss
458 2994 511 3056 lll.
534 2991 564 3055 6.
586 2995 651 3056 Nec
673 3013 748 3056 vcro
770 2994 810 3056 de
832 2993 957 3076 legione
979 2995 1109 3069 Martia,
1133 2997 1281 3078 quoniam
1303 2997 1400 3079 longo
1421 2997 1587 3060 intervallo
1609 2995 1699 3080 loqui

346 3089 465 3152 uobis
487 3089 527 3152 de
549 3107 583 3150 re
611 3086 738 3170 publica
766 3087 856 3161 licet,
885 3088 973 3150 sileri
1002 3095 1116 3170 potest.
1153 3090 1231 3164 Quis
1261 3091 1344 3154 enim
1366 3111 1448 3153 unus
1468 3089 1598 3164 fortior,
1626 3089 1699 3172 quis

373 3182 504 3246 amicior
525 3199 677 3264 umquam
699 3182 746 3243 rei
767 3181 912 3264 publicae
926 3181 988 3244 luit
1002 3203 1098 3265 quam
1113 3183 1197 3266 legio
1211 3185 1323 3246 Martia
1338 3183 1507 3247 universal
1529 3201 1699 3266 quaecum

371 3277 496 3340 hostem
524 3273 635 3358 populi
665 3275 797 3338 Romani
817 3275 991 3340 Antonium
1019 3276 1204 3352 iudicasset,
1232 3297 1339 3341 comes
1361 3299 1432 3341 esse
1454 3279 1522 3341 eius
1543 3276 1699 3340 amentiae

372 3369 492 3433 noluita
514 3369 644 3452 reliquit
664 3369 845 3442 consulens,
869 3368 957 3451 quod
977 3368 1119 3451 profecto
1140 3391 1204 3434 non
1226 3371 1369 3446 fecisset,
1392 3372 1419 3433 si
1441 3390 1513 3434 eum
1536 3370 1697 3434 consrdem

306 3499 308 3504 ·
335 3462 557 3536 adiudicasset,
580 3480 675 3545 quem
697 3461 776 3525 nihil
799 3461 884 3525 aliud
907 3481 1016 3547 agere,
1038 3464 1118 3527 nihil
1134 3465 1238 3528 moliri
1254 3466 1316 3529 nisi
1330 3463 1460 3529 caedem
1473 3465 1588 3529 civium
1602 3471 1697 3548 atque

437 3851 462 3901 t.
480 3862 512 3901 ne
527 3845 668 3913 mamutio
683 3845 840 3897 Lambinus:
858 3859 903 3897 osc
920 3847 1061 3910 optantibus
1076 3849 1139 3909 νος
1157 3848 1428 3912 ηωορᾰοαιιείὁωῦς
1446 3850 1695 3903 munducabis.

372 3928 487 3980 deflnn.
511 3925 679 3990 pabbsqq.
699 3924 727 3974 et
748 3923 1019 3986 Tac.Ann.1l1,ll.
1042 3951 1070 3962 -
1094 3925 1234 3987 cqrstdmt
1259 3951 1287 3961 -
1309 3926 1468 3976 ⁸0st-
1491 3927 1626 3990 mcv-
1647 3939 1698 3978 non

369 3999 874 4069 posscflsrs'll:ltsn'poassnonn-
893 3999 918 4049 2.
938 3998 1021 4050 sav:
1041 4001 1130 4050 cml)
1149 4000 1468 4051 -ustaroouomnv-
1487 4001 1696 4065 amasam.

371 4069 733 4144 quamv-uanuaaav':
754 4074 1321 4138 umasuatntuenasaoncrbouslal-
1345 4073 1695 4127 l.dobutv:decuttl)-

371 4155 458 4218 abludit
473 4151 496 4202 ll
512 4153 570 4216 (pro
587 4151 685 4214 obfudit)
703 4176 731 4186 -
750 4151 777 4200 io
793 4150 937 4214 republica
952 4151 1032 4200 soluto
1048 4150 1086 4210 V;
1104 4151 1146 4200 scd
1160 4150 1188 4199 s'o
1203 4149 1283 4200 solute
1301 4152 1340 4200 rai
1353 4164 1380 4213 p.
1396 4152 1418 4201 D
1433 4175 1460 4187 -
1478 4150 1618 4201 cosbeooa't
1632 4150 1655 4200 V
1668 4175 1695 4186 -

371 4227 723 4280 humamanam-
750 4225 931 4288 quootov—
956 4223 1699 4289 7.tpnon'usv-8.btsVl)-b.pntabctll:pu-

371 4307 472 4354 mount
496 4303 533 4362 D;
555 4303 662 4364 mucro
682 4301 703 4351 0
725 4312 788 4350 cum
811 4301 951 4350 Garatonio
974 4299 1033 4350 coll.
1051 4298 1165 4350 lectione
1181 4299 1300 4350 Vaticani
1319 4300 1347 4349 in
1364 4313 1403 4349 or.
1421 4297 1486 4350 Phil.
1505 4301 1540 4361 ll,
1559 4299 1574 4365 8
1591 4300 1648 4350 llb.
1666 4324 1694 4334 -

370 4378 411 4428 lb.
430 4389 636 4427 domama*-
655 4374 768 4437 qutom.
787 4376 798 4425 t
817 4399 844 4411 -
868 4374 1103 4433 tl.br1mdtsstv;
1126 4373 1160 4424 cl.
1178 4371 1334 4438 inhaslb.
1356 4400 1383 4411 -
1407 4375 1695 4439 optbnosqnsctuesv:

368 4452 643 4514 ctomoptlmosb—
667 4449 877 4514 topolaslav-
900 4448 1052 4500 tussoltll:
1073 4449 1226 4499 lsoesz-
1251 4449 1338 4498 tboa
1360 4449 1546 4499 sumrov-
1565 4449 1695 4500 danobis

369 4527 482 4578 ombus
503 4523 569 4577 Gull.
588 4525 677 4576 Christ
698 4523 764 4588 (coll.
784 4537 823 4575 cr.
840 4525 871 4586 V,
891 4524 906 4589 fi
923 4524 970 4574 Ὧι
994 4535 1043 4586 quo
1059 4524 1144 4574 coloso
1159 4524 1225 4573 baete
1239 4523 1353 4586 tabum
1368 4524 1444 4587 sitim
1467 4525 1569 4576 ommis
1588 4525 1616 4574 to
1636 4537 1694 4586 scs,

369 4616 431 4667 quos
446 4603 541 4664 omont,
559 4615 617 4652 oum
632 4601 659 4651 s'o
672 4613 721 4662 eos,
739 4613 801 4664 quos
815 4598 1075 4663 commonstrarat,
1093 4603 1146 4648 tom
1160 4598 1268 4650 mdells
1281 4598 1407 4665 sabath:
1426 4599 1494 4650 bools
1510 4598 1694 4658 omnibusvm

368 4677 438 4729 bonta
458 4675 595 4728 bombatbau
612 4677 634 4726 l)
653 4701 681 4712 —
702 4676 788 4727 uentre
803 4677 886 4725 ratior
903 4671 933 4724 V¹
951 4699 978 4710 -
1002 4671 1043 4724 ll.
1060 4678 1171 4723 neam
1187 4674 1208 4723 D
1227 4699 1255 4710 -
1274 4674 1314 4724 lb.
1329 4674 1435 4736 manto
1451 4673 1583 4724 consiliaro
1595 4671 1697 4736 publico

368 4750 731 4815 namucensem-tuoto
751 4749 997 4800 consilioueclt-
1017 4747 1259 4812 l6.potus'tflm'b
1280 4774 1307 4785 -
1329 4748 1505 4811 quinatv-
1524 4749 1695 4810 thrumon-

369 4825 481 4886 bb'caV3
498 4839 527 4877 re
542 4823 645 4888 pb-
663 4824 824 4876 scctorcllb:
844 4823 977 4874 abacelam
993 4824 1092 4887 αμ-
1110 4824 1309 4875 ωιονηιὶίαν-
1332 4823 1631 4875 tblatcrsltwomv-
1650 4824 1696 4875 Gal

368 4902 568 4953 --coswostmos
583 4897 660 4950 affert
675 4899 774 4950 Nonius
790 4912 818 4964 p.
830 4899 888 4951 27⁴.
903 4925 932 4937 -
949 4899 1064 4950 badim
1078 4899 1102 4949 V
1115 4925 1142 4936 -
1160 4900 1201 4951 2⁴.
1219 4904 1248 4950 ut
1262 4900 1293 4962 de
1308 4897 1375 4950 llltsu
1390 4897 1469 4950 bt-
1485 4900 1608 4962 ponimus
1624 4897 1695 4949 ah¹t

371 4977 642 5030 -oovtomD-
660 4974 898 5039 bhpoblt'cav-
916 4972 1693 5026 aa.ouobeb-oomonuasav-se.nobbom.t-

367 5053 441 5116 waes]
457 5063 579 5116 tunquam
594 5052 606 5101 t
624 5075 651 5087 -
669 5050 710 5100 27.
727 5049 872 5114 republica
887 5050 949 5101 V·-
968 5049 1202 5101 28.Antom'umV:
1220 5050 1401 5101 indoleam
1416 5050 1540 5114 Dolsed
1558 5063 1588 5101 a:
1604 5063 1694 5114 prou.

368 5129 506 5192 onwnlaun)
525 5153 553 5164 -
570 5125 776 5186 tudbnade3
798 5126 994 5186 tudlcamn
1014 5151 1042 5162 —
1065 5127 1118 5177 aas
1133 5137 1263 5188 πεσε-
1282 5126 1389 5177 malloo
1404 5125 1450 5186 νη
1468 5126 1595 5177 meldos
1612 5127 1650 5176 at
1667 5151 1696 5164 -

370 5205 412 5256 29.
430 5201 685 5267 quon--tsneassu
699 5212 753 5252 om.
771 5201 783 5250 t
801 5226 829 5237 -
847 5200 888 5253 ab.
906 5201 1005 5253 mehor
1019 5201 1062 5254 sed
1077 5201 1114 5252 V:
1133 5200 1292 5254 cosumus
1307 5200 1377 5266 ang
1395 5227 1421 5238 -
1441 5200 1505 5254 obst
1519 5201 1555 5263 V;
1573 5211 1696 5263 quan·-

371 5275 788 5345 minocentaurum
804 5277 839 5332 ll.
