4009 6159
501 587 653 654 oalnro
675 587 754 652 nno
777 587 816 664 0.
837 588 1003 653 arcturo
1025 589 1097 654 aa».
1118 587 1226 652 1-n.
1248 582 1389 669 04-4.
1526 575 1607 646 4404

292 768 328 823 04
348 759 382 821 40
410 759 568 841 integrum
589 759 653 825 iarn
673 777 738 821 non
759 765 862 832 esset,
889 757 1070 841 omissaque
1091 757 1304 822 controversia
1324 757 1425 820 omnis
1447 755 1546 818 oratio
1567 753 1607 817 ad

291 851 538 916 misericordiam
560 858 645 914 tuam
667 851 858 915 conterenda
879 858 944 925 est,
966 871 1029 934 qua
1050 853 1177 935 plurimi
1198 858 1271 915 sunt
1291 850 1482 922 conservati,
1504 867 1608 914 cuma

291 954 323 1010 te
344 964 410 1008 non
430 945 649 1009 liberationem
672 945 799 1027 culpae,
821 945 878 1008 sod
899 947 993 1009 amati
1007 945 1131 1008 veniam
1154 944 1417 1028 impetravissent.
1451 940 1481 1004 2.
1503 941 1607 1004 Habes

290 1039 403 1121 igitur,
425 1039 562 1111 Tubero,
583 1037 670 1120 quod
692 1045 741 1102 est
754 1039 929 1102 accusatori
945 1038 1082 1102 maxime
1096 1037 1280 1121 optandum,
1295 1033 1494 1104 confitentem
1507 1055 1608 1109 reum,

291 1133 346 1196 sed
368 1139 473 1196 tamen
495 1132 556 1194 boc
578 1130 798 1206 confitentem,
828 1152 862 1195 sa
889 1133 922 1194 in
944 1153 982 1195 ea
1009 1139 1097 1214 parte
1119 1131 1233 1206 fuisse,
1262 1151 1324 1214 qua
1345 1138 1392 1204 te,
1422 1150 1485 1214 qua
1506 1130 1632 1192 virumn

290 1224 377 1290 omni
399 1224 493 1288 laude
515 1221 663 1306 dig‘num,
684 1233 806 1308 patrem
828 1233 931 1288 tuum.
970 1227 1081 1308 ltaque
1103 1225 1191 1308 prins
1212 1225 1253 1288 dc
1271 1231 1375 1290 vestro
1397 1225 1513 1290 delicto
1535 1241 1608 1286 oon-

289 1320 441 1384 btearuini
462 1337 592 1382 necesse
613 1326 678 1392 est,
699 1339 794 1401 quam
816 1319 930 1401 Ligarii
950 1319 1048 1382 ullam
1070 1318 1195 1400 cuipam
1214 1318 1462 1402 reprehendatis.

373 1412 512 1488 Quintus
541 1413 626 1479 enisa
652 1412 812 1493 Ligarius,
842 1412 1020 1478 curu'asset
1040 1411 1129 1476 nulla
1149 1411 1227 1476 balli
1248 1411 1403 1495 suspicio,
1431 1412 1553 1495 legatas
1574 1412 1608 1474 in

289 1506 426 1574 disicere
453 1526 525 1573 0004
554 1506 588 1570 C.
611 1507 759 1572 Considio
787 1505 947 1589 proiectus
968 1512 1032 1578 est,
1063 1525 1128 1588 qua
1149 1505 1183 1570 in
1205 1506 1362 1587 legatione
1383 1513 1414 1569 et
1435 1505 1557 1572 civibus
1577 1513 1610 1568 at

289 1601 384 1666 sociis
405 1601 450 1664 ita
470 1621 505 1664 sc
528 1600 688 1684 probavit,
716 1609 753 1663 ut
773 1599 932 1664 decedens
954 1599 1120 1664 Considius
1146 1598 1309 1680 provincis
1330 1600 1406 1664 satis
1426 1599 1529 1664 iacere
1550 1599 1608 1663 bo·
1617 1613 1645 1660 40

288 1695 426 1760 minibus
444 1713 511 1760 ncu
533 1700 660 1776 004004,
681 1694 709 1756 si
723 1713 914 1780 quemquam
936 1693 1034 1758 alium
1056 1692 1236 1775 provinciae
1254 1693 1467 1776 praefecisset.
1499 1694 1607 1776 taque

288 1771 449 1870 Ligariub,
469 1807 541 1852 oum
562 1788 618 1851 diu
638 1807 788 1852 recusam
809 1787 891 1852 nibil
912 1785 1111 1870 profecisset,
1135 1786 1329 1868 provinciam
1345 1787 1467 1870 aceepit
1480 1787 1608 1860 invitus,

288 1882 339 1944 eui
361 1881 406 1943 sic
426 1879 563 1962 praefuit
583 1882 615 1943 in
638 1878 843 1963 pace,(ntlet
863 1880 983 1944 civibus
1003 1887 1035 1944 et
1056 1880 1150 1944 sociis
1162 1878 1453 1964 (gratissimaenset
1474 1880 1541 1944 eius
1560 1880 1609 1942 in-

288 1975 417 2057 tegritas
446 1993 483 2038 sc
513 1970 600 2038 tides
643 1971 674 2037 3.
703 1974 823 2038 Bellum
853 1973 958 2038 subito
987 1974 1122 2048 exarsit,
1154 1974 1241 2057 40400
1262 1974 1318 2057 qui
1340 1981 1430 2040 erant
1449 1974 1482 2038 iu
1504 1971 1609 2036 444400

286 2077 359 2132 ante
380 2068 549 2132 audierimt
570 2088 590 2150 g
609 2069 636 2132 ri
657 2087 752 2152 quam
772 2068 885 2150 parari.
920 2065 992 2144 Quo
1014 2067 1121 2132 audito
1143 2069 1257 2150 partim
1280 2068 1450 2152 cupiditate
1470 2067 1646 2132 insonui-ss

288 2163 412 2235 derata,
439 2161 553 2245 partim
581 2181 676 2226 caeco
704 2161 845 2245 quodam
870 2161 983 2226 timore
1011 2161 1113 2245 primo
1141 2160 1269 2236 salutis,
1297 2169 1371 2245 post
1397 2163 1490 2226 edam
1512 2159 1608 2224 studii

288 2255 338 2321 sui
360 2254 555 2340 quaerebant
575 2255 713 2338 aliquem
734 2254 863 2328 ducem,
885 2273 956 2318 eum
978 2255 1123 2336 Ligarius
1144 2253 1271 2322 domum
1294 2263 1456 2339 spartam,
1477 2256 1518 2320 ad
1534 2274 1608 2319 snos

286 2349 391 2412 redire
412 2349 562 2431 cupiens,
585 2349 673 2414 nullo
695 2369 729 2412 sc
751 2347 905 2430 implicari
927 2347 1054 2430 negotio
1075 2367 1187 2430 passus
1209 2356 1267 2412 est.
1301 2349 1429 2414 Interim
1451 2350 1483 2412 Ρ.
1505 2349 1608 2412 Attius

285 2445 403 2518 Varus,
431 2443 486 2526 qui
514 2451 639 2526 praetor
665 2442 801 2506 Africam
830 2442 1025 2516 obtinuerat,
1055 2441 1175 2506 Uticam
1201 2442 1298 2506 venit.
1337 2441 1386 2506 bd
1408 2463 1481 2506 eum
1502 2441 1607 2507 statim

285 2557 474 2602 concursum
506 2544 564 2602 est.
600 2538 704 2620 Atque
736 2536 791 2602 ille
816 2555 881 2601 nou
908 2535 1061 2600 mediocri
1090 2535 1260 2619 cupiditate
1281 2535 1413 2620 arripuit
1432 2536 1646 2621 imperiumne

285 2631 312 2694 si
333 2631 414 2693 illud
435 2630 601 2714 imperium
623 2649 693 2696 esse
713 2631 832 2713 potuit,
862 2630 948 2713 quod
975 2631 1098 2714 privato
1120 2629 1258 2694 clamore
1278 2629 1488 2697 multitudinis
1509 2630 1609 2711 impe·

284 2726 382 2798 ritae,
402 2725 491 2788 nullo
513 2725 642 2807 publico
663 2723 797 2790 00004440
818 2722 1026 2788 deferebatur.
1069 2718 1098 2785 4.
1120 2723 1230 2806 ltaque
1252 2723 1412 2806 Ligarius,
1437 2723 1492 2806 qni
1515 2742 1607 2786 omna

284 2819 347 2882 tale
371 2820 533 2901 negotium
554 2827 686 2902 superat
706 2819 861 2900 elingere,
883 2819 1014 2900 paulurn
1027 2817 1165 2882 adventu
1179 2818 1253 2880 Vari
1268 2816 1458 2900 conquievit.
1490 2815 1529 2876 44.
1544 2815 1607 2878 40-

284 2912 363 2988 buc,
386 2913 420 2976 G.
442 2913 572 2988 Caesa,
603 2912 642 2988 Q.
664 2912 807 2996 Ligarius
828 2910 916 2974 omni
938 2912 1032 2994 eulpa
1053 2918 1161 2976 vacat:
1187 2910 1281 2974 domo
1303 2918 1352 2974 est
1374 2929 1519 2993 egressus
1540 2925 1606 2974 non

284 3006 380 3072 modo
402 3007 526 3072 nullum
547 3007 589 3070 ad
609 3007 746 3081 ballam,
768 3007 826 3072 sed
846 3025 887 3070 ne
908 3005 948 3070 ad
970 3005 1129 3071 minimam
1144 3005 1273 3090 quidem
1288 3004 1503 3088 suspicionem
1515 3001 1645 3080 balli3ss

350 3333 373 3383 4.
392 3333 516 3395 4040044404
531 3331 583 3380 ium
600 3331 667 3380 GE:
686 3331 738 3380 40444
753 3330 878 3395 moram
894 3333 914 3382 0
932 3357 960 3369 -
979 3333 1004 3382 3.
1023 3331 1151 3383 Habea„
1161 3345 1232 3382 roam
1248 3331 1362 3384 afferunt
1373 3329 1546 3392 Quintilianus
1563 3331 1605 3391 lx,

283 3409 312 3468 4,
331 3410 360 3460 444
382 3410 410 3458 04
424 3406 573 3457 Priscianus
589 3406 656 3465 44444,
675 3406 707 3465 4,
725 3407 772 3461 444
790 3407 917 3459 440440·-
929 3409 1065 3470 windam
1082 3407 1252 3468 Quintilianus
1269 3409 1311 3470 lv,
1331 3409 1355 3469 4,
1373 3410 1418 3466 us;
1435 3406 1515 3457 140404
1530 3407 1608 3471 4044440

282 3484 436 3548 masticatus
451 3495 523 3532 404440
537 3483 634 3531 auctor
658 3481 775 3532 incertus
796 3483 822 3532 in
844 3483 944 3536 440000.
962 3483 1045 3535 Paris.
1064 3483 1106 3534 ed.
1127 3485 1250 3536 Eelsteia
1267 3497 1293 3550 p.
1312 3485 1336 3544 9,
1355 3485 1396 3534 aa
1415 3507 1443 3522 -
1470 3480 1494 3532 l.
1516 3481 1607 3534 labero

284 3571 338 3608 orn.
357 3558 515 3608 Priscianus.
535 3582 562 3592 -
582 3557 605 3606 5.
624 3556 669 3605 boc
686 3555 780 3606 GEC:
798 3558 843 3608 boc
859 3559 897 3607 ita
912 3557 954 3608 0444
972 3556 1066 3617 0000.;
1084 3557 1122 3608 440
1138 3558 1158 3607 0
1177 3585 1203 3596 -
1223 3563 1246 3608 40
1262 3559 1354 3610 GEC:
1373 3563 1408 3620 40,
1428 3558 1556 3610 Taburno
1576 3585 1602 3598 -

283 3633 307 3682 6.
322 3635 407 3695 Quare
419 3633 473 3694 (sic)
489 3632 561 3693 psius
577 3633 606 3681 de
622 3637 702 3680 004440
717 3632 785 3694 sueto
800 3631 932 3693 [0400444404
942 3645 1038 3682 0000400
1049 3637 1098 3693 044,
1117 3645 1193 3695 wem
1204 3633 1300 3694 44044444
1315 3633 1415 3694 cuipam
1430 3633 1509 3683 ullum
1524 3646 1608 3696 repre·

282 3707 395 3756 40400440
412 3705 585 3766 Quintilianus
601 3706 673 3765 vm,
691 3707 715 3767 a,
729 3707 760 3756 43
777 3711 805 3756 04
821 3705 899 3757 lulius
914 3707 1004 3757 Victor
1020 3720 1045 3771 p.
1059 3708 1116 3769 sut,
1129 3709 1154 3757 5.
1167 3733 1194 3743 -
1208 3709 1232 3760 8.
1249 3710 1281 3771 Q.
1294 3709 1486 3773 arbalistarius
1497 3735 1533 3746 --
1543 3722 1607 3772 pro-

280 3783 358 3845 fectio
377 3788 413 3832 est
432 3781 509 3832 alleri
530 3779 703 3842 Quintilianus
720 3781 763 3838 IV,
781 3782 807 3841 4,
827 3781 874 3831 409
891 3783 918 3831 04
935 3780 1014 3832 lulius
1032 3782 1121 3832 Victor
1137 3796 1163 3847 p.
1182 3781 1246 3843 440,
1264 3783 1293 3839 44
1313 3785 1342 3845 0.
1361 3784 1425 3833 enim
1443 3782 1605 3848 44004404--

282 3857 336 3908 beiti
352 3858 458 3919 asspicio
475 3855 579 3919 (additis
596 3855 685 3907 verbis
701 3856 728 3904 ia
743 3854 830 3918 Africa
848 3857 909 3920 post
925 3869 950 3906 v.
968 3857 1035 3919 04404)
1054 3856 1226 3916 Quintilianus
1242 3858 1292 3918 lll,
1310 3858 1339 3918 ³,
1358 3859 1419 3918 464;
1439 3860 1467 3920 Q.
1481 3859 1546 3910 0444444
1562 3857 1606 3906 44-

282 3933 370 3997 004404
385 3946 442 3982 cum
458 3937 518 3982 04004
534 3931 605 3982 40040
622 3932 665 3987 lV,
683 3931 708 3993 4,
729 3931 784 3981 430,
805 3957 831 3966 -
855 3932 960 3994 (4444444444
976 3933 1053 3982 GES
1070 3934 1097 3981 et
1113 3933 1216 3982 Viator:
1243 3934 1357 3995 (4.0-
1376 3933 1441 3984 caim
1457 3933 1562 3985 GECS
1579 3934 1607 3982 et

283 4005 468 4067 Quintilianus:
486 4008 565 4071 404404
581 4007 616 4062 04
643 4019 698 4056 ona
716 4004 812 4056 4440404.
834 4033 860 4042 -
879 4006 904 4057 9.
922 4019 980 4057 aaa
995 4019 1049 4056 om.
1068 4007 1217 4068 Quintiliani
1233 4008 1292 4059 000.
1309 4008 1432 4060 ambros.
1452 4010 1462 4059 4
1483 4011 1510 4059 04
1526 4007 1603 4058 codd.

282 4080 375 4138 tlodii,
398 4081 443 4144 qui
459 4082 632 4133 omissionem
647 4078 745 4143 probat
761 4079 852 4142 (Epist.
869 4081 923 4142 84),
948 4083 978 4131 ut
993 4083 1028 4132 sit
1044 4082 1156 4134 dativus.
1177 4109 1203 4120 -
1228 4089 1264 4134 044
1279 4097 1334 4135 om.
1353 4084 1443 4136 Victor
1466 4085 1493 4134 04
1513 4083 1605 4148 optimi

283 4155 360 4206 eodd.
379 4154 536 4215 Quintiliani.
560 4181 588 4190 -
611 4156 653 4204 44.
672 4155 758 4217 itunae
778 4154 896 4218 44004404
916 4151 988 4206 135¹:
1015 4159 1103 4222 4400440
1126 4155 1155 4221 Q.
1179 4159 1297 4223 bipartuo
1319 4157 1393 4216 mm
1419 4159 1452 4211 04.
1470 4172 1495 4208 v.
1513 4160 1554 4210 44.
1575 4185 1602 4196 ·-

284 4229 324 4278 43.
341 4228 390 4292 cai]
409 4227 1334 4296 04444441-44.00044;040-44.404005-444.0444044040-
1351 4233 1607 4299 ocustiomeosssu

283 4304 302 4354 C
323 4329 349 4340 -
367 4304 408 4354 44.
425 4304 682 4365 00044404--04404404
697 4302 811 4354 atterunt
828 4304 1000 4363 Quintilianus
1017 4308 1058 4368 lV,
1077 4309 1107 4372 4,
1125 4310 1217 4360 44004
1238 4309 1318 4362 lulius
1339 4311 1429 4360 Victor
1450 4321 1476 4374 p.
1494 4307 1559 4369 446,
1578 4309 1602 4358 6.

284 4404 311 4415 ·-
330 4379 365 4428 00
382 4391 440 4428 44404
455 4378 546 4440 GEC,
569 4376 756 4439 Quintilianus,
775 4378 878 4430 Victor:
900 4385 924 4430 04
940 4383 975 4430 ad
990 4395 1048 4432 auos
1064 4384 1086 4438 0,
1103 4409 1130 4420 -
1150 4385 1189 4434 49.
1207 4384 1276 4434 auito
1291 4397 1462 4447 00·-0004444
1477 4389 1513 4436 est
1529 4383 1606 4435 allert

282 4451 452 4512 Quintilianus
468 4453 511 4512 444,
527 4454 559 4514 4,
577 4453 634 4503 440.
655 4479 681 4488 -
700 4453 781 4504 Attius
797 4455 832 4504 C:
857 4455 938 4505 0044444
953 4460 990 4514 04
1014 4459 1097 4509 accius
1115 4460 1146 4514 E;
1170 4459 1241 4510 444444
1257 4461 1286 4510 0.
1312 4461 1378 4510 440444
1394 4473 1420 4526 p.
1439 4461 1513 4521 4490,
1531 4460 1555 4512 9.
1576 4487 1603 4499 -
1623 4474 1630 4488 ·

283 4527 324 4576 49.
338 4527 449 4591 praetor]
468 4541 518 4590 pro
534 4533 653 4590 pruetoes
672 4529 862 4580 Mommsenius
883 4529 943 4582 0044.
966 4533 1043 4584 Caes.
1068 4535 1096 4584 li.
1120 4537 1150 4586 C.
1176 4537 1198 4594 4,
1223 4535 1263 4584 34.
1288 4561 1315 4572 -
1339 4535 1481 4598 0044000404
1502 4537 1551 4586 GE
1575 4561 1603 4572 -

281 4603 321 4652 44.
339 4603 361 4652 si
380 4603 443 4651 iilud
461 4608 545 4654 40444444
563 4603 695 4665 inmoriaris
712 4605 749 4664 C}
767 4605 790 4656 si
805 4610 889 4656 4004044
903 4606 966 4656 iilud
980 4607 1113 4669 4400044440
1128 4609 1272 4673 Madvigius
1290 4623 1352 4662 eum
1369 4610 1430 4663 cod.
1448 4612 1601 4663 Hauniensi.

283 4703 311 4714 -
326 4677 429 4740 priuato
444 4677 503 4730 000.
522 4675 744 4742 salisburgensis:
770 4681 798 4730 444
810 4682 913 4742 04444040
930 4684 965 4740 G;
988 4695 1007 4732 u
1019 4683 1122 4745 04444040
1139 4685 1176 4744 Ε;
1203 4686 1237 4735 00
1251 4685 1424 4748 privatensi).
1453 4686 1558 4738 turbae
1576 4687 1602 4737 iu

282 4752 389 4816 optimis
405 4751 484 4803 0000.
501 4753 576 4802 04400
591 4755 654 4804 0004
670 4767 703 4804 ax
719 4767 767 4814 00,
785 4755 856 4818 quod
873 4756 1018 4820 004440444υο
1032 4759 1132 4820 priuato
1150 4773 1197 4824 pro
1214 4757 1328 4812 ablativo
1344 4759 1494 4812 habebatur
1504 4762 1532 4813 04
1542 4775 1605 4813 0040

281 4826 391 4877 04004044
406 4826 572 4889 tangebatur.
592 4853 618 4864 ·-
638 4828 680 4878 43.
697 4835 797 4892 04400404
811 4830 927 4895 strapas]
943 4832 1040 4896 400πο
1057 4835 1076 4884 C
1096 4859 1123 4870 —
1139 4835 1245 4897 0044444444
1261 4835 1325 4886 GE:
1339 4835 1455 4897 0044444440
1466 4837 1487 4888 0
1499 4863 1525 4873 -
1544 4850 1605 4887 0044-

281 4901 373 4964 04440444
389 4903 409 4953 C
429 4928 456 4939 -
479 4901 678 4952 404444ου40444
698 4904 860 4966 orubionem
880 4905 939 4968 (boc
955 4905 1099 4958 verborum
1116 4908 1217 4972 ordine)
1236 4910 1314 4960 aliert
1330 4909 1501 4970 Quintilianus
1517 4913 1560 4972 1v,
1577 4913 1603 4973 4,

282 4980 326 5030 bt.
344 5004 373 5014 -
391 4976 433 5028 44.
451 4975 479 5028 C.
498 4980 526 5028 et
542 4978 610 5028 oaesi
626 4990 680 5028 cm.
699 4978 879 5039 Quintilianus.
898 5005 926 5016 ·-
951 4980 1035 5045 000444]
1052 4988 1121 5034 earet
1137 4982 1209 5034 idem
1227 4985 1254 5034 04
1270 4984 1290 5035 C
1310 5010 1337 5020 -
1356 4985 1428 5036 00400
1444 4989 1479 5036 eat
1494 4997 1605 5048 00404040

282 5052 360 5104 allert
383 5051 528 5103 4400400044
547 5053 661 5105 blessius
682 5066 705 5103 s.
723 5067 747 5105 v.
767 5055 890 5119 linimur
909 5055 953 5105 4440
973 5055 1026 5106 tosa
1049 5071 1074 5120 0.
1092 5059 1140 5110 444
1164 5058 1207 5110 00.
1225 5059 1344 5112 lindam.
1364 5085 1392 5096 -
1409 5065 1446 5112 044
1463 5072 1517 5112 004.
1535 5060 1556 5110 Ε
1572 5084 1600 5095 -

282 5141 333 5178 aas
347 5129 421 5177 04000
431 5128 641 5191 -44440404044004
654 5127 712 5179 40444
727 5129 840 5181 atterunt
857 5129 1029 5190 Quintilianus
1045 5133 1088 5192 444,
1105 5134 1130 5194 4,
1150 5135 1199 5184 440
1213 5136 1242 5186 04
1256 5133 1336 5186 lullus
1351 5135 1441 5186 4440404
1457 5147 1484 5199 0.
1500 5133 1558 5194 446,
1576 5134 1601 5184 b.

284 5230 312 5242 -
330 5205 372 5254 445.
389 5202 484 5253 4444444044
500 5216 553 5255 om.
574 5203 745 5262 Quintilianus
760 5204 803 5265 lv,
821 5205 846 5265 4,
864 5205 913 5255 440
930 5207 991 5267 (non
1009 5205 1071 5258 item
1089 5208 1131 5270 444,
1149 5209 1175 5271 4,
1187 5207 1230 5270 bt)
1247 5211 1274 5260 04
1284 5209 1381 5260 4140404.
1400 5209 1439 5262 Ct
1452 5209 1602 5275 Zumptium

282 5279 317 5330 sd
334 5278 438 5343 Quintil.
457 5278 499 5330 ed.
518 5276 650 5344 Spaldtng.
668 5277 768 5340 44049,
787 5292 813 5343 0.
829 5279 888 5330 443.

1744 1240 1767 1318 d
