4009 6159
406 567 488 636 4474
834 573 987 638 ORATIO
1008 575 1235 640 PHILIPPICA
1256 577 1295 640 IL

405 744 571 806 ItamInem.
603 741 682 807 llibi
702 761 778 807 vero
799 742 880 806 nihil
901 744 1035 809 istorum
1056 744 1178 828 placet:
1199 744 1257 808 aed
1278 753 1330 820 tu,
1351 744 1408 827 qui
1421 751 1492 808 acta
1506 744 1649 810 Caesaris
1671 747 1732 810 de-

404 837 524 913 fendis,
547 837 624 921 quid
645 844 736 920 potes
759 835 864 900 dicere
887 859 944 902 cur
966 837 1029 901 alia
1050 839 1218 914 defendas,
1247 839 1310 903 alia
1330 859 1396 903 nou
1417 841 1531 903 cureat
1560 838 1623 903 nisi
1643 838 1732 902 torte

404 931 451 992 vis
477 929 570 994 fateri
597 938 629 994 te
650 931 756 994 omnia
777 940 912 1014 quaestu
935 939 1006 1007 tuo,
1034 953 1099 996 nou
1129 932 1215 996 illius
1242 934 1393 1015 qunitate
1420 934 1535 998 metiri.
1576 931 1664 1008 Quid
1685 933 1730 996 ad

403 1024 481 1087 baec
508 1024 655 1090 mudum?
677 1057 718 1072 -
745 1034 897 1108 exspecto
927 1028 1013 1090 enim
1042 1027 1257 1110 eloquentiam
1279 1034 1381 1091 tuam:
1411 1027 1652 1091 disertissimum
1674 1045 1732 1090 co-

381 1119 499 1200 cgnovi
525 1137 618 1182 avum
646 1129 750 1194 tuum,
779 1127 812 1183 at
839 1128 869 1184 44
898 1121 994 1184 etiam
1025 1122 1215 1205 apertiorem
1242 1122 1277 1185 iu
1299 1120 1451 1196 dicend03
1480 1121 1534 1184 ille
1555 1139 1731 1202 numquam

261 1213 289 1324 A
404 1212 509 1278 nudus
531 1221 579 1276 est
600 1213 817 1288 contionatus,
848 1222 937 1306 tuum
964 1214 1104 1308 bominis
1130 1215 1283 1298 simplicis
1309 1223 1420 1297 pectus
1441 1214 1578 1278 vidimus
1599 1230 1658 1270 -τ
1679 1233 1732 1276 re·

404 1305 616 1391 spondebisne
643 1307 683 1371 ad
711 1309 789 1372 baec
817 1317 873 1374 aut
901 1309 1031 1372 omnino
1059 1309 1184 1372 hiscere
1204 1308 1360 1373 audebis‘l
1390 1309 1506 1391 ecquid
1527 1308 1667 1390 reperies
1687 1329 1732 1372 ex

325 1399 328 1407 '
403 1410 466 1464 tam
489 1401 585 1484 longa
607 1403 750 1466 oratione
772 1423 859 1478 mea,
880 1404 930 1466 cui
952 1410 983 1465 te
1006 1403 1199 1486 respondere
1220 1423 1315 1486 posse
1337 1400 1500 1466 confidas?

489 1497 597 1560 XLIV.
620 1491 691 1560 442.
714 1496 776 1560 Sed
797 1497 967 1581 praeterita
988 1497 1188 1562 omittamus:
1208 1497 1296 1560 bunc
1311 1517 1410 1562 unum
1424 1498 1526 1571 dien,
1547 1517 1658 1573 unum,
1678 1499 1731 1562 in·

368 1609 516 1675 toquam,
546 1591 734 1655 hodiernum
756 1591 858 1667 dlem,
888 1590 950 1655 boc
972 1599 1124 1675 punctum
1144 1591 1315 1674 temporis,
1341 1610 1406 1676 quo
1428 1592 1561 1676 loquor,
1582 1591 1732 1667 deiende,

404 1684 431 1747 si
453 1693 554 1767 potes.
586 1684 650 1748 Cur
670 1692 860 1750 armatorum
882 1705 999 1750 corona
1021 1691 1150 1750 senatus
1171 1693 1299 1769 saeptus
1321 1689 1395 1750 estt
1416 1705 1474 1750 cur
1494 1706 1546 1750 me
1567 1687 1614 1750 tui
1635 1687 1732 1751 satel-

404 1779 476 1842 lites
506 1799 577 1842 cum
605 1779 721 1862 gladiis
746 1781 900 1843 audiunt?
928 1800 984 1842 cur
1005 1780 1115 1844 valvae
1137 1779 1330 1844 Concordiae
1351 1800 1416 1843 non
1438 1785 1567 1864 patenti
1597 1801 1652 1845 cur
1671 1782 1732 1845 bo-

278 1876 288 1946 4‘
405 1873 506 1935 mines
528 1874 668 1937 omnium
692 1874 832 1956 gentium
855 1877 991 1939 manime
1013 1875 1177 1947 barbaros,
1199 1876 1348 1956 Ityraeos,
1370 1896 1442 1939 cum
1461 1876 1582 1957 sagittis
1597 1876 1733 1941 deducis

405 1965 439 2028 iu
459 1965 586 2030 lorum?
608 1968 759 2032 Praesidii
781 1969 830 2032 sui
852 1988 947 2033 causa
969 1989 1003 2032 se
1025 1968 1131 2032 Iacere
1154 1967 1238 2032 dicit
1275 1971 1344 2031 Non
1365 1969 1459 2052 igitur
1480 1969 1605 2034 miliens
1625 1972 1731 2054 perire

369 2077 397 2126 44
406 2068 453 2124 444
479 2060 594 2125 melius
622 2049 719 2146 quam
751 2064 784 2126 iu
814 2082 873 2128 sua
903 2063 1028 2127 civitate
1056 2063 1124 2124 cine
1152 2070 1344 2126 armatorum
1366 2063 1526 2146 praesidio
1550 2084 1614 2128 non
1635 2086 1732 2147 posse

405 2154 535 2219 viveret
567 2155 629 2220 Sed
658 2156 780 2220 nullum
809 2164 858 2223 est
879 2156 981 2231 istud,
1010 2157 1087 2222 mibi
1109 2154 1219 2230 crede,
1251 2157 1461 2239 praesidium:
1494 2157 1623 2222 caritate
1644 2167 1734 2224 teet

405 2248 627 2312 benovolentia
656 2251 772 2314 ciuium
795 2259 939 2334 saeptum
961 2258 1087 2334 oportet
1107 2270 1194 2324 esse,
1227 2269 1292 2314 non
1313 2251 1420 2314 armis.
1462 2246 1535 2314 443.
1556 2251 1680 2335 Eripiet
1699 2262 1735 2319 et

406 2344 611 2427 extorquebit
631 2345 687 2410 tibi
708 2345 768 2410 ista
789 2345 925 2430 populus
947 2347 1126 2418 Romanus,
1146 2345 1267 2409 utinam
1286 2345 1381 2408 salvis
1396 2345 1506 2409 nobisl
1528 2345 1585 2409 sed
1601 2366 1733 2431 quoquo

405 2435 500 2500 modo
521 2439 687 2503 nobiscum
709 2441 828 2523 egeris,
850 2440 925 2504 dum
948 2439 1018 2504 istis
1032 2438 1173 2502 consiliis
1188 2440 1304 2514 uteris,
1325 2457 1391 2502 non
1408 2447 1512 2521 potes,
1532 2440 1732 2516 mihicrede,

368 2550 475 2598 adesse
496 2533 674 2598 diuturnus.
713 2536 838 2600 Etenim
860 2534 921 2598 ista
941 2542 997 2597 tua
1019 2533 1149 2596 minime
1170 2552 1263 2596 avara
1284 2533 1439 2607 coniunx,
1461 2553 1557 2616 quam
1579 2553 1639 2616 eqo
1659 2535 1731 2597 sine

406 2627 597 2690 contumelia
619 2628 782 2704 describo,
804 2630 934 2693 nimium
958 2629 1013 2692 diu
1035 2627 1129 2690 debet
1150 2627 1270 2709 populo
1292 2627 1434 2690 Romano
1456 2628 1580 2692 tertiam
1602 2629 1732 2711 pensic-

405 2739 487 2783 nem.
513 2721 628 2794 ,Habet
654 2723 791 2807 populus
812 2725 971 2787 Romanus
993 2721 1034 2785 ad
1055 2742 1136 2805 quus
1163 2720 1377 2803 gubernacula
1402 2721 1449 2783 rei
1476 2722 1622 2804 publicae
1643 2721 1732 2786 deie-

337 2820 345 2837 ‘
404 2823 469 2877 rat:
492 2817 546 2899 qui
568 2817 760 2902 ubicumque
783 2824 934 2882 terrarum
956 2823 1047 2890 suut,
1068 2817 1112 2879 ibi
1131 2834 1225 2878 omne
1247 2821 1296 2878 est
1309 2816 1355 2877 rei
1376 2814 1523 2896 publicae
1536 2817 1729 2900 praesidium

405 2909 457 2972 vel
476 2911 581 2994 potius
603 2913 672 2995 ipsa
692 2932 743 2976 res
765 2912 907 2995 publica,
930 2930 1013 2995 quae
1034 2929 1069 2973 se
1090 2909 1194 2973 adbuc
1216 2917 1336 2973 tantum
1358 2907 1452 2972 modu
1473 2907 1541 2974 ulta
1562 2914 1628 2982 est,
1649 2929 1730 2974 nou·

368 3004 482 3074 udum
503 3007 697 3092 reciperavit
729 3007 833 3070 Ilabet
853 3005 982 3091 quidem
1004 3011 1163 3068 certares
1187 3003 1313 3087 publica
1333 3002 1550 3068 adolescentes
1571 3003 1730 3068 nobilissi-

405 3121 488 3175 mos,
510 3108 636 3182 paratos
651 3099 853 3165 defensores:
876 3120 972 3184 quam
986 3102 1096 3166 volent
1117 3101 1164 3165 illi
1183 3102 1298 3164 cedant
1313 3101 1378 3165 otio
1393 3100 1604 3172 consulentes,
1625 3107 1731 3163 umen

405 3212 424 3256 a
447 3213 481 3256 re
506 3194 634 3278 publica
654 3186 894 3260 revocabuntur.
932 3196 974 3260 Et
995 3216 1111 3260 nomen
1137 3195 1225 3279 pacis
1247 3193 1340 3258 dulce
1362 3200 1411 3258 est
1432 3202 1465 3258 44
1485 3195 1554 3276 ipsa
1573 3214 1625 3257 res
1647 3193 1731 3257 salu·

285 3303 300 3355 4
338 3295 345 3312 “
405 3287 496 3364 taris3
527 3288 583 3352 sed
609 3290 693 3352 iuter
720 3308 830 3371 pacem
852 3296 884 3354 44
905 3290 1090 3354 servitutem
1118 3288 1289 3371 plurimum
1309 3287 1451 3351 interest.
1471 3278 1556 3362 (Pax
1578 3294 1731 3367 4444444-

148 3429 153 3446 .
234 3349 331 3452 μ’·
406 3381 505 3464 quilla
527 3380 670 3455 libertas,
700 3383 836 3446 servitus
858 3391 1052 3465 postremum
1074 3383 1225 3446 malorum
1247 3369 1409 3457 omnium)
1432 3401 1496 3446 nou
1518 3382 1612 3444 modo
1634 3380 1730 3453 bello,

367 3494 396 3544 ac
406 3473 461 3536 sed
476 3481 577 3538 morte
592 3475 687 3540 etiam
703 3475 931 3559 repellendum.
968 3471 1002 3538 4-4
1011 3474 1040 3541 i.
1056 3477 1151 3553 Quod
1169 3477 1196 3539 si
1210 3495 1246 3538 se
1267 3476 1354 3557 ipsos
1368 3475 1415 3538 illi
1430 3477 1531 3540 nostri
1544 3475 1729 3538 liberatores

406 3587 424 3630 c
439 3575 610 3651 conspectu
632 3575 742 3633 nostro
757 3570 966 3645 abstulerunt,
988 3577 1023 3634 at
1036 3570 1217 3654 exemplum
1230 3567 1305 3633 iacti
1319 3566 1525 3652 reliquerunt.
1555 3569 1621 3642 Illi,
1642 3566 1729 3652 quod

405 3682 499 3726 nemo
525 3662 660 3740 fecerat,
685 3662 837 3729 feceruut.
886 3666 1093 3749 Tarquinium
1120 3667 1237 3730 Brutus
1264 3664 1348 3728 bello
1371 3671 1420 3728 est
1444 3672 1645 3748 persecutus,
1672 3663 1729 3747 qui

407 3763 473 3820 tum
489 3777 546 3822 rex
560 3757 636 3834 luit,
658 3778 730 3822 cum
744 3779 815 3823 esse
828 3760 945 3823 Itomae
960 3759 1076 3823 licebat
1085 3725 1114 3841 3(
1117 3760 1170 3842 Sp.
1187 3760 1330 3834 Cassius,
1352 3760 1405 3843 Sp.
1420 3759 1563 3835 Maelius,
1585 3760 1627 3823 M.
1641 3760 1728 3822 blan·

414 3985 681 3996 mm

470 4157 495 4206 4.
513 4155 621 4204 nia-
641 4152 666 4204 4.
685 4157 786 4216 expecto
805 4153 858 4203 mei
880 4179 913 4189 -
936 4155 1006 4201 tuom
1027 4163 1042 4200 a
1065 4147 1126 4212 (sed
1142 4163 1192 4200 vox
1209 4149 1334 4215 punctulo
1351 4148 1411 4198 ead.
1430 4147 1491 4211 m.):
1515 4162 1570 4200 orn.
1588 4147 1682 4213 ngt
1697 4177 1730 4185 -

406 4233 430 4281 4.
447 4227 749 4293 partioremv-nudua
763 4240 901 4290 numquam
918 4228 928 4276 t
945 4253 977 4264 —
994 4227 1019 4275 6.
1031 4225 1191 4275 concionatus
1207 4225 1296 4275 aO—
1311 4223 1429 4287 supplicis
1444 4236 1505 4272 a-
1521 4225 1546 4275 7.
1559 4226 1646 4288 ecquid
1662 4227 1727 4288 agt:

405 4306 489 4370 etquid
505 4304 553 4357 Vb
573 4332 599 4343 -
618 4305 769 4368 reppertcat
787 4328 813 4339 —
833 4303 857 4354 8.
875 4314 933 4352 ntea
950 4302 989 4364 (eu
1004 4314 1046 4365 pr.
1064 4300 1111 4363 m.)
1128 4314 1161 4349 44
1175 4301 1226 4350 ulte
1242 4299 1264 4347 V
1280 4325 1313 4337 -
1330 4299 1354 4349 9.
1370 4303 1504 4361 44444444
1519 4299 1531 4347 4
1546 4325 1579 4336 -
1595 4313 1673 4350 44444
1688 4301 1729 4348 44-

406 4395 482 4445 quom
498 4381 535 4430 V:
552 4382 616 4432 4444
632 4394 711 4432 uuum
726 4377 893 4442 4444444440
906 4403 932 4412 -—
953 4378 993 4427 40.
1012 4377 1103 4438 loquor
1120 4387 1180 4423 a—
1196 4375 1236 4425 44.
1254 4373 1330 4438 444444
1341 4373 1362 4422 V
1374 4400 1407 4410 -
1425 4372 1465 4422 43.
1478 4373 1571 4422 itureos
1588 4375 1611 4432 t;
1629 4373 1731 4423 44444444

407 4454 441 4514 4;
459 4456 604 4520 uquam
621 4457 713 4519 {tureos
728 4467 813 4518 ag-
829 4454 931 4504 4444444
946 4454 1004 4503 4-
1021 4450 1263 4513 4444444444
1278 4449 1340 4497 V—
1359 4448 1456 4498 conv:
1474 4459 1555 4498 nouus
1571 4448 1662 4499 bo·
1679 4449 1730 4498 mt-

405 4519 1646 4592 4444444444444440-4444444.444444.-44444-4644444414-
1665 4523 1730 4573 istud
1759 4577 1766 4587 ,

406 4606 451 4658 V¹:
468 4608 531 4658 istuc
548 4604 678 4660 444140-
697 4612 720 4658 44
736 4606 812 4656 ctV:
831 4610 854 4655 tc
870 4617 923 4656 om.
942 4602 1039 4656 DO-
1056 4601 1097 4652 47.
1114 4601 1202 4664 septim
1218 4599 1290 4646 414-
1308 4604 1332 4650 et
1348 4599 1371 4648 V
1387 4601 1414 4651 44
1429 4598 1448 4649 b
1465 4611 1550 4650 corr.:
1569 4599 1727 4650 ombo-

406 4673 1730 4740 resccav-tancuucumv-comuuv-poeah1-rucmtticrecoffiusccrerc

406 4758 466 4808 miti
483 4770 513 4818 a;
530 4757 591 4808 mibi
606 4770 656 4808 erae
671 4759 742 4808 crede
758 4757 814 4808 b-
834 4757 874 4808 40.
890 4756 935 4806 Eat
950 4757 1016 4806 euim
1033 4757 1044 4805 t
1061 4775 1088 4790 —-
1107 4754 1219 4803 4444444
1234 4753 1272 4802 D:
1291 4751 1431 4811 cotuacV;
1451 4749 1613 4800 4444440-
1633 4747 1730 4797 stum

407 4835 473 4884 debet
489 4832 571 4884 Vbt:
591 4833 658 4884 debet
677 4834 721 4884 444
737 4833 806 4897 ago
825 4859 853 4869 -
868 4833 1112 4896 poptdusromucro
1128 4829 1165 4889 V;
1183 4829 1262 4888 4444.
1281 4827 1302 4878 D
1319 4853 1352 4864 -
1371 4827 1412 4878 44.
1428 4825 1526 4888 publice
1542 4823 1563 4872 V
1580 4849 1607 4858 —
1627 4822 1668 4874 43.
1686 4822 1730 4884 qut

405 4909 536 4970 utcumque
551 4907 574 4957 V
592 4934 620 4943 —
645 4908 724 4960 44444
744 4935 770 4946 -
794 4921 865 4959 unce
886 4913 921 4958 est
944 4905 1058 4970 Vabg:
1083 4910 1117 4955 cst
1133 4917 1204 4954 omae
1220 4903 1240 4953 0
1257 4902 1373 4966 (omnir.
1389 4916 1416 4965 p.
1435 4906 1470 4951 est
1487 4899 1504 4960 t)
1524 4927 1551 4940 -
1572 4898 1613 4950 44.
1629 4897 1730 4960 publico

408 4997 461 5034 om.
480 4983 502 5033 V
521 5011 547 5020 —
565 4983 619 5034 4444
636 4982 668 5033 b:
695 4985 749 5034 ulto
765 4985 819 5042 Vt;
845 4984 913 5034 44444
930 4996 969 5046 ag
989 5010 1017 5018 -
1036 4978 1351 5044 poadmrcclperooitV
1371 5003 1397 5013 -
1423 4977 1464 5028 43.
1483 4974 1644 5024 4444444444
1659 4971 1682 5019 V
1698 4998 1726 5007 -

407 5061 448 5110 47.
467 5073 484 5108 4
499 5073 528 5110 re
542 5057 744 5121 producebantur
759 5059 781 5108 V
799 5084 826 5094 -
846 5060 919 5121 pocla
934 5071 1023 5107 nomen
1039 5055 1057 5106 4
1078 5082 1105 5092 -
1127 5055 1168 5106 48.
1184 5058 1376 5116 puc--mcru
1397 5065 1493 5115 quoque
1511 5049 1652 5113 repellendo
1673 5047 1729 5111 (stc)

408 5133 485 5184 udert
501 5133 616 5185 Isidorus
633 5133 718 5196 origg.
737 5134 773 5195 ll,
792 5133 833 5196 49,
852 5131 891 5182 43.
912 5158 938 5168 -
962 5131 1003 5182 30.
1022 5131 1098 5182 etium
1114 5142 1166 5179 om.
1186 5142 1202 5179 a
1220 5153 1257 5181 -,
1270 5128 1304 5178 sis
1319 5127 1386 5190 ipsos
1401 5125 1433 5177 V¹
1450 5153 1477 5163 -
1501 5125 1542 5176 34.
1560 5125 1732 5187 umquam

409 5207 472 5256 V-
491 5207 531 5257 34.
552 5207 702 5270 4444444444
719 5209 729 5258 4
746 5233 775 5244 -
790 5219 921 5270 paucam
938 5208 949 5256 4
968 5235 994 5245 -
1013 5205 1053 5256 33.
1072 5209 1132 5255 estet
1148 5206 1159 5254 4
1177 5227 1204 5239 -
1225 5205 1316 5253 Itomae
1326 5204 1459 5254 Muretus:
1476 5206 1572 5251 romule
1582 5199 1627 5259 V¹;
1644 5211 1732 5250 rosnae

409 5289 433 5337 44
449 5280 495 5346 V²;
514 5286 606 5336 444444
619 5295 704 5353 recem
719 5283 771 5336 Do
790 5307 817 5320 -
836 5281 919 5334 liceret
935 5284 970 5345 gt
988 5307 1016 5318 -
1034 5279 1121 5344 Sponte·
1138 5278 1249 5341 emam,
1266 5277 1372 5329 lloellru
1388 5276 1408 5327 0
1425 5278 1516 5328 contra
1533 5287 1617 5326 meos.
