4009 6159
384 593 467 660 loeo
814 597 966 665 ORATIO
989 597 1031 664 ΙΝ
1052 597 1088 663 L.
1109 597 1288 664 PISONEM
1387 656 1390 666 .

384 765 599 831 obscurissimi
628 764 746 829 reditus
774 787 925 851 umquam
952 767 1048 832 fucrit
1069 767 1233 832 desertior.
1278 768 1315 833 ln
1336 788 1400 852 quo
1423 787 1474 832 me
1495 776 1616 846 tamen,
1650 770 1706 855 qui

384 871 467 928 esset
487 868 615 946 paratus
645 861 685 924 ad
715 881 749 924 se
779 860 1030 939 defendendum,
1062 862 1275 946 reprehendit.
1327 863 1404 927 Cum
1427 883 1485 946 ego
1508 885 1581 927 cum
1604 865 1706 929 Caeli-

383 966 533 1021 montana
547 954 697 1019 introisse
711 955 881 1032 dixissem,
904 959 1074 1041 sponsione
1089 979 1158 1031 me,
1180 959 1213 1020 ni
1228 957 1396 1042 Esquilina
1409 957 1586 1032 introisset,
1606 958 1705 1022 horno

381 1057 545 1137 promptus
566 1049 743 1112 lacessivit:
780 1051 968 1134 quasivero
990 1052 1024 1114 id
1046 1059 1101 1115 aut
1123 1071 1181 1134 ego
1205 1052 1284 1115 scire
1306 1051 1469 1115 debuerim
1490 1058 1545 1115 aut
1564 1061 1705 1116 vestrum

358 1145 552 1231 aquisquam
573 1143 708 1206 audierit
728 1153 783 1207 aut
805 1143 843 1207 ad
867 1165 933 1208 rem
955 1147 1128 1229 pertineat,
1156 1166 1220 1229 qua
1241 1153 1276 1210 tu
1296 1154 1387 1230 porta
1408 1146 1587 1221 introieris,
1609 1147 1713 1210 modo'

381 1260 424 1304 ne
439 1237 637 1322 triumphali,
660 1256 742 1321 quae
764 1245 856 1322 portu
870 1239 1083 1303 Macedonicis
1105 1259 1231 1323 semper
1252 1239 1435 1304 consulibus
1457 1248 1530 1304 ante
1545 1250 1576 1303 te
1591 1241 1705 1324 patuit

382 1335 429 1398 Tu
457 1334 606 1397 inventus
634 1352 687 1408 es,
718 1332 774 1417 qui
805 1332 962 1396 consulari
998 1333 1134 1418 imperio
1167 1333 1329 1417 praeditus
1358 1354 1398 1397 ex
1426 1335 1612 1398 Macedonia
1639 1355 1706 1398 non

381 1429 602 1512 triumphares.

464 1523 579 1585 xxlv.
602 1519 653 1584 56.
675 1522 716 1584 ht
729 1521 879 1596 audistis,
901 1527 1007 1603 patres
1023 1524 1209 1606 conscripti,
1232 1521 1413 1606 philosophi
1428 1543 1554 1588 vocem:
1577 1525 1707 1607 negavit

343 1629 415 1681 sose
443 1615 595 1699 triumphi
624 1613 774 1698 cupidum
803 1634 953 1699 umquam
983 1614 1091 1680 fuisse.
1136 1616 1162 1680 0
1194 1617 1315 1690 scelus,
1349 1635 1369 1678 o
1397 1617 1512 1702 pestis,
1546 1640 1566 1682 o
1595 1617 1705 1681 labesl

381 1713 458 1775 Cum
481 1710 707 1792 exstinguebas
730 1717 888 1783 senatum,
919 1709 1078 1772 vendebas
1101 1711 1318 1774 auctoritatem
1339 1710 1435 1775 huius
1456 1713 1594 1787 ordinis,
1616 1713 1706 1776 addi·

380 1805 472 1869 cebas
495 1806 621 1869 tribuno
644 1804 686 1886 pl.
710 1803 908 1867 consulatum
930 1811 1038 1880 tuum,
1072 1825 1138 1867 rem
1159 1806 1317 1889 publicam
1339 1806 1519 1881 evertebas,
1548 1807 1704 1890 prodebas

380 1904 474 1982 caput
496 1904 528 1961 et
549 1898 683 1961 salutem
704 1916 806 1960 meam
829 1897 973 1961 mercede
994 1899 1191 1982 provinciae:
1213 1900 1241 1962 si
1255 1900 1449 1984 triumphum
1463 1920 1528 1963 non
1544 1902 1704 1986 cupiebas,

379 1993 469 2056 cuius
491 1992 619 2054 tandem
641 1993 740 2056 terei
762 1992 934 2075 cupiditate
956 1995 1071 2056 arsisse
1093 1993 1270 2057 deiendes‘i
1308 1995 1409 2078 Saepe
1430 1995 1515 2057 eninr
1537 1995 1619 2070 vidi,
1646 1997 1703 2081 qui

342 2093 411 2150 sset
440 2083 517 2150 mihi
549 2091 581 2148 et
609 2085 722 2150 ceteris
751 2085 933 2168 cupidiores
961 2087 1143 2169 prouinciae
1164 2089 1365 2164 viderentur,
1393 2087 1545 2171 triumphi
1575 2092 1702 2154 nomine

378 2186 485 2263 tegere
518 2186 613 2262 atque
642 2180 745 2244 celare
775 2179 976 2264 cupiditatem
1006 2201 1104 2244 suam.
1153 2181 1223 2245 lloc
1244 2183 1282 2244 D.
1306 2182 1432 2245 Silanus
1454 2185 1566 2267 corrsul
1587 2187 1619 2249 in
1641 2185 1702 2248 boc

378 2275 506 2350 ordine,
533 2273 595 2336 hoc
616 2293 704 2338 meus
726 2274 821 2336 etiam
844 2275 965 2357 collega
987 2275 1121 2340 dicebat.
1164 2277 1276 2360 Neque
1299 2275 1384 2338 enim
1406 2277 1576 2361 quisquam
1597 2285 1703 2362 potest

379 2369 552 2433 exercitum
574 2387 689 2453 cupere
711 2375 883 2452 aperteque
906 2377 1030 2452 petere,
1052 2377 1088 2434 ut
1106 2390 1172 2434 non
1188 2376 1352 2453 praetexat
1367 2370 1572 2453 cupiditatem
1593 2372 1703 2435 trium·

377 2467 442 2550 phi.
484 2461 536 2527 57.
566 2461 708 2552 Quod(si
731 2468 762 2526 te
784 2470 913 2525 senatus
935 2463 1137 2548 populusque
1159 2465 1397 2540 Romanus)aut
1418 2484 1482 2527 non
1503 2472 1703 2550 appetentem

197 2579 261 2647 r)-
340 2568 433 2624 soant
461 2557 556 2622 etiam
591 2563 789 2621 recusantem
818 2555 938 2620 bellum
967 2558 1143 2640 suscipere,
1183 2558 1357 2622 exercitum
1388 2556 1503 2622 ducere
1515 2560 1707 2645 (coegisset)

377 2661 482 2716 tamen
511 2659 577 2715 erat
603 2651 728 2734 angusti
757 2651 856 2714 animi
885 2658 979 2734 atque
1002 2652 1130 2715 demissi
1152 2653 1227 2716 iusti
1249 2651 1401 2734 triumphi
1422 2652 1577 2716 honorem
1599 2647 1703 2736 digni-

232 2163 246 2219 !

169 2608 194 2658 b*

378 2755 537 2832 tatcmque
559 2752 771 2810 contemnere.
815 2747 892 2807 Nam
920 2753 957 2807 ut
984 2745 1121 2903 levitags
1151 2753 1199 2809 est
1219 2748 1346 2810 inanem
1368 2747 1520 2828 aucupari
1541 2765 1700 2810 rumorem

378 2852 409 2908 et
429 2861 539 2907 omnes
569 2840 697 2904 umbras
727 2840 819 2903 etiam
847 2836 945 2902 falsae
974 2839 1075 2921 gloria
1116 2841 1309 2914 consectari,
1342 2840 1387 2903 sic
1410 2847 1458 2903 est
1478 2841 1576 2903 animi
1598 2841 1700 2902 lucem

316 2992 335 3041 f.
377 2936 643 3024 splendoremque
670 2933 822 3016 fugientis
851 2933 966 2996 iustam
988 2934 1137 3017 gloriam,
1170 2935 1225 3019 qui
1248 2942 1296 2997 est
1316 2934 1434 2999 tructus
1456 2954 1550 2998 verae
1571 2935 1698 2999 virtutis

265 3028 276 3066 ⁴
300 3025 311 3066 '⁴
340 3031 634 3103 sehonestissimus,
666 3026 843 3112 repudiare.
899 3026 976 3090 Cum
1008 3047 1083 3091 uero
1105 3047 1169 3092 non
1191 3028 1285 3092 modo
1307 3048 1373 3090 non
1398 3027 1578 3112 postulante
1601 3037 1697 3113 atque

377 3130 525 3208 cogente,
548 3122 605 3186 sed
626 3123 727 3186 inuito
749 3130 845 3206 atque
867 3141 1020 3204 oppresso
1042 3131 1171 3198 senatu,
1193 3142 1259 3186 non
1280 3122 1373 3185 modo
1395 3123 1483 3185 nullo
1505 3125 1617 3207 populi
1637 3126 1699 3187 Ro·

376 3220 461 3285 mani
491 3217 612 3292 studio,
650 3216 705 3280 sed
735 3216 823 3279 nullo
851 3216 973 3279 ferente
1009 3218 1191 3300 suffragium
1226 3217 1326 3280 libero
1362 3216 1526 3298 provincia
1554 3218 1612 3281 tibi
1639 3217 1700 3281 ista

377 3312 610 3397 manupretium
631 3311 726 3374 inerit
748 3330 812 3374 non
834 3328 963 3373 eversas
983 3331 1043 3394 per
1063 3319 1110 3387 te,
1139 3311 1196 3375 sed
1216 3309 1360 3393 perditae
1383 3309 1537 3386 civitatis,
1565 3329 1699 3394 cumque

376 3408 517 3473 omnium
546 3412 672 3468 tuorum
693 3405 848 3468 scelerum
869 3404 948 3468 haec
969 3406 1075 3488 pactio
1097 3406 1270 3479 exstiterit,
1304 3412 1352 3479 ut,
1387 3406 1414 3468 si
1434 3411 1478 3470 tu
1507 3411 1605 3470 toturn
1631 3424 1699 3469 rem

339 3501 534 3587 aopublicam
563 3499 692 3563 nefariis
723 3498 899 3561 latronibus
931 3498 1129 3574 tradidisses,
1161 3499 1349 3562 Macedonia
1376 3498 1433 3562 tihi
1464 3498 1504 3562 ob
1534 3518 1604 3562 eam
1634 3516 1699 3560 rem

377 3594 492 3679 quihus
523 3601 559 3657 tu
588 3594 686 3657 velles
715 3591 831 3656 linibus
859 3592 1057 3669 traderetur3
1095 3613 1166 3657 cum
1188 3593 1395 3656 exhauriebas
1421 3594 1592 3667 aerarium,
1628 3611 1699 3656 cunr

377 3687 510 3754 orbabas
532 3688 654 3752 ltaliam
675 3688 856 3763 iuventute,
891 3707 963 3751 cum
984 3707 1071 3751 mare
1092 3687 1306 3753 vastissimum
1328 3688 1433 3751 hieme
1464 3687 1637 3751 transibast
1672 3686 1699 3750 si

441 4031 466 4080 2.
485 4039 610 4080 samoni.
630 4027 649 4078 C
667 4025 983 4092 (Qomspocssnnske)
1002 4051 1030 4062 -
1052 4025 1099 4077 ceti
1118 4026 1367 4090 mmtumportuc
1388 4051 1414 4062 -
1433 4024 1457 4076 3.
1475 4027 1604 4089 monuere
1618 4041 1658 4079 uss
1672 4026 1700 4078 ui

376 4103 412 4156 V:
438 4105 595 4170 responsione
618 4103 752 4167 (responsio
769 4102 795 4164 F)
820 4114 860 4153 nte
881 4101 965 4152 ownia
982 4101 1100 4162 EFGP;
1126 4101 1396 4164 responsiouamsoiu
1412 4101 1429 4150 S
1447 4126 1474 4136 -
1502 4102 1616 4153 intretur
1631 4103 1651 4153 E
1668 4127 1696 4137 -

376 4179 401 4233 l.
418 4177 599 4244 prompserit:
616 4177 851 4243 promptisstmasc
872 4201 899 4212 -
918 4177 942 4226 3.
961 4177 1093 4239 pulsum
1109 4173 1144 4225 V:
1163 4177 1365 4240 potspiosm-
1384 4175 1700 4240 summram

377 4256 469 4308 bamb.
488 4255 515 4308 lu
531 4268 616 4320 marg.
637 4279 664 4293 -
684 4255 708 4306 6.
726 4255 796 4318 Quos
809 4257 886 4316 portu
896 4253 1037 4315 --pauua
1055 4265 1087 4302 co
1103 4255 1130 4301 trs
1145 4252 1258 4304 memus
1273 4265 1311 4314 es,
1329 4252 1373 4314 qai
1383 4277 1420 4289 --
1431 4266 1482 4302 sors
1497 4252 1614 4304 isacius
1629 4252 1697 4303 ocni.

376 4333 455 4383 Bake.
476 4358 504 4368 -
527 4329 666 4382 conusltbus
681 4330 748 4381 VC:
768 4327 957 4393 proconsulibus
973 4328 1008 4388 0;
1033 4325 1067 4378 ci.
1086 4328 1172 4378 Garat.
1192 4325 1226 4378 ad
1242 4327 1269 4377 h.
1287 4325 1304 4378 l.
1325 4353 1353 4364 -
1378 4332 1406 4378 to
1420 4340 1486 4377 amru
1501 4328 1614 4378 tcum
1630 4328 1698 4378 coni.

376 4405 463 4459 Orelli.
483 4431 510 4443 -
534 4406 574 4456 43.
592 4405 704 4458 Μαάθ
718 4405 741 4456 V
763 4417 804 4471 pr.
822 4417 874 4457 m.:
895 4415 949 4453 raso
969 4403 1080 4454 marcado
1096 4401 1119 4452 V
1134 4414 1194 4466 sup.
1212 4400 1268 4462 lin,
1287 4402 1336 4452 co
1358 4426 1387 4438 -
1415 4400 1455 4453 tl.
1473 4407 1497 4454 ts
1511 4403 1549 4454 rei
1565 4402 1600 4452 V:
1622 4402 1701 4453 reite

377 4483 426 4534 CO
444 4480 501 4545 (scd
518 4493 572 4531 om.
591 4481 612 4530 G
629 4481 659 4543 te)
679 4507 707 4518 -·
728 4479 766 4530 ¹6.
784 4478 918 4531 cclursV:
940 4476 1091 4528 odurcco
1108 4503 1136 4513 -
1162 4478 1207 4528 loc
1223 4477 1318 4528 dicum
1334 4476 1435 4528 &um
1451 4477 1488 4537 νς
1510 4475 1700 4527 bocmododi-

376 4555 767 4616 cimassituuasE;iocmodo
784 4551 1611 4617 n.spuasuss;tocsosuectmossplasssr;aocmouon.
1630 4551 1700 4601 Silo·

375 4646 423 4683 πω
439 4633 468 4684 0.
491 4631 543 4682 sEx
560 4628 639 4680 Silani
656 4630 828 4694 praenomine
845 4629 878 4680 D.
890 4627 1004 4680 verbum
1021 4627 1117 4677 duchat
1132 4630 1253 4678 exortum
1269 4629 1333 4693 puto
1343 4640 1493 4692 vocemque
1503 4627 1577 4677 modo
1587 4624 1701 4677 libenter

377 4707 467 4766 deleo;
487 4719 555 4772 quaa
572 4707 629 4755 tum
646 4704 761 4770 glossam
778 4706 859 4770 sapit,
877 4704 953 4770 quasi
969 4703 1015 4753 boe
1030 4705 1103 4754 modo
1118 4715 1167 4768 pro
1184 4704 1222 4753 ito
1238 4703 1353 4767 positum
1370 4701 1462 4766 tuerit,
1480 4704 1537 4752 tum
1549 4700 1582 4752 ad
1594 4703 1699 4765 tempus

375 4781 471 4843 relata,
489 4781 527 4832 uti
544 4778 638 4841 debet,
657 4792 745 4844 neque
762 4780 912 4832 necessaria
930 4783 971 4831 est
987 4792 1075 4843 neque
1087 4781 1244 4845 opportuna,
1263 4791 1325 4830 cum
1338 4777 1441 4831 Silenus
1456 4789 1525 4829 anno
1536 4778 1589 4827 ium
1600 4775 1700 4826 DCXCl

377 4854 544 4909 consulatum
560 4854 711 4919 gessisset.»
730 4856 866 4906 Gassrour.
886 4880 913 4890 -
933 4853 973 4904 49.
991 4859 1091 4904 scamas
1106 4853 1133 4905 P.
1151 4853 1180 4903 ll.
1191 4853 1223 4916 V,
1241 4851 1312 4903 unde
1324 4853 1454 4905 Faernus:
1473 4856 1586 4915 miurus,
1603 4851 1698 4914 stpop.

376 4934 420 4984 lto.
441 4959 467 4969 -
486 4931 528 4981 24.
546 4927 641 4978 discissi
657 4929 676 4980 C
696 4956 723 4966 -
741 4929 800 4979 lasti
816 4929 852 4979 V:
869 4929 931 4980 tussi
946 4929 1040 4990 Eue,
1059 4942 1112 4981 om.
1131 4928 1175 4979 FS
1193 4954 1220 4964 -
1240 4928 1432 4993 dimitoumpua
1447 4927 1484 4978 V:
1501 4933 1577 4991 atquc
1592 4928 1700 4992 stipatio

377 5006 462 5058 temc
483 5031 510 5042 -
528 5003 570 5056 23.
589 5003 663 5054 stV:
681 5009 710 5055 ut
726 5003 746 5056 C
765 5029 793 5042 -
811 5004 996 5056 omnive-
1015 5003 1198 5054 eiectum
1215 5003 1373 5055 Lambinus:
1392 5005 1427 5056 sic
1443 5001 1698 5060 atuvisusumiffi

376 5083 411 5133 sic
427 5080 487 5132 leuis
502 5079 632 5132 ostentati
653 5078 703 5130 CO
726 5090 789 5130 cunr
806 5079 940 5131 commate
961 5080 1023 5145 post
1038 5079 1131 5140 Μὴ
1157 5078 1191 5128 ci.
1209 5079 1307 5130 Wund.
1324 5092 1352 5144 p.
1370 5077 1433 5130 LIV.
1452 5104 1480 5114 -
1499 5079 1541 5129 23.
1559 5079 1602 5128 ssd
1617 5077 1652 5129 C:
1675 5080 1700 5127 et

376 5156 408 5221 V,
425 5155 497 5208 unde
514 5151 688 5221 probabiliter
703 5155 832 5208 Faernus:
852 5155 928 5220 sumi
944 5167 1044 5207 marsos
1056 5167 1105 5219 pes·
1119 5159 1142 5205 ta
1157 5158 1182 5205 et
1194 5153 1309 5217 perditus
1326 5180 1354 5190 -
1367 5153 1485 5218 procliue
1500 5151 1649 5205 Turnebus.
1668 5176 1696 5188 -

378 5233 419 5285 at.
436 5231 509 5285 osus
523 5231 614 5297 taihun
628 5229 665 5281 V:
681 5229 773 5296 fluibsss
786 5231 859 5282 octbr
875 5232 925 5283 CO
939 5257 966 5268 -
985 5231 1127 5283 bomar
1142 5231 1272 5282 Faernus:
1290 5230 1496 5292 utrudmhr'l3
1513 5236 1542 5282 ut
1557 5230 1700 5282 radmor

378 5307 503 5373 vcorr.;
520 5308 665 5363 sesam
681 5308 732 5362 CO
749 5333 778 5347 -
796 5307 837 5360 32.
854 5307 993 5363 sussum
1008 5308 1046 5371 Ἣ
1068 5305 1238 5361 troam
1253 5305 1325 5360 coni.
1341 5303 1450 5368 Lemb.;
1472 5303 1570 5372 oues,
1593 5302 1698 5370 siquid
