4009 6159
517 579 668 646 omrm
690 579 916 646 4444444444
936 580 994 646 ru.
1017 580 1092 646 co.
1107 581 1214 645 1-11.
1236 577 1282 664 se
1298 576 1402 644 r-e.
1536 573 1619 657 4444

296 751 390 837 quam
404 751 438 815 in
452 749 575 815 bostem
591 749 749 833 supplicia
763 750 949 815 meditatur:
958 731 1099 814 'mortem
1113 759 1245 816 naturae
1260 745 1420 835 [poenam]
1436 755 1526 833 putat
1539 768 1621 823 esse,

295 845 479 910 iracundiae
501 853 656 909 tormenta
675 851 772 928 atque
788 845 969 909 cruciatum.
992 845 1103 920 Qualis
1117 845 1214 927 igitur
1226 845 1327 909 bosb's
1340 843 1505 908 habendus
1519 848 1569 904 est
1583 841 1622 915 is,

296 960 401 1023 aquo
422 939 543 1003 victore
574 939 602 1001 si
631 938 788 1002 cruciatus
818 939 916 1013 absit,
948 959 1033 1003 mors
1061 939 1095 1001 in
1122 936 1269 1003 beneficii
1295 945 1384 1021 parte
1414 938 1621 1000 numeretur?

296 1035 336 1098 ll.
359 1033 462 1108 Quam
484 1032 525 1096 ob
547 1052 632 1106 rem,
653 1040 759 1116 patres
781 1032 965 1115 conscripti,
989 1052 1181 1117 quamquam
1202 1033 1361 1098 hortatore
1383 1051 1449 1095 non
1466 1032 1566 1114 egetis
1580 1063 1622 1077 -

297 1128 358 1212 ipsi
374 1127 458 1190 enim
469 1132 573 1188 vestra
587 1133 700 1210 sponte
716 1126 878 1189 exarsistis
892 1125 931 1188 ad
947 1125 1098 1189 libertatis
1111 1125 1346 1209 recuperandae
1358 1125 1560 1210 cupiditatem
1570 1137 1646 1197 -,o

297 1229 403 1285 tamen
425 1240 463 1282 eo
485 1221 603 1284 maiore
623 1219 732 1284 animo
753 1219 923 1301 studioque
945 1219 1121 1282 libertatem
1137 1220 1313 1294 defendite,
1335 1239 1400 1302 quo
1419 1219 1536 1281 maiora
1550 1237 1623 1300 pro·

297 1315 398 1400 posita
421 1314 510 1376 victis
533 1312 687 1396 supplicia
709 1312 869 1375 servitutis
892 1313 1014 1375 videtis.
1058 1297 1146 1384 l.(ln
1168 1314 1300 1377 Galliam
1322 1315 1438 1397 inuasit
1457 1312 1624 1384 Antonius,
1713 1289 1797 1388 prid-s

297 1409 330 1470 in
351 1408 459 1471 Asiam
488 1406 667 1480 Dolabella,
697 1407 730 1469 in
760 1405 896 1467 alienam
926 1413 1059 1489 uterque
1080 1393 1292 1489 provinciam)
1325 1405 1416 1470 alteri
1444 1426 1479 1468 se
1507 1407 1624 1468 Brutus

297 1502 413 1566 obiecit
434 1501 650 1583 impetumque
678 1499 810 1562 furentis
833 1507 929 1583 atque
951 1500 1058 1562 omuia
1080 1500 1229 1564 divexare
1250 1521 1287 1564 ao
1307 1500 1446 1584 diripere
1469 1498 1623 1581 cupientis

296 1597 379 1660 vitae
403 1615 477 1660 suae
499 1594 640 1676 periculo
663 1593 844 1675 colligarit,
865 1612 1035 1676 progressu
1057 1594 1176 1668 arcuit,
1199 1595 1337 1658 areditu
1358 1593 1545 1657 refrenavit:
1568 1592 1661 1655 ob-to

297 1691 394 1754 sideri
416 1710 450 1754 se
472 1708 584 1772 passus
608 1709 649 1752 ex
670 1695 804 1772 utraque
826 1695 915 1771 parte
939 1687 1127 1749 constrinxit
1148 1687 1330 1752 Antonium.
1362 1688 1450 1752 Alter
1471 1688 1504 1750 in
1518 1687 1625 1750 Asiam

296 1784 417 1867 irrupit.
456 1783 540 1846 Cur‘l
571 1783 615 1858 si,
646 1791 681 1847 ut
702 1783 735 1845 in
759 1783 899 1864 Syriam,
927 1779 1055 1864 patebat
1075 1782 1128 1844 via
1150 1790 1181 1844 et
1202 1789 1287 1845 certa
1309 1802 1412 1865 neque
1434 1782 1549 1864 longa:
1577 1781 1627 1843 ein

295 1887 328 1940 ut
349 1879 389 1940 ad
412 1879 604 1952 Trebonium,
635 1876 711 1961 quid
734 1896 814 1958 opus
836 1875 897 1937 luit
918 1894 989 1936 cum
1016 1874 1163 1956 legione?
1196 1875 1495 1942 murmuratione
1517 1874 1626 1938 nescio
1755 1909 1780 2010 ί

297 1990 361 2054 quo
384 1969 532 2046 Octavio,
555 1972 708 2035 scelerato
732 1969 855 2050 latrone
877 1979 973 2051 atque
996 1969 1120 2050 egenti,
1142 1969 1198 2052 qui
1219 1969 1426 2054 popularetur
1442 1989 1551 2053 agros,
1574 1988 1628 2031 re·

296 2073 385 2128 xaret
406 2066 519 2140 urbes,
542 2086 606 2128 non
629 2067 668 2128 ad
692 2084 781 2146 spem
803 2061 1042 2126 constituendae
1058 2062 1104 2124 rei
1119 2061 1298 2137 familiaris,
1321 2082 1416 2144 quam
1430 2071 1540 2126 tenere
1554 2078 1664 2125 eumer

297 2177 390 2240 posse
413 2168 529 2241 negant
543 2160 599 2242 qui
622 2167 739 2221 norunt
752 2191 794 2201 —
810 2155 886 2218 mibi
902 2157 987 2218 enim
1003 2156 1056 2217 hie
1077 2165 1208 2218 senator
1228 2157 1355 2237 ignotus
1371 2164 1419 2239 eei
1433 2189 1489 2231 -,
1512 2157 1569 2220 sed
1585 2154 1625 2218 ad

296 2261 494 2333 praesentem
519 2259 640 2334 pastum
664 2250 872 2315 mendicitatis
895 2268 982 2322 suae,
1007 2256 1197 2311 consecutus
1212 2259 1261 2312 est
1273 2251 1446 2314 Dolabella.
1489 2249 1519 2312 5.
1534 2249 1627 2312 Nulla

297 2346 477 2427 suspicione
502 2345 578 2408 belli
606 2344 742 2428 -quis
765 2343 849 2405 enim
879 2340 911 2403 id
937 2345 1087 2423 putaret?
1116 2345 1312 2428 —(secutae
1333 2341 1627 2419 collocutioneslla-

296 2433 620 2522 miliarissimae(eum
642 2436 799 2500 Trebonio
822 2427 1092 2526 complexusque)
1121 2426 1523 2502 summaebenevolentiae
1544 2438 1627 2501 indi·

297 2552 350 2594 ces
371 2531 443 2594 falsi
465 2533 653 2596 exstiterunt
675 2533 708 2595 in
730 2551 837 2594 amore
861 2531 1027 2605 simulato;
1050 2531 1219 2604 dexterae,
1241 2552 1323 2613 quae
1345 2529 1418 2594 fidei
1441 2539 1538 2594 testes
1555 2550 1663 2596 essem

298 2626 458 2700 solebant,
481 2634 556 2688 sunt
577 2623 709 2708 perfidia
731 2633 763 2688 et
785 2625 904 2689 scelere
927 2625 1080 2688 violatae:
1103 2633 1276 2689 nocturnus
1297 2626 1446 2724 introiiuq
1459 2628 1624 2709 Zmyrnam

298 2720 387 2803 quasi
409 2719 443 2781 in
464 2719 605 2782 bostium
627 2719 754 2793 urbem,
777 2738 860 2802 quae
883 2726 932 2782 est
953 2717 1179 2783 fidissimorum
1197 2719 1554 2803 antiquissimorumque
1575 2740 1626 2783 so·

297 2815 434 2878 ciorum:
465 2832 633 2898 oppressus
655 2813 850 2887 Trebonius,
883 2813 910 2876 si
933 2821 968 2876 ut
989 2812 1029 2876 ab
1052 2831 1107 2888 eo,
1130 2813 1186 2896 qui
1208 2822 1316 2896 aperte
1337 2812 1437 2877 bostis
1459 2821 1556 2888 esset,
1578 2816 1626 2878 in·

296 2917 419 2980 cautus,
452 2909 479 2972 si
510 2915 547 2971 ut
567 2906 606 2970 ab
629 2928 686 2982 eo,
716 2908 770 2991 qui
794 2907 872 2971 civis
895 2907 991 2970 etiem
1013 2914 1081 2970 tum
1103 2907 1239 2991 speeiem
1261 2907 1408 2981 baberet,
1437 2908 1541 2970 miser.
1576 2909 1627 2970 Ex

297 3023 359 3087 quo
389 3002 538 3068 nimirum
568 3001 791 3065 documentum
820 3021 879 3063 nos
902 3021 1015 3085 capere
1036 3001 1164 3065 fortuna
1185 3000 1300 3076 voluit,
1331 3001 1408 3084 quid
1430 3009 1515 3066 esset
1534 3002 1663 3066 victistt

1742 2364 1765 2394 θ’,

1706 2400 1799 2472 *κέλ

296 3096 576 3160 extimescendum.
626 3096 830 3159 Consularem
863 3094 1043 3169 bominem,
1076 3095 1236 3158 consulari
1267 3095 1399 3179 imperio
1432 3095 1626 3191 provinciam
1671 3106 1684 3219 p
1728 3055 1747 3134 l

295 3192 404 3254 Asiam
432 3192 643 3264 obtinentem,
673 3191 827 3254 Samiario
857 3189 960 3288 444444
993 3189 1137 3253 tradidit:
1170 3185 1344 3254 interlicere
1373 3198 1499 3273 captum
1520 3189 1626 3253 statim

361 3529 384 3576 4.
403 3527 430 3576 in
451 3527 542 3576 bostem
563 3526 677 3588 quamv
698 3550 725 3561 -
752 3539 860 3588 poenam
882 3527 983 3576 Fo'eruo
1001 3522 1144 3576 delendum
1161 3525 1310 3576 videbatur.
1331 3553 1358 3562 -
1382 3528 1542 3580 iracundiam
1564 3531 1625 3589 api

296 3630 322 3639 -
343 3603 367 3652 3.
385 3603 556 3652 muneratori
579 3627 606 3637 -
632 3600 656 3650 4.
674 3601 814 3650 hortatione
835 3599 852 3649 b
873 3626 899 3637 -
924 3603 948 3651 5.
967 3606 1065 3650 uestrae
1083 3605 1181 3662 potente
1205 3601 1274 3650 V-
1300 3601 1324 3651 d.
1341 3604 1439 3653 nemore
1456 3607 1538 3654 studio
1559 3608 1623 3669 (om.

295 3679 387 3739 animo)
405 3689 420 3726 a
440 3703 465 3712 -
486 3677 510 3726 8.
530 3679 636 3726 numam
653 3677 715 3724 V-
734 3677 759 3726 9.
779 3675 862 3738 utque]
881 3678 965 3726 antei
983 3701 1010 3710 -
1031 3676 1175 3724 diuecaret
1193 3703 1220 3712 -
1239 3689 1271 3724 ac
1287 3677 1324 3726 D:
1342 3682 1369 3727 al
1386 3679 1420 3732 V:
1440 3683 1464 3729 et
1479 3678 1516 3728 40
1530 3705 1557 3714 -
1575 3679 1627 3730 da!

294 3753 377 3815 ripere
393 3752 415 3800 V
433 3777 459 3787 -
481 3753 519 3802 49.
539 3752 676 3815 contipauit
686 3751 722 3810 V;
741 3752 873 3800 codocautt
890 3755 900 3799 t
920 3778 947 3786 -
964 3763 1100 3814 propreeru
1115 3749 1162 3799 V¹:
1180 3762 1197 3797 a
1212 3763 1346 3813 propreeau
1356 3750 1417 3802 V²D
1432 3752 1464 3816 (et
1479 3766 1497 3802 a
1510 3767 1583 3820 prop.
1596 3754 1625 3816 b)

296 3854 324 3865 -
343 3827 482 3891 resernauit
500 3827 519 3874 V
540 3853 564 3862 —
590 3827 628 3876 44.
650 3825 746 3888 inrupit
761 3825 784 3874 V
802 3826 907 3887 (irrupit
928 3827 956 3875 in
979 3839 1069 3887 cepam
1086 3826 1114 3888 gi
1137 3851 1163 3860 -
1186 3838 1233 3874 cur
1253 3826 1275 3874 44
1297 3827 1332 3875 V:
1355 3829 1448 3877 marrim
1464 3828 1486 3878 D
1505 3853 1532 3864 -
1555 3835 1584 3880 ut
1599 3833 1626 3881 iu

294 3915 348 3954 om.
368 3905 391 3962 t;
410 3904 448 3952 uti
464 3916 489 3966 g.
514 3901 664 3954 Curiatio
682 3901 784 3963 84444444
801 3901 869 3950 coni.
890 3898 952 3950 Seb.
970 3901 1026 3950 Rau
1043 3900 1066 3957 Ι,
1085 3912 1111 3963 p.
1125 3899 1165 3948 28.
1180 3924 1207 3934 -
1224 3899 1322 3961 petebat
1338 3901 1360 3951 D
1378 3928 1406 3938 -
1424 3907 1448 3952 et
1464 3916 1517 3953 om.
1536 3918 1577 3969 ug
1595 3929 1623 3943 -

295 3981 333 4028 rin
349 3985 376 4028 ut
393 3979 427 4028 ad
446 3977 604 4037 trebonium,
624 3989 693 4041 quae
712 3976 808 4026 desunt
825 3975 851 4024 in
870 3974 959 4036 codd,
979 3971 1113 4038 supplevit
1129 3973 1287 4036 Lambinus,
1308 3988 1361 4038 qno
1378 3975 1564 4042 supplemento
1579 3993 1626 4031 re-

296 4059 374 4120 cepto
397 4056 476 4106 totius
499 4052 549 4103 loci
573 4053 813 4115 interpunctionem
836 4050 1005 4099 mutavimus.
1032 4051 1099 4099 Num
1121 4049 1141 4098 0
1164 4050 1202 4099 sic
1224 4049 1324 4099 babet:
1349 4052 1414 4112 Quid
1429 4065 1491 4114 opus
1505 4053 1554 4116 facit
1570 4069 1627 4105 cum

295 4131 388 4192 tepione
403 4129 539 4185 praenitere
551 4129 638 4177 llarso
649 4153 663 4162 -
672 4151 685 4163 -
697 4125 797 4188 epenti?
813 4127 856 4188 qui
870 4123 1037 4186 popularetur
1052 4137 1143 4187 apros,
1153 4150 1190 4161 ·-
1202 4125 1367 4174 mendicitatis
1383 4139 1451 4177 tuuc.
1479 4129 1626 4181 Comecutue

246 4247 251 4260 ,
295 4209 329 4253 est
346 4203 475 4254 Dolabella
500 4207 550 4253 cei.
572 4229 599 4239 -
622 4201 662 4252 43.
682 4215 738 4251 cum
761 4213 814 4251 om.
834 4203 843 4250 4
863 4227 888 4237 -
916 4203 1002 4251 Marso
1020 4201 1054 4249 V:
1078 4202 1162 4250 morio
1183 4201 1218 4262 D;
1245 4203 1349 4252 diarum
1365 4201 1482 4253 Octauiam
1498 4206 1624 4270 esinpud

295 4307 407 4357 Diouem
425 4306 469 4368 ti,
485 4305 525 4357 30.
547 4332 572 4342 -
595 4306 677 4356 macie
694 4317 747 4354 om.
766 4317 807 4368 ag
827 4331 854 4340 -
883 4302 921 4354 44.
941 4317 989 4366 quo
1009 4302 1043 4353 b:
1066 4318 1110 4366 qur
1126 4304 1164 4364 V;
1188 4317 1213 4366 a.
1232 4306 1281 4360 at;
1303 4305 1390 4365 quinto
1406 4319 1422 4369 g
1441 4333 1468 4344 -
1492 4309 1571 4372 epenti
1588 4310 1623 4357 V:

295 4383 416 4444 epenteD
435 4406 462 4416 -
487 4385 611 4430 aecor-ent
628 4381 649 4428 V
669 4404 696 4417 -
723 4381 761 4430 tt.
780 4379 950 4429 constituenda
966 4379 989 4428 V
1006 4404 1034 4414 -
1054 4383 1136 4429 tenera
1151 4393 1209 4428 cum
1222 4384 1303 4441 ponet
1319 4393 1382 4429 4-
1398 4381 1438 4432 44.
1453 4387 1559 4445 portum
1574 4386 1623 4443 at;

294 4455 416 4506 etatumb
430 4482 457 4492 —
476 4457 623 4506 nudtcitatir
633 4451 700 4503 V¹-
718 4454 858 4514 4444444444,
876 4453 946 4502 nullu
961 4453 1100 4515 sumnum
1116 4454 1180 4504 44444.
1199 4455 1259 4516 Quis
1270 4456 1302 4513 03
1321 4454 1467 4506 verborum
1478 4456 1625 4509 distinctio-

296 4544 360 4582 nem
378 4533 490 4582 mutavit
507 4532 562 4580 Rau
579 4533 603 4593 i,
622 4544 649 4595 p.
661 4531 702 4581 49.
723 4555 748 4568 -
771 4529 810 4580 48.
829 4529 1010 4578 conlocutiones
1027 4529 1090 4578 V-
1110 4529 1151 4578 49.
1164 4528 1244 4580 beniu.
1263 4533 1323 4594 egi
1336 4556 1364 4567 -
1382 4531 1474 4582 indices
1487 4533 1547 4595 sulti
1562 4534 1627 4598 Nip-

294 4606 419 4672 perdeius
438 4608 471 4668 444
489 4606 607 4672 Ptiiotopi
623 4607 670 4667 ΙΙΙ,
689 4619 716 4670 p.
731 4604 802 4666 itai:
825 4604 884 4668 taisi
902 4605 993 4654 indicae
1011 4604 1112 4665 (iudicer
1127 4602 1154 4666 b)
1173 4605 1263 4654 VDO.
1290 4604 1352 4656 Seb.
1371 4606 1427 4656 Rau
1443 4612 1521 4658 acute
1537 4607 1628 4658 locum

294 4683 333 4733 sie
350 4681 548 4732 emendandum
566 4683 680 4745 putavit:
706 4685 804 4730 secutae
815 4704 853 4716 ·-
864 4693 920 4730 cum
938 4680 1066 4730 l'rebonio.
1091 4679 1251 4742 Complexus,
1274 4683 1317 4743 put
1333 4685 1390 4730 sunt
1404 4687 1507 4733 mutuae
1523 4683 1628 4734 beneuo-

293 4757 383 4807 lentiae
398 4757 503 4818 indices,
520 4757 579 4821 sabi
596 4757 743 4806 ecrtimrunt
759 4755 786 4804 in
803 4768 889 4804 amore
904 4755 1021 4805 simulato
1038 4758 1090 4806 cei.
1109 4783 1136 4792 -
1154 4756 1194 4804 44.
1207 4761 1265 4806 arnt
1277 4757 1386 4821 perfidia
1397 4758 1431 4808 V:
1446 4761 1555 4824 perfidia
1570 4764 1628 4808 sunt

293 4833 345 4883 DO
364 4859 391 4869 -
412 4832 549 4893 Zmpmom
571 4845 601 4894 g:
625 4831 750 4880 smirnam
772 4831 820 4889 at;
844 4831 1003 4892 memnonem
1026 4832 1063 4891 V;
1091 4831 1247 4882 eonndmam
1271 4831 1290 4882 b
1312 4835 1370 4892 (con
1388 4846 1438 4898 per
1454 4835 1567 4898 comp.i;
1591 4833 1625 4886 cl.

294 4920 374 4971 supra
392 4919 418 4970 p.
438 4908 511 4965 4454,
530 4908 545 4957 6
563 4908 590 4957 et
607 4919 631 4955 v.
650 4905 834 4955 Weiobertum
851 4904 885 4954 ad
901 4906 966 4956 Poet.
987 4908 1055 4956 Rom.
1075 4906 1152 4968 tteliq.
1171 4920 1198 4971 p.
1218 4909 1265 4958 469
1282 4921 1342 4973 sqq.
1358 4935 1384 4944 —
1404 4911 1446 4960 44.
1464 4912 1554 4960 amun
1571 4913 1624 4960 t-

291 4981 470 5047 fldireimorum
486 4982 520 5029 V:
538 4981 736 5046 pidetusimorum
754 4980 804 5030 DO
817 5005 844 5015 -
865 4981 905 5030 ti.
924 4982 959 5031 sic
976 4987 1003 5032 ut
1022 4983 1042 5032 Ι)
1058 5009 1084 5018 -
1103 4982 1178 5032 nortis
1194 4989 1250 5033 erut
1265 4989 1326 5034 erret
1342 4984 1403 5033 V-
1422 4984 1463 5035 ii.
1475 4987 1582 5036 sicuti)
1596 5012 1624 5022 -

294 5058 337 5120 qui
354 5059 470 5107 om.t-
489 5055 589 5114 ciasV;
607 5057 679 5106 cuius
695 5056 705 5104 t
724 5081 751 5092 -
770 5056 874 5118 speciem
890 5061 943 5106 tum
961 5059 971 5106 i
990 5083 1017 5092 —
1035 5057 1235 5122 miserameg
1253 5085 1281 5095 -
1300 5061 1340 5110 25.
1354 5059 1474 5124 quidlqui
1491 5062 1542 5110 i-
1560 5061 1627 5110 uices

295 5147 325 5192 a;
343 5134 398 5183 uice
414 5135 449 5196 gt
463 5156 490 5168 -
510 5133 550 5180 44.
564 5132 712 5194 optinentem
725 5129 788 5180 V.-
802 5131 939 5194 Samiario]
954 5131 1083 5182 «tortasse
1095 5132 1190 5196 opificii
1207 5146 1291 5194 genus
1303 5133 1412 5184 denotat
1428 5138 1523 5196 estque
1540 5131 1626 5185 littera

294 5205 441 5258 minuscula
464 5205 637 5257 scribendum
658 5205 789 5256 eamiurie.
816 5208 883 5258 Num
908 5220 1006 5257 nomen
1027 5207 1079 5256 hoc
1098 5207 1181 5258 luisse
1204 5210 1351 5260 Romanum
1371 5208 1448 5260 valde
1465 5206 1575 5260 dubito:
1597 5225 1623 5261 4.

296 5284 399 5333 Garat.»
417 5283 518 5333 044444.
533 5307 561 5317 -
580 5281 640 5333 arui
655 5280 691 5341 V;
709 5281 790 5332 nescia
807 5281 848 5332 mi
864 5281 1055 5333 Mommsenius
1076 5308 1103 5319 -
1121 5283 1216 5333 istatim
1230 5283 1262 5335 V.
