4009 6159
403 575 465 642 858
562 576 715 645 ORATIO
738 576 821 644 CUM
840 577 999 644 POPULO
1022 577 1195 643 GRATIAS
1215 577 1312 644 EGIT
1335 577 1409 645 Gar.
1423 579 1464 643 X.
1485 575 1576 663 325.

403 749 502 814 multa
523 754 726 814 monumenta
745 748 842 813 vestri
864 749 898 812 in
920 769 970 814 mc
992 745 1139 813 beneficii
1158 749 1396 834 permanebunt
1417 741 1476 830 (ln
1494 747 1661 812 referenda
1674 767 1732 811 an·

402 852 467 908 tem
496 842 595 926 gratia
622 842 683 906 boo
712 842 802 906 vobis
829 843 1015 926 repromitto
1046 863 1234 927 semperque
1256 843 1439 926 praestabo,
1469 843 1548 905 mibi
1569 862 1676 926 neque
1698 843 1731 904 in

403 936 544 1002 consiliis
574 935 613 998 de
642 955 677 999 re
705 934 833 1019 publica
862 936 1024 1022 capiendis
1052 937 1265 1020 diligentiam,
1297 956 1404 1021 nequo
1426 937 1459 1000 in
1480 936 1633 1018 periculis
1654 957 1674 998 a
1695 956 1731 998 re

402 1030 529 1114 publica
563 1029 787 1113 propulsandis
819 1031 975 1104 animum,
1009 1049 1115 1115 neque
1143 1029 1178 1092 in
1208 1032 1364 1094 sententia
1389 1030 1573 1113 simpliciter
1600 1028 1732 1092 ferenda

378 1123 512 1199 ebdom,
542 1143 648 1209 neque
678 1123 711 1186 in
738 1123 903 1187 hominum
924 1123 1141 1188 voluntatibus
1167 1143 1280 1207 prore
1302 1123 1430 1207 publica
1450 1122 1615 1186 laedendis
1636 1122 1731 1185 libor·

400 1225 514 1293 tatem,
542 1236 602 1280 nec
632 1217 667 1279 in
696 1216 886 1300 perferendo
916 1217 1026 1281 labore
1048 1217 1252 1292 industriam,
1282 1236 1342 1280 noc
1364 1217 1397 1279 in
1419 1217 1534 1281 restris
1556 1216 1731 1280 commodis

220 1341 302 1414 ΜΓ)
401 1311 552 1395 augendis
573 1317 694 1394 gratam
716 1311 812 1376 animi
834 1311 1088 1375 benevolentiam
1110 1307 1309 1392 defuturam?
1342 1308 1393 1374 25.
1415 1314 1520 1394 Atque
1541 1310 1621 1373 baec
1642 1328 1730 1385 cura,

251 1397 272 1415 '⁸
402 1405 561 1483 Quirites,
585 1402 645 1468 erit
666 1404 764 1468 infixa
784 1403 890 1468 animo
913 1423 983 1468 mco
1006 1404 1214 1488 sempiterna,
1235 1413 1272 1467 ut
1289 1390 1362 1468 ‘cum
1383 1405 1483 1480 robis,
1505 1405 1562 1489 qui
1576 1403 1660 1488 apud
1679 1423 1730 1468 mo

401 1499 533 1564 deorum
554 1497 778 1562 immortalium
800 1498 864 1562 vim
885 1505 917 1562 et
937 1519 1056 1562 numen
1076 1498 1203 1574 tenetis,
1225 1504 1292 1562 tum
1310 1498 1447 1581 posteris
1461 1499 1574 1563 vestris
1594 1497 1730 1562 cunctis·

364 1613 463 1678 toque
484 1593 631 1676 gentibus
653 1591 860 1675 dignissimus
882 1611 921 1656 ea
941 1593 1067 1656 civitate
1089 1591 1214 1667 videar,
1241 1613 1324 1676 quae
1346 1613 1436 1655 suam
1458 1592 1643 1675 dignitatem
1664 1611 1729 1654 non

400 1707 496 1773 posse
518 1706 553 1751 se
575 1693 701 1761 tenere,
722 1685 785 1749 nisi
807 1706 858 1750 me
880 1687 1106 1770 reciperassct,
1128 1686 1249 1751 cunctis
1271 1686 1429 1769 suffragiis
1450 1685 1610 1749 iudicarit

400 1987 487 2040 ctione
503 1999 561 2036 cum
577 1998 610 2036 ex
631 1984 690 2049 ipso
706 1982 835 2036 librorum
852 1981 965 2036 lectione
982 1983 1057 2035 focile
1077 1985 1251 2036 conuincitur.
1286 1983 1361 2045 Quod
1384 1982 1499 2048 denique
1520 1984 1601 2034 multu
1619 1997 1668 2049 pro
1689 1998 1728 2035 are

399 2063 452 2114 ullu
468 2061 523 2112 sive
540 2059 611 2110 nutu
627 2059 737 2125 scripsi,
754 2061 829 2125 recte
847 2060 911 2110 mihi
928 2059 1023 2112 iecisse
1040 2059 1146 2120 videon
1169 2059 1348 2124 intelliguntur
1363 2063 1453 2111 nutem
1469 2063 1641 2111 monumenta
1657 2061 1728 2112 litte·

399 2150 500 2190 rnrum.
523 2135 698 2188 Mommsenio
714 2132 789 2186 iocus
806 2135 845 2186 sic
862 2134 1064 2186 constituendus
1080 2136 1202 2188 videtur:
1228 2139 1387 2200 Quapropter
1402 2161 1417 2173 ·
1427 2162 1441 2172 -
1457 2137 1621 2198 torpuere,
1642 2137 1728 2202 [sepse

398 2210 486 2276 rotun]
502 2223 560 2261 mers
576 2210 664 2260 asum
679 2209 779 2274 apirubo
795 2223 865 2274 mec,
884 2211 1014 2262 sedetiam
1023 2225 1080 2262 coen
1092 2211 1131 2275 [cu
1141 2211 1275 2277 defecerit),
1286 2213 1368 2262 mutto
1378 2216 1538 2261 montonem
1549 2237 1563 2247 -
1572 2237 1586 2248 -
1593 2225 1728 2274 permore-

399 2288 467 2340 eust.
482 2316 509 2326 -
522 2289 547 2342 i.
560 2286 706 2352 simpliciter
717 2287 874 2349 suspectum
886 2287 1020 2347 Ernesti03
1033 2288 1061 2337 at
1071 2287 1159 2338 tirmat
1169 2287 1250 2337 etism
1263 2286 1444 2338 Mamertinus.
1456 2312 1483 2322 -
1495 2287 1599 2348 (eorda
1609 2289 1629 2337 P
1638 2288 1686 2338 GE
1695 2288 1726 2348 V,

399 2367 461 2428 Lag.
479 2365 521 2416 2⁰.
539 2367 567 2416 2⁴
590 2368 617 2417 et
633 2362 805 2416 Mamertinus
822 2359 838 2412 l.
854 2375 894 2413 c:
912 2361 1044 2425 referendo
1060 2361 1138 2425 Lagg.
1156 2359 1224 2422 reli,
1242 2361 1302 2420 SO;
1325 2361 1430 2411 dicendo
1445 2361 1473 2409 l..
1500 2361 1533 2412 Ut
1548 2362 1727 2413 emendationi

399 2439 432 2490 ed
449 2454 476 2504 p.
489 2440 546 2502 ddi,
559 2441 591 2492 43
607 2438 759 2506 propositae
777 2434 845 2488 fldes
862 2435 984 2496 accedat,
1002 2435 1074 2486 bunc
1091 2449 1198 2500 qnoque
1215 2436 1363 2488 Mamertini
1379 2434 1468 2486 iocum
1485 2434 1683 2490 adscribomus:
1700 2441 1728 2490 r’s

398 2515 529 2578 referenda
546 2521 630 2567 cutes
646 2511 748 2578 putta,
766 2511 918 2562 sanctissime
927 2512 1082 2574 imperator,
1099 2511 1145 2560 troc
1161 2510 1205 2561 titt
1217 2511 1337 2574 polticeor
1352 2522 1495 2573 meque
1508 2512 1650 2574 praeusto,
1667 2515 1728 2562 mitt

398 2603 477 2653 oeque
492 2589 519 2639 tn
534 2588 695 2656 rupperendir
710 2585 819 2636 conciliis
834 2587 978 2646 uer-itatem,
996 2599 1076 2648 neque
1090 2585 1262 2648 iaudecmis,
1279 2587 1302 2637 ri
1317 2599 1358 2638 rer
1371 2587 1519 2649 poposcerit,
1535 2589 1654 2650 peieret&
1668 2590 1728 2638 cet-

398 2677 480 2725 mum,
502 2675 581 2725 reque
601 2665 629 2714 in
650 2662 771 2714 renuntia
786 2660 931 2723 simpliciter
946 2660 1051 2723 ferendo
1064 2662 1151 2725 Meus,
1175 2675 1254 2725 neque
1268 2662 1296 2712 irs
1312 2663 1440 2713 torrissem
1455 2661 1622 2712 cdurmbss
1634 2677 1683 2725 pro
1698 2677 1728 2714 re

394 2737 497 2803 publicu
513 2743 584 2801 teque
600 2737 725 2789 laedendis
740 2735 892 2798 metuam,
916 2747 995 2796 neque
1011 2738 1039 2785 irs
1055 2736 1181 2786 tubortm
1193 2737 1346 2800 perferendis
1361 2737 1522 2798 industriosi,
1540 2751 1620 2800 oeque
1633 2739 1661 2786 ts
1677 2751 1726 2787 urs·

398 2815 483 2880 perdis
503 2815 602 2878 imperit
623 2814 660 2864 tut
682 2813 816 2863 conmodis
831 2812 900 2876 prati
915 2812 995 2861 ocimi
1012 2811 1203 2862 benevolentium
1218 2813 1368 2876 domorum.
1389 2839 1416 2848 -
1435 2812 1460 2860 7.
1478 2811 1665 2863 turboteshem
1680 2815 1725 2863 Ps

400 2919 428 2928 -
448 2891 488 2942 40.
506 2903 537 2942 eu
553 2891 614 2940 GS:
633 2903 666 2940 eor
682 2887 762 2940 PEV
780 2913 807 2924 -
828 2888 868 2937 tt.
886 2901 912 2938 ae
928 2891 1010 2938 terrm
1026 2888 1148 2938 PGEV:
1166 2901 1191 2939 re
1208 2901 1262 2938 om.
1280 2887 1296 2939 t
1313 2889 1406 2954 Lagg.;
1424 2893 1506 2938 urere
1521 2899 1548 2937 se
1562 2885 1619 2937 roll.
1635 2888 1724 2952 ιαμ,

398 2965 444 3016 SO
464 2991 490 3002 -
507 2965 668 3028 reciperasset
683 2965 715 3015 P:
733 2967 902 3026 recuperasset
918 2964 938 3015 0
956 2964 983 3013 ct
999 2962 1056 3014 rell.
1076 2989 1104 2998 -
1122 2964 1151 3012 ln
1168 2964 1187 3013 P
1204 2966 1245 3013 est
1260 2961 1434 3028 subscriptio:
1452 2963 1488 3014 li.
1503 2962 1575 3013 rrm
1591 2961 1725 3013 Crcsnorrs

397 3051 447 3092 crs
462 3051 555 3091 rorrso
571 3051 682 3104 cpsrrss.
699 3051 760 3092 sorr
776 3051 900 3091 cremus.
918 3049 971 3090 nro.
988 3048 1100 3088 esnone,
1118 3037 1172 3089 sss:
