4009 6159
669 575 743 642 on.
765 573 965 641 rin-xus
992 573 1040 660 §s
1061 572 1210 641 se-ss.
1541 558 1604 635 444

277 745 507 831 magistratum,
529 747 561 810 in
585 765 649 831 qua
669 765 763 812 nemo
785 753 853 810 erat
874 750 997 828 emptus
1018 716 1308 821 intumescentem
1330 751 1363 807 et
1383 707 1604 807 crudelitatem

276 841 434 925 privilegii
462 841 649 904 auctoritate
677 839 974 905 honestissimorum
999 839 1164 903 bominum
1186 846 1218 903 et
1238 838 1372 922 publicis
1394 835 1508 900 litteris
1529 853 1604 898 con·

276 936 422 1019 signarit,
445 935 658 1018 princepsque
681 934 790 998 ltaliae
812 935 911 998 totius
931 932 1125 1016 praesidium
1146 934 1187 997 ad
1208 953 1311 998 meam
1333 931 1468 996 salutem
1489 928 1604 1010 implo-

275 1028 409 1092 randum
431 1029 569 1112 putarit:
599 1029 655 1111 qui
677 1049 749 1092 cum
776 1029 845 1113 ipse
866 1027 944 1093 mibi
967 1046 1095 1110 semper
1114 1026 1325 1091 amicissimus
1347 1025 1477 1099 fuisset,
1508 1023 1604 1086 etiam

275 1130 308 1187 ut
335 1142 411 1198 suos
441 1123 636 1187 necessarios
666 1122 743 1186 mibi
773 1123 891 1186 amicos
920 1121 1069 1184 redderet
1090 1120 1270 1184 elaborarit
1311 1122 1383 1184 x11.
1404 1117 1457 1182 30.
1480 1117 1628 1194 Quibust

275 1223 382 1281 autem
404 1213 516 1281 officiis
539 1218 575 1280 T.
597 1217 692 1282 Annii
713 1214 867 1281 beneficia
889 1205 1253 1302 remunerabor‘l(cuius
1275 1217 1377 1279 omnis
1397 1216 1496 1288 ratio,
1519 1211 1605 1294 cogi·

275 1312 366 1386 tatio,
389 1319 476 1377 totus
498 1311 639 1396 denique
662 1313 838 1376 tribunatus
866 1309 947 1373 nihil
975 1308 1061 1372 aliud
1088 1309 1150 1402 [uit
1169 1309 1232 1373 nisi
1254 1292 1427 1401 constans)
1441 1313 1603 1395 perpetua,
1688 1294 1755 1379 666

274 1406 381 1481 464444,
403 1399 543 1497 invicta(
542 1405 685 1471 defensio
708 1407 819 1470 salutis
834 1393 944 1488 meae.)
959 1401 1044 1477 Quid
1060 1403 1100 1466 de
1115 1404 1150 1467 P.
1165 1403 1271 1467 Sestio
1286 1403 1422 1488 loquar?
1444 1403 1499 1487 qui
1516 1419 1605 1464 suam

275 1519 349 1582 erge
371 1519 422 1562 me
442 1500 697 1565 benevolentiam
720 1509 752 1565 et
771 1499 867 1564 fidem
889 1517 953 1562 non
968 1496 1081 1569 solum
1095 1497 1193 1560 animi
1208 1496 1333 1574 dolore,
1355 1498 1413 1561 sed
1427 1498 1521 1563 etiam
1535 1514 1605 1558 cor·

275 1593 362 1676 poris
383 1592 569 1659 vulneribus
591 1596 741 1660 ostendit.
1612 1595 1642 1650 ¹0

358 1687 457 1751 Vobis
476 1707 569 1765 vero,
590 1697 695 1773 patres
717 1688 905 1772 conscripti,
928 1686 1063 1770 singulis
1085 1693 1118 1749 et
1139 1685 1189 1768 egi
1212 1692 1246 1749 et
1266 1705 1356 1770 agam
1380 1688 1506 1771 gratias.
1528 1685 1604 1749 [464-

274 1779 375 1843 versis
398 1783 449 1865 egi
469 1783 578 1858 initio,
601 1789 753 1868 quanmm
776 1783 884 1866 potui:
906 1781 984 1845 satis
1005 1786 1118 1843 ornate
1139 1798 1233 1863 agere
1247 1779 1447 1845 nullomodo
1463 1797 1604 1863 possum.

273 1873 313 1936 lli
334 1893 528 1961 quamquam
551 1877 679 1940 suntin
700 1897 751 1940 me
771 1876 944 1959 praecipua
964 1874 1076 1937 merita
1095 1873 1277 1949 multorum,
1301 1893 1384 1959 quae
1406 1873 1492 1939 sileri
1515 1873 1603 1938 nullo

272 1966 370 2030 modo
391 1978 542 2052 possunt,
563 1978 671 2034 tamen
692 1971 789 2034 buius
811 1969 962 2053 temporie
985 1988 1022 2032 ac
1038 1968 1160 2033 timoris
1175 1969 1238 2031 mei
1252 1987 1318 2033 non
1333 1976 1381 2033 est
1394 1969 1502 2032 conari
1518 1986 1603 2031 com·

273 2081 449 2126 memorare
479 2064 635 2128 beneficia
661 2067 695 2128 in
723 2085 774 2130 me
802 2062 1017 2146 singulorum:
1045 2082 1119 2125 nam
1147 2061 1276 2126 difficile
1296 2069 1347 2126 est
1366 2081 1432 2126 non
1455 2064 1603 2148 aliquem,
1613 2068 1643 2122 44

271 2155 363 2218 nelas
385 2177 578 2242 quemquam
600 2161 781 2241 praeterire.
816 2159 884 2240 Ego
904 2177 963 2222 uos
983 2158 1167 2231 universos,
1192 2164 1299 2238 patres
1320 2158 1507 2242 conscripti,
1529 2158 1605 2222 deo-

271 2269 343 2312 rum
365 2269 496 2315 numero
517 2252 622 2318 colere
645 2253 756 2318 debeo.
794 2253 876 2328 Sed,
896 2259 934 2316 ut
954 2253 987 2316 ln
1009 2251 1090 2334 ipsis
1111 2251 1162 2314 dis
1183 2251 1412 2316 immortalibus
1433 2272 1500 2316 non
1523 2272 1605 2316 sem·

270 2362 331 2426 per
352 2343 481 2407 eosdem
502 2351 599 2429 atque
620 2346 699 2412 alles
721 2347 800 2412 alios
823 2347 961 2412 solemus
984 2354 1017 2410 et
1036 2345 1182 2411 venerari
1203 2352 1236 2409 et
1256 2345 1395 2428 precari,
1424 2345 1472 2410 sic
1493 2347 1527 2410 in
1547 2345 1605 2408 bo-

271 2435 411 2500 minibus
440 2437 481 2502 de
508 2458 559 2503 me
588 2441 739 2506 divinitus
768 2441 888 2506 meritis
919 2442 1023 2504 omnis
1044 2439 1106 2502 erit
1126 2447 1212 2503 aetas
1235 2439 1313 2503 mibi
1334 2439 1375 2502 ad
1397 2460 1508 2504 eorum
1531 2459 1605 2522 erge

272 2551 324 2593 me
346 2531 460 2595 merita
479 2535 692 2617 praedicanda
713 2542 810 2619 atque
831 2536 1012 2601 recolenda.
1054 2529 1106 2595 34.
1130 2532 1293 2597 Hodierno
1316 2541 1421 2598 autem
1436 2533 1488 2596 die
1501 2533 1642 2596 nomi-rc

271 2623 372 2686 natim
394 2643 413 2688 a
435 2646 485 2692 me
507 2630 739 2712 magistratibus
762 2630 859 2694 statui
881 2630 995 2713 gratias
1019 2647 1090 2692 esse
1111 2627 1250 2710 agendas
1272 2637 1305 2691 64
1324 2627 1517 2712 deprivatis
1538 2628 1603 2700 uni,

272 2717 329 2802 qui
357 2737 416 2801 pro
438 2722 540 2787 salute
561 2741 632 2786 mee
660 2723 832 2808 municipia
854 2724 1061 2807 coloniasque
1083 2720 1216 2796 adisset,
1245 2722 1399 2806 populum
1427 2724 1604 2785 Romanum

271 2812 410 2896 supplex
433 2815 645 2892 obsecrasset,
668 2819 857 2881 sententiam
879 2817 1015 2881 dixisset
1035 2836 1122 2891 eam,
1145 2833 1241 2900 quam
1260 2837 1318 2881 ros
1339 2817 1440 2880 secuti
1461 2815 1539 2880 mibi
1557 2815 1604 2879 di·

271 2909 423 2991 gnitatem
445 2927 548 2973 meam
568 2910 762 2975 reddidistis.
798 2912 863 2976 Vos
885 2932 936 2974 me
956 2912 1122 2976 florentem
1144 2930 1270 2994 semper
1283 2911 1436 2985 emostis:
1457 2910 1604 2973 laberan-

271 3011 336 3066 tem
363 3003 538 3068 mutatione
566 3005 665 3069 vestis
695 3012 728 3069 et
748 3024 847 3088 prope
868 3004 955 3069 luctu
977 3011 1099 3080 vestro,
1132 3005 1240 3090 quoad
1267 3005 1373 3080 licuit,
1406 3001 1641 3070 defendistis*

269 3097 388 3159 Nostra
415 3099 568 3164 memoria
596 3106 759 3163 senatores
788 3117 829 3162 ne
854 3100 889 3162 in
917 3100 985 3163 suis
1006 3098 1135 3184 quidem
1166 3099 1317 3182 perieulis
1339 3105 1462 3164 mutare
1483 3105 1604 3162 vestem

271 3189 433 3254 solebant:
461 3192 496 3255 in
524 3211 597 3258 meo
624 3193 768 3278 periculo
798 3199 926 3256 senatus
947 3200 1037 3256 veste
1061 3200 1182 3257 mutata
1202 3191 1280 3268 fuit,
1308 3192 1413 3278 64464444
1435 3193 1527 3256 licuit
1547 3211 1605 3277 per

271 3301 383 3348 eorum
413 3285 533 3360 edicta,
566 3287 623 3370 qui
651 3306 722 3350 mea
749 3285 891 3369 pericula
919 3305 984 3350 non
1013 3288 1109 3351 modo
1137 3307 1197 3351 suo
1220 3287 1401 3372 praesidio,
1429 3284 1604 3352 sedetiam

269 3386 377 3444 restra
398 3379 621 3462 deprecatione
642 3379 812 3445 nudarunt.
1582 3462 1588 3472 Ι
1682 3458 1702 3476 μ

356 3469 409 3536 32.
432 3473 556 3549 Quibus
579 3493 639 3557 ego
667 3474 762 3539 rebus
784 3475 934 3550 obiectis,
965 3496 1038 3540 cum
1059 3475 1138 3540 mibi
1160 3476 1283 3560 privato
1304 3475 1535 3559 confligendum
1557 3475 1642 3540 vi·ac

272 3565 382 3630 dorem
404 3585 476 3631 oum
499 3568 612 3632 eodem
635 3569 793 3644 exercitu,
817 3588 913 3654 quem
935 3572 1049 3634 consul
1069 3591 1136 3634 non
1157 3570 1270 3646 aruds,
1292 3569 1348 3634 sed
1370 3579 1474 3636 vestra
1494 3578 1605 3634 aucto·

270 3662 364 3726 ritate
386 3681 587 3744 superatam,
609 3662 708 3726 multa
729 3683 854 3728 mecum
875 3663 945 3747 ipse
967 3666 1122 3748 reputavi.
1157 3666 1244 3730 xlll.
1257 3665 1389 3731 Dixerat
1406 3666 1440 3730 in
1454 3664 1604 3728 contione
1663 3695 1666 3703 ¹

270 3755 442 3820 eonsulse
464 3754 537 3820 cliui
559 3753 729 3839 Capitolini
749 3777 868 3839 peenas
889 3758 929 3821 ab
952 3759 1112 3842 equitibus
1134 3759 1284 3824 llomanis
1299 3760 1525 3844 repetiturum:
1546 3778 1605 3823 no·

270 3849 417 3914 minutim
446 3850 500 3914 alii
530 3849 816 3934 compellebantur,
844 3851 898 3914 alii
924 3851 1119 3929 citabantur,
1148 3853 1203 3917 alii
1231 3853 1468 3939 relegabuntur:
1498 3854 1604 3918 aditus

338 4084 362 4134 4.
380 4083 409 4132 46
424 4095 473 4146 ceo
489 4083 525 4142 E:
542 4083 570 4133 46
587 4095 638 4146 ooo
658 4083 675 4134 6
692 4085 753 4134 ente
770 4097 828 4135 64464
843 4083 897 4148 ipso
912 4083 1003 4138 babet.
1018 4111 1045 4122 —
1066 4087 1212 4137 4644644664
1226 4085 1290 4137 PE:
1306 4087 1497 4139 mmmm
1512 4087 1560 4138 os
1576 4092 1604 4140 64

269 4161 350 4223 lagg.
366 4183 393 4195 κ
412 4159 438 4208 2.
456 4159 812 4223 occulerent-worout·—
823 4160 962 4212 4466646444
977 4161 1136 4213 Lambinus:
1154 4163 1511 4228 commodumve--
1523 4164 1604 4216 44666-

268 4236 339 4285 66644
355 4231 434 4284 codd.
453 4261 487 4271 -
503 4233 527 4284 3.
546 4235 732 4299 deplorandum
748 4237 796 4286 PE
814 4235 872 4300 (sed
888 4238 908 4287 P
923 4236 1012 4300 466444
1030 4238 1217 4301 inplorandam
1232 4239 1280 4288 66
1297 4240 1325 4289 et
1339 4237 1419 4303 segg.
1437 4241 1545 4304 praeter
1560 4241 1602 4292 26.

270 4337 298 4347 -
319 4311 344 4360 6.
364 4309 458 4358 6644464
472 4308 533 4359 mibi
549 4309 570 4360 44
588 4335 615 4346 -
635 4309 660 4360 6.
679 4311 770 4374 6444446]
787 4311 849 4363 6646
864 4311 917 4363 4444.
936 4325 976 4377 pr.
995 4325 1032 4364 m.
1053 4339 1081 4348 -
1099 4313 1279 4364 4664666664
1295 4314 1388 4365 PGE:
1405 4314 1570 4366 4646644666
1586 4317 1603 4366 6

270 4387 296 4436 64
315 4386 394 4448 lagg.
412 4385 521 4448 praeter
537 4384 577 4436 24.
597 4383 641 4446 66,
661 4384 681 4435 0
704 4410 731 4420 -
757 4387 837 4436 664644
851 4387 919 4437 46446
936 4390 989 4439 mei
1007 4391 1035 4440 64
1050 4389 1146 4452 Lege:
1170 4388 1251 4439 664444
1264 4389 1330 4439 cetto
1345 4390 1414 4440 46446
1430 4388 1504 4451 edd,
1522 4402 1604 4454 quam

269 4459 415 4513 lectionem
431 4460 548 4525 primum
564 4459 591 4512 iu
610 4459 652 4511 ed.
671 4460 780 4512 Ascens.
800 4462 861 4514 4544
882 4465 980 4515 invent.
993 4492 1027 4502 -
1043 4463 1239 4528 6666666666
1252 4489 1279 4500 -
1299 4464 1324 4515 8.
1342 4463 1436 4514 4464646
1451 4464 1524 4528 roa:
1538 4465 1559 4515 6
1574 4489 1600 4502 -

268 4537 300 4587 de
316 4535 354 4600 44]
372 4535 403 4585 de
423 4549 452 4586 re
471 4549 498 4598 p.
517 4538 536 4585 P
554 4538 614 4586 aute
631 4547 768 4596 rasuram
792 4535 826 4587 64.
845 4537 880 4588 ed
895 4551 922 4603 p.
943 4538 1003 4602 842,
1022 4540 1047 4589 6.
1068 4566 1095 4577 -
1113 4539 1192 4590 644446
1209 4539 1278 4590 mei:
1299 4538 1386 4590 666446
1402 4539 1422 4589 0
1442 4565 1469 4574 -
1488 4539 1513 4590 6.
1531 4539 1603 4591 6444-

269 4609 407 4660 6644644646
422 4611 456 4671 Ρ;
476 4611 663 4662 beneolentiam
680 4611 757 4663 GEs
775 4640 803 4649 -
828 4613 868 4664 44.
886 4615 998 4677 64644646
1015 4615 1034 4665 F
1053 4641 1080 4650 -
1102 4615 1203 4678 6664464
1217 4615 1347 4666 4444644444.
1365 4614 1405 4679 cpi
1421 4615 1439 4664 6
1462 4639 1490 4650 -
1512 4614 1551 4666 42.
1570 4615 1603 4666 66

268 4685 342 4736 464446
358 4685 407 4736 EF
424 4683 477 4738 Pal.
497 4687 530 4737 lX
546 4686 603 4739 soll.
624 4713 651 4725 -
677 4685 716 4738 43.
735 4687 807 4738 :dara
822 4689 842 4738 P
858 4701 899 4752 pr.
919 4701 967 4752 m,
992 4691 1012 4739 B
1030 4691 1058 4741 et
1073 4691 1135 4753 Lag.
1153 4690 1194 4740 46.
1212 4690 1253 4741 64.
1271 4689 1313 4741 24.
1333 4689 1374 4739 66.
1395 4715 1424 4727 -
1445 4688 1486 4741 44.
1501 4701 1604 4752 porticu

268 4761 288 4812 B
308 4759 368 4812 644
385 4762 477 4826 legg,
495 4763 540 4826 qul
558 4762 629 4813 444444
645 4759 759 4824 habent,
777 4761 837 4813 lort.
855 4763 938 4814 recte.
954 4785 980 4799 -
1001 4765 1042 4815 46.
1060 4764 1160 4828 soporo
1176 4766 1239 4814 G-
1256 4763 1327 4829 6664]
1343 4764 1398 4813 tom
1413 4763 1434 4814 44
1453 4791 1481 4801 -
1500 4763 1540 4814 46.
1558 4777 1603 4816 646

268 4835 348 4902 {osb
368 4862 396 4873 -
415 4836 544 4888 4464644464
560 4849 613 4887 om.
632 4837 649 4886 S
668 4863 696 4872 -
714 4836 756 4887 47.
775 4835 866 4888 disP:
884 4837 932 4888 dii:
948 4839 1010 4888 0-
1027 4839 1202 4890 inmortalibus
1217 4841 1251 4900 d:
1268 4839 1417 4890 4466644664
1433 4840 1452 4888 P
1471 4867 1499 4876 -
1518 4838 1558 4890 46.
1576 4840 1604 4890 46

268 4909 608 4962 bonoribsoPcthorr.
631 4937 658 4948 -
677 4909 718 4961 49.
737 4911 887 4963 6466446444.
905 4915 970 4964 G-
992 4915 1123 4966 446444-
1141 4915 1349 4966 mittemc-
1367 4914 1409 4965 26.
1428 4914 1603 4980 6646614646

270 4987 324 5039 4444.
345 5012 372 5023 -
392 4987 434 5038 24.
453 4991 477 5038 44
492 4984 680 5050 empto-occec
696 4987 764 5038 coni.
783 4985 877 5038 bamb.
892 5013 920 5022 -
937 4988 1024 5037 4464464
1039 4989 1060 5039 E
1080 5016 1107 5026 -
1125 4991 1166 5041 22.
1186 4991 1325 5042 4466466466
1341 5004 1395 5042 om.
1415 4992 1462 5041 446
1479 4994 1506 5040 64
1522 4992 1600 5054 lagg.

269 5063 307 5123 444.
320 5062 404 5114 babet
420 5062 458 5126 Pl.
474 5087 500 5097 -
518 5059 560 5110 23.
578 5063 760 5123 6644664644)
773 5087 800 5097 -
818 5061 881 5112 mibi
895 5074 977 5113 644646
993 5063 1139 5126 6466446446
1155 5065 1175 5117 44
1188 5091 1216 5103 -
1235 5063 1277 5117 24.
1290 5065 1387 5115 emotis
1402 5067 1461 5116 P-
1480 5065 1521 5115 26.
1534 5065 1603 5114 mal·

270 5143 326 5190 4644
342 5141 376 5201 Ρ,
396 5137 445 5190 4644
462 5148 532 5189 6644.
550 5136 575 5185 4.
594 5145 631 5186 m.
656 5159 683 5172 -
707 5135 749 5186 24.
767 5141 867 5188 46444646
885 5139 1032 5188 644446-
1053 5139 1094 5191 28.
1111 5141 1385 5204 646666666644
1405 5168 1432 5181 ·-
1450 5140 1601 5202 2664446-

269 5213 336 5264 44664
351 5213 372 5264 E
390 5238 418 5248 -
437 5211 478 5263 36.
497 5210 594 5264 66444444
610 5213 655 5264 PS
673 5215 700 5264 64
715 5211 850 5278 plerique:
869 5213 970 5266 66446444
985 5214 1035 5266 GE
1054 5241 1082 5252 -
1100 5215 1165 5284 6446]
1181 5230 1232 5267 666
1249 5216 1310 5268 44-
1330 5215 1371 5271 34.
1389 5215 1502 5272 murita
1516 5216 1601 5270 4644464

270 5287 291 5340 E
304 5312 332 5325 ··
351 5286 393 5341 34.
412 5286 585 5353 4466466646
601 5289 622 5339 G
638 5301 708 5339 corr.
