4009 6159
402 561 483 652 rost
822 599 973 664 cassio
995 601 1036 664 ns
1058 603 1093 665 s.
1115 603 1291 666 rrsousu

400 771 509 829 tenere
529 787 594 830 non
615 769 732 851 potuitz
755 771 925 833 exercitum
949 769 1058 834 eduxit
1079 793 1120 835 ex
1142 773 1241 856 Syria.
1286 772 1349 847 Qui
1371 772 1460 836 licuit
1481 778 1568 836 extra
1591 775 1718 858 provin-

385 860 506 922 ·ciamt
533 861 679 925 Praebuit
700 883 734 926 se
756 864 1005 927 mercennarium
1028 867 1172 929 comitem
1194 867 1260 948 regi
1281 866 1505 929 Alexandrino.
1550 868 1635 943 Quid
1657 869 1717 932 boc

400 955 548 1038 turpius?
571 957 605 1017 ln
627 958 802 1040 Aegyptum
825 961 926 1034 venit3
948 959 1037 1040 signa
1058 959 1192 1021 contulit
1213 980 1284 1021 cum
1307 953 1539 1023 Alexandrinis.
1564 957 1717 1038 (Quando

279 1107 295 1134 ι,
400 1047 462 1111 boc
488 1049 606 1113 bellum
637 1059 691 1114 aut
717 1051 769 1114 bic
797 1052 876 1115 ordo
897 1059 950 1114 aut
970 1052 1108 1135 populus
1131 1062 1312 1159 susceperat
1372 1052 1464 1135 Cepit
1484 1054 1716 1118 Alexandriam.

246 1157 318 1227 pa*-
374 1141 484 1217 sonia
513 1143 597 1207 aliud
627 1151 846 1227 exspectamus
873 1165 892 1208 a
918 1145 1025 1209 furore
1056 1145 1140 1217 eius,
1175 1141 1236 1208 nisi
1266 1154 1301 1207 ut
1328 1147 1368 1208 ad
1395 1153 1539 1210 senatum
1561 1150 1655 1210 tantis
1678 1149 1717 1212 de

397 1236 491 1298 rebus
513 1239 609 1319 gestis
630 1239 750 1302 litteras
773 1241 899 1302 mittat‘t
942 1236 992 1300 50.
1024 1239 1130 1302 llic
1105 1259 1131 1300 ss
1153 1239 1266 1302 mentis
1288 1247 1372 1302 esset
1393 1260 1485 1313 suae,
1514 1241 1575 1304 nisi
1596 1261 1717 1324 poenas

397 1331 516 1412 patriae
544 1332 655 1418 disque
685 1332 913 1396 immortalibus
936 1353 1005 1406 eas,
1039 1352 1120 1415 quae
1149 1333 1351 1413 gravissimae
1373 1340 1461 1409 sunt,
1493 1333 1599 1396 furore
1620 1343 1716 1419 atque

397 1423 520 1487 insania
538 1426 706 1508 penderet,
728 1446 823 1490 ausus
845 1433 981 1489 esset-
1000 1426 1089 1488 mitto
1112 1427 1199 1488 exire
1224 1426 1263 1488 de
1279 1427 1454 1509 provincia,
1477 1427 1611 1491 educere
1626 1449 1717 1491 exer·

397 1518 509 1593 citum,
532 1520 647 1584 bellum
670 1540 727 1583 sua
749 1529 861 1602 sponte
883 1541 1010 1604 gerere,
1032 1520 1065 1581 in
1088 1539 1217 1601 regnum
1240 1522 1361 1583 iniussu
1406 1521 1494 1604 opuli
1509 1524 1640 1585 Romani
1662 1528 1717 1586 aut

360 1619 523 1676 tosenatus
546 1616 710 1688 accedere,
744 1633 825 1695 quae
848 1634 918 1675 cum
946 1614 1102 1697 plurimae
1125 1615 1209 1696 leges
1232 1621 1368 1688 veteres,
1383 1542 1468 1689 ltum
1496 1615 1548 1678 lex
1571 1609 1729 1697 Cornelia)

265 1714 287 1754 ·ῒ
314 1773 318 1782 ,
397 1709 565 1771 maiestatis
574 1708 770 1802 ,plutialde
803 1709 948 1789 pecuniis
982 1707 1163 1789 repetundis
1200 1707 1382 1789 planissime
1398 1711 1518 1788 (vetat)
1549 1711 1604 1771 sed
1636 1709 1715 1772 baec

232 1779 332 1842 ὦ)
397 1800 561 1864 omitto-
574 1762 671 1865 :ille
701 1803 727 1864 si
757 1821 820 1863 non
844 1803 993 1865 acerrime
1023 1801 1158 1875 fureret,
1181 1802 1325 1874 auderet,
1348 1822 1441 1884 quam
1437 1797 1714 1884 provinciaml'.

396 1893 551 1958 Lentulus
575 1895 783 1959 amicissimus
813 1894 884 1958 buic
913 1893 1033 1968 ordini,
1069 1915 1139 1956 cum
1163 1905 1193 1958 et
1214 1896 1401 1958 auctoritate
1424 1903 1553 1960 senatus
1577 1905 1609 1959 et
1630 1907 1714 1961 sorte

395 1985 540 2063 baberet,
563 1987 747 2072 interposita
769 1987 969 2070 religione'
943 2009 1012 2052 srne
1034 1989 1099 2052 ulla
1122 1989 1315 2052 dubitatione
1335 1989 1548 2073 deposuisset,
1571 2011 1639 2055 eam
1655 1993 1714 2055 sibi

361 2080 587 2156 ttadsciscere,
623 2103 712 2157 cum,
746 2083 840 2145 etiam
861 2083 887 2144 si
910 2083 1020 2166 religio
1043 2105 1107 2147 non
1127 2082 1412 2166 impediret,(mos
1435 2084 1588 2147 maiorum
1611 2095 1713 2148 umen

397 2181 428 2238 et
448 2176 593 2260 exempla
613 2186 644 2238 et
664 2177 864 2260 gravissimae
886 2176 992 2259 legum
1015 2197 1136 2260 poenae
1159 2162 1325 2264 vetarent)

481 2271 582 2332 xxlt.
617 2266 668 2333 5t.
703 2271 742 2332 Et
763 2270 913 2353 quoniam
938 2268 1135 2334 fortunarum
1158 2261 1394 2333 conitentionem
1417 2270 1520 2336 facere
1542 2273 1713 2357 coepimus,

397 2365 436 2426 de
457 2365 560 2428 reditu
582 2365 706 2428 Gabinii
729 2365 925 2438 omittamus;
959 2385 1052 2447 quem
1075 2365 1133 2427 etsi
1155 2365 1215 2426 sibi
1237 2366 1305 2448 ipse
1328 2364 1496 2448 praecidit,
1519 2386 1577 2450 ego
1599 2375 1714 2441 umen,

397 2480 431 2522 os
453 2467 488 2522 ut
507 2459 630 2522 videam
652 2460 806 2532 bominis,
835 2465 994 2540 exspecto.
1039 2461 1158 2532 Tuum,
1192 2459 1218 2521 si
1241 2459 1361 2541 placet,
1392 2458 1527 2523 reditum
1550 2480 1620 2524 cum
1643 2478 1713 2522 meo

359 2553 603 2617 soconfemmus.
647 2555 690 2615 Ac
721 2572 810 2616 meus
842 2553 970 2634 quidem
999 2552 1026 2614 is
1054 2552 1130 2626 fuit,
1163 2558 1198 2615 ut
1226 2553 1433 2616 aBrundisio
1461 2574 1563 2637 usque
1585 2556 1713 2616 Romam

270 2681 304 2719 n,
396 2667 507 2729 agmen
523 2657 710 2730 perpetuum
731 2648 828 2710 totius
850 2646 961 2708 Italiae
982 2646 1105 2708 viderit.
1132 2637 1259 2733 (Neque
1282 2648 1366 2710 enim
1387 2649 1474 2730 regio
1497 2647 1561 2710 ulla
1582 2649 1642 2731 fujt
1655 2669 1714 2710 nec

268 2732 277 2757 ¹
343 2781 345 2787 ,
396 2740 601 2823 municipium
631 2761 736 2824 neque
757 2739 953 2823 praefectura
975 2747 1030 2801 aut
1051 2733 1194 2844 colonia)
1221 2761 1261 2802 ex
1283 2762 1347 2825 qua
1367 2761 1432 2803 non
1455 2742 1494 2804 ad
1516 2763 1566 2806 me
1588 2741 1713 2828 publice

396 2836 539 2897 venerint
553 2835 751 2920 gratulatum.
788 2833 872 2908 Quid
895 2834 994 2896 dicam
1017 2833 1172 2897 adventus
1193 2839 1301 2898 meost
1324 2835 1400 2920 quid
1423 2837 1593 2899 effusiones
1613 2837 1714 2899 bomi-

396 2950 471 2992 num
494 2949 534 2991 ex
555 2929 708 3012 oppidis?
745 2927 820 3012 quid
844 2947 1013 2989 concursus
1036 2948 1076 2990 ex
1097 2929 1180 3011 agris
1202 2937 1325 3012 patrum
1357 2927 1491 2992 familias
1513 2951 1583 2992 cum
1605 2930 1714 2992 coniu-

358 3022 487 3106 atgibus
509 3041 546 3086 ac
568 3023 699 3086 liberist
720 3021 812 3113 ¹quid
843 3039 897 3083 eos
926 3020 1013 3096 dies,
1046 3021 1102 3104 qui
1132 3023 1222 3106 qnasi
1245 3023 1376 3085 deorum
1397 3022 1621 3085 immortalium
1641 3021 1714 3085 festi

396 3123 490 3200 atque
521 3117 687 3180 sollemnes
716 3114 800 3199 apud
829 3133 937 3178 omnes
967 3122 1040 3179 suut
1069 3116 1204 3179 adventu
1237 3137 1308 3179 meo
1344 3117 1511 3199 redituque
1540 3114 1713 3177 celebrati?

395 3207 446 3272 52.
469 3211 554 3273 Unus
576 3211 630 3274 ille
653 3211 719 3273 dies
741 3208 819 3272 mibi
836 3207 963 3292 quidem
977 3209 1220 3273 immortalitatis
1234 3213 1333 3273 instar
1346 3209 1424 3284 fuit,
1447 3230 1518 3272 cum
1533 3209 1565 3272 in
1580 3209 1713 3291 patriam

395 3304 491 3377 redii,
525 3325 597 3368 cum
624 3312 767 3368 senatum
797 3321 956 3384 egressum
986 3301 1051 3364 vidi
1074 3304 1289 3387 populumque
1310 3304 1509 3379 universnm,
1542 3323 1613 3365 cum
1635 3301 1712 3364 mibi

395 3399 464 3482 ipsa
490 3399 589 3461 Roma
618 3417 717 3481 prope
745 3395 896 3460 convulsa
920 3394 1050 3458 sedibus
1072 3395 1137 3458 suis
1159 3397 1199 3460 ad
1221 3396 1494 3480 complectendum
1516 3403 1713 3460 conservato-

357 3505 386 3551 ao
396 3512 459 3554 rem
482 3512 574 3554 suum
594 3490 740 3575 progredi
764 3491 831 3553 visa
846 3497 903 3552 est.
948 3489 1037 3564 Quae
1052 3510 1102 3552 me
1117 3491 1160 3552 ita
1175 3491 1312 3573 accepit,
1336 3499 1448 3553 utnon
1462 3490 1556 3553 modo
1572 3490 1713 3552 omnium

395 3605 560 3669 generum,
582 3593 734 3659 aetatum,
756 3583 901 3647 ordinum
925 3601 1034 3646 omnes
1056 3583 1172 3646 viriae
1193 3584 1358 3657 mulieres,
1388 3585 1491 3646 omnis
1512 3585 1655 3647 fortunae
1675 3603 1713 3647 ac

396 3681 475 3756 loci,
498 3681 553 3743 sed
576 3681 670 3743 etiam
692 3678 818 3742 moenia
840 3679 908 3760 ipsa
929 3675 1111 3766 viderentur
1133 3684 1165 3739 et
1187 3675 1376 3741 tecta'urbis
1398 3697 1434 3740 ac
1456 3677 1571 3761 templa
1594 3677 1712 3740 laetari.

394 3777 446 3838 Me
467 3773 731 3856 consequentibus
754 3772 865 3834 diebus
886 3771 920 3832 in
942 3791 979 3833 ea
1001 3771 1069 3854 ipsa
1088 3770 1199 3846 domo,
1223 3779 1333 3856 quatu
1348 3792 1398 3834 me
1413 3772 1595 3853 expuleras,
1617 3790 1711 3854 quam

396 3866 566 3951 expilaras,
596 3885 690 3950 quam
712 3864 913 3938 incenderes,
942 3865 1124 3946 pontifices,
1147 3865 1308 3939 consules,
1335 3872 1438 3947 patres
1460 3864 1628 3946 conscripti
1649 3863 1712 3927 col·

393 4174 542 4236 rtcutoquelt
560 4173 608 4224 mei
624 4173 713 4235 rapitis
725 4172 808 4235 pretio
820 4171 979 4234 perforatoque
996 4173 1016 4223 C
1031 4199 1058 4209 -
1077 4172 1099 4220 ts
1115 4173 1146 4231 T;
1164 4172 1202 4221 dtr
1218 4173 1237 4221 c
1257 4198 1284 4208 -
1302 4171 1327 4220 2.
1343 4169 1461 4233 praebuit
1475 4170 1531 4222 ref
1542 4171 1707 4222 effaemus:

391 4250 534 4314 praebuisse
549 4249 585 4308 V;
609 4249 694 4298 tribuit
709 4261 735 4297 se
751 4249 770 4298 C
790 4274 817 4283 -
840 4249 864 4296 2:
882 4247 1082 4297 mcrcmnmirun
1098 4247 1173 4296 VES
1191 4247 1226 4308 (et
1242 4244 1313 4296 baud
1330 4243 1411 4295 dubie
1427 4245 1470 4305 Ti:
1493 4246 1675 4296 murrinos
1693 4247 1710 4295 F

394 4327 444 4375 GO
464 4351 490 4360 -
510 4323 650 4372 okrandro
668 4323 701 4382 C,
726 4320 775 4372 sed
792 4321 817 4370 in
837 4323 853 4370 S
871 4335 939 4372 corr.
959 4321 1130 4372 Alexandrino
1149 4347 1175 4356 -
1194 4320 1218 4371 4.
1234 4321 1339 4384 populor
1355 4321 1374 4370 E
1394 4347 1421 4356 —
1439 4322 1464 4371 9.
1483 4323 1588 4371 Rmnaui
1603 4322 1635 4370 T:
1655 4332 1707 4370 om.

392 4401 473 4450 VCO
492 4425 519 4434 ·-
538 4403 582 4448 out
598 4399 661 4448 TC:
685 4411 715 4446 cc
732 4397 782 4447 VO
800 4422 829 4432 -
852 4397 891 4446 40.
910 4410 967 4446 cum
982 4397 1057 4447 teos
1078 4423 1100 4433 -
1127 4397 1263 4446 mobstottr
1279 4396 1394 4446 Cunetio
1410 4395 1430 4446 T
1446 4394 1531 4456 solus;
1550 4397 1578 4446 0.
1595 4395 1711 4445 miuus

392 4475 439 4525 EF
452 4501 477 4511 -
498 4474 538 4523 44.
557 4473 615 4523 fort.
628 4477 681 4521 tum
693 4471 758 4521 lutto
770 4496 797 4507 -
815 4471 952 4533 repetendis
967 4472 987 4521 E
1005 4475 1066 4532 (non
1078 4474 1106 4533 G)
1125 4499 1153 4509 -
1170 4477 1238 4523 cetat
1252 4471 1317 4522 TV:
1334 4476 1420 4522 octone
1436 4472 1526 4522 CO·
1547 4471 1587 4521 43.
1605 4483 1662 4519 rum
1678 4485 1711 4519 ec

392 4549 569 4600 ductorttctsV
583 4574 609 4583 -
624 4549 663 4598 45.
680 4547 726 4598 sibi
742 4552 795 4597 tum
811 4547 945 4597 oderim
957 4546 1018 4596 edd.
1033 4551 1096 4597 vett.
1109 4550 1200 4597 contra
1212 4546 1289 4597 codd.
1306 4572 1332 4584 -
1352 4547 1392 4596 46.
1409 4559 1504 4609 poenos
1520 4559 1573 4596 om.
1587 4547 1606 4596 E
1623 4544 1708 4602 solus;

392 4630 415 4675 et
430 4639 503 4690 prou
515 4651 530 4662 -
542 4648 557 4661 ·
568 4627 680 4673 crement
695 4621 777 4673 babet
795 4623 939 4673 Arusianus
957 4635 982 4687 p.
996 4623 1044 4673 4445
1061 4623 1089 4673 L.
1105 4651 1131 4660 —
1151 4623 1190 4670 44.
1209 4622 1240 4670 Et
1255 4621 1292 4668 V:
1311 4621 1353 4670 sed
1369 4622 1419 4671 CO
1438 4647 1465 4655 -
1485 4621 1525 4670 49.
1542 4621 1629 4685 pabtur'
1644 4621 1663 4671 l'
1681 4647 1708 4658 -

392 4701 432 4749 so.
452 4714 469 4749 o
486 4701 523 4750 C:
541 4713 554 4748 e
570 4697 592 4746 V
611 4723 638 4734 -
661 4697 802 4748 Brundusio
819 4698 891 4747 FGS
910 4723 937 4733 -·
962 4697 1002 4747 2⁴.
1020 4699 1110 4761 viderit
1128 4696 1191 4762 [scil.
1210 4696 1319 4757 reditus]
1337 4695 1373 4744 V:
1396 4697 1504 4747 viduus
1521 4698 1583 4755 Οὓς
1606 4697 1711 4746 cidarim

394 4778 461 4825 coni.
481 4772 611 4825 Garatoni.
631 4799 658 4809 —
677 4773 730 4823 ullu
745 4773 794 4835 fuit
810 4773 845 4820 V:
861 4773 979 4835 [ottulfo
996 4773 1046 4822 CO
1066 4801 1092 4810 -
1110 4787 1154 4822 nec
1170 4773 1204 4820 V:
1222 4785 1301 4834 nequo
1317 4771 1336 4820 C
1356 4797 1384 4807 ·-
1401 4773 1442 4821 22.
1461 4773 1495 4820 od
1510 4783 1549 4820 me
1562 4770 1658 4832 publice
1672 4771 1707 4818 V:

390 4848 459 4911 publ.
478 4849 512 4898 ud
526 4862 566 4898 ms
583 4848 631 4898 CO
651 4875 677 4885 -
695 4846 738 4899 44.
755 4849 933 4898 coucursruV:
952 4861 1100 4898 conwoion
1117 4848 1234 4906 RVG&
1254 4860 1382 4896 securum
1398 4848 1423 4898 u
1441 4875 1468 4883 -
1486 4847 1528 4895 26.
1546 4849 1614 4908 opud
1629 4859 1711 4896 omues

395 4927 456 4976 EF:
474 4926 542 4987 opud
557 4924 665 4974 dominor
680 4925 716 4977 V:
742 4936 795 4974 om.
813 4925 863 4973 Sbt
882 4949 908 4958 -
932 4923 973 4973 47.
991 4923 1162 4985 suitcsonV:
1186 4923 1298 4984 fuitque
1316 4923 1365 4972 CO
1383 4949 1410 4958 -
1434 4923 1475 4973 48.
1492 4922 1658 4984 populumque
1672 4921 1707 4968 V:

392 5001 559 5064 popadunquc
575 5001 713 5050 Remmium
730 4999 779 5049 CO
792 5025 819 5034 -
838 4999 894 5060 ipra
908 4999 969 5048 mibi
986 5000 1003 5049 F
1018 5026 1044 5035 —
1061 4999 1103 5048 49.
1121 4999 1224 5047 coumra
1240 4999 1272 5057 E3
1291 4997 1350 5047 tort.
1366 4998 1484 5047 conuulso
1499 5010 1533 5046 ec
1546 4997 1640 5047 uds'brsr
1649 4997 1708 5054 aas,

395 5080 424 5128 ut
441 5080 482 5128 est
498 5078 522 5127 iu
540 5075 616 5125 Verr.
633 5075 665 5134 V,
683 5073 698 5137 ὅ
716 5073 820 5124 t86.-
839 5074 879 5126 30.
895 5074 1014 5138 propredi
1029 5073 1067 5122 V:
1083 5073 1215 5135 procedere
1232 5074 1260 5121 C.
1284 5072 1322 5122 Cf
1335 5074 1404 5123 Bake
1422 5073 1463 5133 lV,
1476 5087 1502 5136 p.
1516 5073 1615 5124 306.-
1633 5073 1674 5122 dt.
1687 5077 1710 5122 rt

395 5153 455 5202 mut.
469 5152 527 5202 F-
547 5149 587 5199 33.
604 5161 690 5200 mon
676 5153 846 5199 -cumemnr
862 5149 1021 5200 babetA-
1040 5161 1117 5210 quom
1133 5147 1263 5208 aspitaros
1278 5159 1331 5196 om
1345 5145 1423 5196 codd.
1436 5150 1539 5197 Asc.-
1558 5146 1597 5198 34.
1610 5160 1637 5208 p.
1649 5159 1709 5195 con-

395 5225 481 5289 scripti
498 5225 561 5275 VC:
578 5228 642 5286 pret.
661 5221 738 5274 codd.
751 5226 823 5286 Asu,
841 5224 888 5275 sed
906 5225 982 5275 Laur.
997 5227 1085 5286 patrer
1101 5224 1142 5284 (ex
1152 5221 1304 5274 confusione
1316 5222 1534 5321 compendiorum
1550 5236 1591 5286 pr.
1604 5224 1665 5284 etp.
1675 5221 1707 5283 c.)

400 5299 682 5360 NJrmbrwmutss
700 5298 897 5351 commuta.
