4009 6159
409 575 492 642 tito
716 578 868 643 ORATIO
890 578 969 644 Plio
993 578 1026 643 C.
1049 579 1212 644 RABIRIO
1233 578 1423 645 POSTUMO

491 750 516 812 1.
539 745 568 811 l.
598 749 632 812 st
659 750 731 833 quis
760 757 824 825 est,
857 749 996 826 iudices,
1028 751 1084 833 qui
1112 751 1145 814 C.
1167 750 1345 826 Rabirium,
1376 750 1463 834 quod
1484 747 1625 813 fortunas
1647 767 1731 823 suas,

407 842 555 908 fundatas
576 843 763 926 praesertim
785 851 880 927 atque
903 845 1022 928 optime
1036 846 1237 919 constitutas,
1259 845 1407 929 potestati
1422 843 1526 927 regiae
1541 843 1730 927 libidinique

408 937 615 1012 commiserit,
650 937 947 1019 reprehendendum
976 946 1083 1022 putet,
1112 939 1268 1003 adscribat
1295 939 1335 1002 ad
1364 938 1514 1003 iudicium
1546 959 1637 1001 suum
1666 957 1731 1000 non

408 1031 503 1095 modo
532 1051 650 1106 meam,
684 1030 740 1094 sed
767 1031 864 1094 buius
894 1033 988 1095 etiam
1010 1033 1127 1116 ipsius,
1157 1034 1212 1118 qui
1240 1032 1410 1106 commisit,
1439 1033 1644 1096 sententiam:
1672 1051 1731 1095 nec

384 1125 493 1190 renim
516 1125 664 1209 cuiquam
687 1125 757 1188 eius
779 1126 945 1189 consilium
968 1127 1185 1191 vehementius
1207 1146 1301 1209 quam
1330 1126 1392 1209 ipsi
1414 1125 1569 1209 displicet.
1616 1125 1732 1202 Quam-

408 1239 503 1303 quam
531 1218 593 1281 boc
624 1219 812 1303 plerumque
839 1218 989 1296 facimus,
1021 1228 1057 1284 ut
1079 1220 1212 1284 consilia
1234 1220 1353 1283 eventis
1375 1220 1585 1303 ponderemus
1607 1227 1652 1293 et,
1681 1219 1731 1282 cui

406 1312 488 1376 bene
511 1313 588 1396 quid
609 1313 816 1396 processerit,
845 1312 979 1377 multum
1010 1315 1099 1378 illum
1127 1315 1317 1398 providisse,
1348 1315 1399 1377 cui
1421 1334 1529 1389 secus,
1560 1315 1640 1378 nibil
1661 1334 1732 1377 sen-

407 1407 487 1469 sisse
516 1405 668 1470 dicamus.
711 1407 745 1470 Si
775 1407 946 1471 exstitisset
974 1409 1008 1472 io
1036 1429 1111 1492 rege
1141 1407 1235 1483 fides,
1270 1407 1350 1472 nibil
1371 1408 1545 1492 sapientius
1565 1410 1732 1471 Postumo:

386 1501 484 1584 ‘quia
504 1501 617 1565 40404444
638 1521 712 1577 rex,
734 1501 814 1564 nibil
835 1500 898 1564 boc
920 1504 1077 1567 amentius
1100 1502 1228 1578 dicitur,
1257 1502 1378 1566 utiam
1399 1501 1478 1564 nibil
1499 1522 1569 1566 esse
1589 1502 1733 1565 videatur

370 1615 398 1663 40
407 1598 469 1660 nisi
503 1595 645 1660 divinare
674 1594 838 1678 sapientis.
881 1591 912 1657 2.
935 1597 997 1660 Sed
1020 1604 1143 1672 tamen,
1174 1599 1201 1660 si
1224 1597 1377 1678 0040004,
1405 1594 1542 1670 iudices,
1569 1595 1625 1679 qui
1647 1593 1733 1657 illam

406 1690 547 1754 Postumi
570 1689 636 1753 sive
658 1689 786 1752 inanem
807 1708 896 1771 spem
913 1690 978 1753 sive
997 1690 1208 1754 inconsultam
1221 1691 1377 1753 rationem
1393 1689 1476 1764 sive,
1498 1696 1534 1752 04
1548 1686 1732 1772 gravissimo

274 1807 285 1861 p
408 1783 504 1849 verbo
527 1791 615 1858 utar,
637 1783 846 1846 temeritatem
867 1783 1106 1866 vituperandam
1129 1789 1235 1867 putet,
1261 1802 1320 1865 ego
1341 1783 1409 1846 eius
1431 1782 1574 1866 opinioni
1598 1800 1663 1845 non
1683 1799 1733 1842 re-

258 1870 279 1914 d
408 1898 530 1961 pugno:
564 1876 644 1940 illud
671 1885 777 1940 400400
809 1875 975 1961 deprecor,
1008 1887 1061 1952 ut,
1095 1898 1165 1940 cum
1194 1877 1234 1941 ab
1261 1877 1330 1960 ipsa
1358 1878 1496 1940 Fortuna
1517 1874 1732 1940 crudelissime

408 1973 514 2037 uideat
534 1971 630 2036 buius
652 1971 786 2036 consilia
809 1992 878 2035 esse
901 1971 1048 2046 multata,
1079 1970 1217 2054 nequid
1249 1971 1289 2033 ad
1312 1991 1365 2034 eas
1386 1973 1511 2046 ruinas,
1540 1969 1655 2052 quibus
1681 1966 1751 2052 4440ι

372 2086 399 2134 40
408 2088 578 2152 oppressus
595 2075 658 2142 004,
680 2065 861 2129 addendum
876 2066 1055 2130 acerbitatis
1070 2073 1169 2149 putet.
1203 2064 1285 2127 Satis
1301 2073 1349 2126 est
1361 2064 1507 2128 homines
1522 2060 1732 2147 imprudentia

408 2163 514 2247 lapsos
545 2181 609 2224 non
639 2162 776 2243 erigere,
809 2181 921 2244 urgere
948 2179 1024 2224 vero
1052 2160 1190 2223 iacentes
1217 2165 1270 2220 aut
1296 2156 1539 2241 praecipitantes
1569 2153 1731 2238 impellere

409 2263 494 2321 certe
517 2263 566 2320 est
586 2254 812 2329 inhumanum,
834 2254 1038 2338 praesertim,
1061 2252 1200 2326 iudices,
1223 2272 1294 2315 cum
1316 2252 1357 2315 sit
1371 2251 1432 2314 hoc
1446 2249 1553 2333 generi
1566 2248 1730 2312 bominum

408 2370 508 2434 prope
528 2357 643 2414 natura
664 2346 787 2425 datum,
809 2348 873 2423 044,
895 2367 960 2431 qua
981 2347 1015 2410 in
1038 2345 1157 2412 lamilia
1171 2345 1241 2408 laus
1255 2344 1363 2428 aliqua
1376 2343 1457 2409 forte
1471 2341 1629 2418 lloruerit,
1649 2342 1733 2406 banc

407 2444 475 2508 fere
507 2444 562 2528 qui
594 2450 669 2507 sunt
697 2442 766 2506 eius
794 2442 900 2525 stirpis
914 2445 1022 2525 (quam
1054 2459 1157 2503 sermo
1186 2439 1350 2502 hominum
1379 2458 1416 2502 ac
1438 2437 1587 2502 memoria
1607 2443 1731 2520 patrum

247 2586 282 2606 -.
356 2540 556 2608 ,4044440400
578 2537 723 2601 celebret
736 2535 940 2619 cupidissime
960 2533 1258 2618 persequanturatsi
1267 2531 1492 2616 lquidemlnon
1504 2530 1650 2599 modolin
1665 2529 1732 2612 glo·
1844 2597 1848 2602 ,

280 2700 292 2729 ⁴
346 2621 353 2697 l
408 2634 456 2697 ria
476 2633 523 2697 rei
544 2551 842 2709 militarisllaulum
865 2629 970 2712 Scipio
992 2634 1048 2692 aut
1068 2627 1238 2690 Maximum
1258 2617 1366 2703 lilius}
1387 2627 1443 2691 sed
1465 2623 1614 2709 ctiam)in
1636 2623 1733 2687 devo-

232 2731 319 2813 p(
348 2704 373 2784 lx
409 2729 496 2792 tione
518 2727 600 2790 vitae
622 2714 708 2804 et(in
729 2726 800 2807 ipso
822 2743 936 2806 genere
958 2723 1065 2785 mortis
1092 2722 1229 2806 imitat-us
1251 2728 1299 2784 est
1320 2723 1352 2784 P.
1374 2721 1505 2784 Decium
1525 2711 1623 2798 filius)
1663 2719 1732 2783 Sint

409 2822 505 2905 igitur
526 2819 652 2894 similia,
675 2817 807 2892 iudices,
829 2835 926 2900 parva
940 2815 1072 2898 magnis.
1107 2816 1146 2877 ll.
1160 2812 1190 2877 3.
1203 2816 1275 2879 Fuit
1296 2814 1380 2878 enim
1402 2816 1508 2899 pueris
1526 2814 1619 2878 nobis
1637 2813 1731 2876 buius

373 2943 376 2947 ·
407 2924 498 3001 pater
528 2916 561 2978 C.
585 2913 710 2977 Curtius
737 2911 886 2995 princeps
915 2910 1035 2974 ordinis
1057 2909 1212 2992 equestris
1234 2907 1501 2972 fortunatissimus
1524 2914 1555 2970 et
1575 2908 1731 2970 maximus

272 3020 277 3041 ¹
371 3005 611 3096 republicanus:
633 3009 722 3071 cuius
742 3008 776 3069 in
798 3003 934 3088 negotiis
957 3001 1103 3087 gerendis
1125 3001 1371 3084 magnitudinem
1394 3003 1491 3066 animi
1512 3020 1576 3064 non
1597 3000 1731 3065 tambo-

411 3106 512 3170 mines
540 3103 745 3187 probassent,
775 3099 837 3164 nisi
864 3098 898 3161 in
928 3097 1041 3162 eodem
1070 3095 1248 3179 benignitas
1269 3095 1463 3161 incredibilis
1484 3098 1611 3163 fnisset:
1641 3100 1731 3163 utin

475 3405 611 3456 4400444440
628 3413 766 3451 0444404440.
792 3401 828 3450 tt.
848 3399 873 3450 T.
887 3399 1021 3450 0404440440
1037 3411 1084 3448 eso
1101 3397 1128 3448 0.
1141 3398 1245 3448 animo
1260 3397 1375 3449 Possm
1386 3397 1527 3460 (Possem
1544 3399 1622 3464 corni
1641 3403 1733 3453 044440

410 3494 443 3533 sn
459 3492 560 3532 4044040
576 3489 672 3528 ructata
689 3477 719 3536 S;
741 3475 775 3525 ll.
796 3475 822 3524 T.
840 3473 868 3525 0.
887 3473 978 3524 Oiasso
993 3487 1041 3525 4440
1058 3475 1117 3525 0440
1135 3475 1238 3524 lissima
1253 3484 1366 3525 roaroso
1382 3486 1477 3524 44444444
1493 3475 1528 3536 Ε,
1544 3475 1581 3525 it.
1601 3475 1626 3526 T.
1641 3475 1667 3528 0.
1685 3490 1732 3528 rao

411 3559 502 3610 040440
519 3553 761 3606 14444οο400000.
780 3550 872 3599 orario
888 3563 914 3599 v.

476 3635 500 3682 4.
518 3631 633 3695 [cameos
648 3640 707 3677 0004
725 3626 757 3675 V:
776 3638 835 3676 4004
849 3625 965 3688 fortunas
981 3625 1047 3676 Ciol.
1067 3624 1170 3687 (bocina
1186 3623 1332 3674 verborum
1349 3624 1481 3688 ordinei);
1504 3626 1621 3690 4044444400
1636 3643 1696 3680 soce
1712 3630 1732 3680 E

411 3707 470 3768 sit;
489 3719 550 3758 suae
565 3707 684 3770 fortuma
699 3705 745 3754 v0
764 3729 791 3738 -
811 3704 835 3752 4.
854 3703 999 3753 constitutos
1015 3700 1037 3748 V
1054 3701 1082 3749 04
1099 3698 1180 3750 Clot:
1199 3700 1344 3749 constitutos
1360 3712 1417 3762 0000
1433 3700 1478 3750 ES
1489 3702 1536 3754 440
1555 3729 1582 3740 -
1601 3704 1696 3757 libidini
1711 3707 1732 3756 E

352 3820 355 3827 .
410 3809 439 3820 -
457 3781 482 3834 4.
500 3794 545 3832 aec
561 3781 599 3831 C:
617 3792 695 3843 444004
711 3777 773 3838 b0;
791 3791 836 3828 440
852 3775 1016 3829 machebat
1032 3775 1112 3825 etiam
1130 3772 1189 3824 cod.
1202 3772 1259 3823 Vat.
1277 3773 1304 3823 in
1321 3785 1359 3823 or.
1373 3772 1437 3825 Phil.
1450 3775 1470 3837 4,
1488 3773 1556 3838 tto.
1574 3779 1606 3841 ΙΙ,
1625 3779 1731 3844 sicet.

412 3885 440 3895 -
460 3859 484 3909 6.
502 3857 582 3908 404444
597 3857 617 3908 Ε
636 3881 664 3892 -
683 3855 707 3904 4.
726 3854 786 3916 qaid
802 3867 856 3903 om.
874 3867 892 3900 v
909 3879 936 3888 -
951 3851 1106 3914 0404044404
1121 3851 1167 3900 Ox.
1181 3849 1216 3908 ii3
1235 3849 1325 3899 04444040
1340 3849 1408 3899 coni.
1421 3849 1572 3902 Lambinus.
1588 3881 1616 3892 -
1633 3857 1733 3907 4040440

410 3949 464 3987 004.
483 3934 530 3998 04.
548 3933 584 3992 44
601 3929 691 3980 0444444
705 3929 750 3980 4440
767 3941 874 3992 000000
890 3927 983 3978 bamb.
997 3924 1101 3982 maluit:
1120 3927 1147 3975 04
1164 3924 1267 3975 0004044
1282 3925 1404 3975 Garatoni
1421 3925 1474 3976 Cic.
1491 3925 1525 3976 de
1542 3927 1599 3979 Nat.
1612 3929 1686 3983 deor.
1699 3933 1730 3995 44,

410 4013 426 4078 g
444 4013 476 4062 es
493 4011 520 4061 04
537 4009 614 4059 0000.
633 4006 660 4056 b.
679 4003 743 4056 Gall.
761 4005 819 4065 4444,
837 4005 884 4065 tt,
903 4003 927 4054 3.
948 4029 976 4038 -
1001 4001 1041 4050 40.
1060 3998 1184 4064 sapentia]
1207 3999 1233 4049 in
1250 3998 1309 4049 loco
1325 3997 1423 4062 aliquid
1439 3999 1561 4051 vitiosum
1579 4015 1639 4054 esse
1655 4003 1732 4056 4000-

411 4084 496 4136 400404
519 4081 710 4133 demonstravit
730 4081 861 4130 Ferratius
881 4080 908 4129 in
930 4078 1009 4141 Epist.
1028 4076 1073 4137 Vl,
1092 4077 1121 4137 45,
1141 4075 1170 4130 64
1198 4074 1256 4125 4044.
1278 4075 1401 4138 sapientia
1416 4073 1459 4125 vel
1482 4078 1592 4141 4004444,
1619 4083 1649 4132 04
1663 4081 1731 4133 44000

411 4162 446 4212 044
466 4157 610 4211 sententia:
638 4156 687 4205 «04
708 4148 764 4205 iam
783 4153 837 4206 sola
855 4153 978 4204 divinatio
997 4149 1126 4214 sapientia
1143 4162 1203 4201 esse
1220 4148 1365 4200 videatur.»
1384 4175 1411 4184 -
1440 4151 1479 4200 ts.
1496 4153 1684 4220 repugnabam
1703 4183 1730 4192 -

354 4296 357 4300 ,
412 4234 452 4287 tl.
470 4235 543 4285 44444444
558 4234 589 4283 S:
613 4231 666 4282 44440
681 4230 761 4281 EilV
779 4255 807 4266 -
831 4230 871 4280 46.
889 4228 992 4279 iacentis
1008 4232 1053 4277 004
1065 4226 1256 4290 praecipitantis
1272 4226 1322 4276 CG
1342 4251 1369 4262 -
1398 4225 1437 4278 48.
1454 4231 1483 4277 ut
1497 4227 1519 4276 44
1535 4240 1586 4290 qao
1602 4229 1732 4295 Bipontlni

412 4312 439 4361 et
459 4309 575 4361 Weiske.
600 4333 628 4344 -
654 4305 695 4358 49.
719 4311 776 4356 auat
800 4306 837 4356 C:
863 4304 912 4354 4444
935 4305 1000 4355 Get
1015 4300 1031 4353 4
1048 4303 1112 4352 0404.
1135 4327 1162 4337 -
1190 4302 1297 4353 amdam
1312 4302 1423 4352 Ernesti.
1444 4328 1472 4338 -
1498 4306 1734 4366 μαψ-,ΝΜ

411 4383 617 4437 440040400οἰ004
645 4381 712 4442 quod
731 4393 811 4431 444040
832 4379 958 4430 4404444404
978 4377 1013 4428 od
1034 4377 1181 4428 0044044044
1197 4382 1303 4440 parum
1322 4377 1412 4427 0444040
1428 4377 1562 4429 0440444444
1578 4381 1642 4442 4]ος
1668 4383 1734 4446 quod

411 4473 522 4510 4444440444
541 4458 566 4509 b.
585 4471 617 4508 oc
632 4457 756 4508 4044440440
775 4470 802 4520 0.
819 4456 923 4506 virtutes
938 4452 1090 4504 celebrentur
1106 4449 1178 4502 Klotz
1194 4453 1340 4518 praeeunte
1357 4453 1508 4516 Scbnetsio,
1530 4455 1661 4519 040400,
1685 4456 1734 4508 sed

410 4535 491 4585 044404
513 4531 655 4584 0444444404.
688 4531 814 4582 «Videtur
836 4531 921 4580 totum
944 4541 1004 4579 esse
1027 4527 1161 4592 spurium
1188 4540 1250 4578 nam
1272 4528 1415 4589 sententia,
1434 4541 1502 4591 0000
1519 4531 1650 4583 rationein
1666 4530 1733 4583 illius

348 4596 352 4604 ’
412 4608 563 4674 cupiditatis
580 4606 705 4672 explicat,
724 4609 765 4658 est
781 4605 840 4657 loco
856 4606 972 4671 primum
988 4603 1074 4654 alieno
1092 4605 1119 4653 et
1134 4602 1276 4653 durissime
1293 4601 1392 4653 divellit
1406 4602 1471 4652 44040
1484 4603 1537 4667 scre
1553 4607 1596 4668 poi
1611 4620 1632 4656 s.
1644 4622 1665 4659 4.
1677 4607 1734 4658 stin

410 4684 449 4748 pis
465 4696 481 4732 a
498 4681 651 4747 praedicato
667 4681 750 4744 cupid.
764 4693 878 4743 044400.;
901 4678 1017 4742 denique
1039 4677 1106 4727 40440
1122 4675 1189 4728 iliius
1207 4677 1290 4728 estin
1307 4675 1506 4740 sequentibus.»
1524 4679 1638 4734 Ensssrr.
1668 4682 1734 4732 44400

412 4758 536 4810 Garatoni
552 4769 629 4819 004444
650 4767 699 4820 040
720 4757 786 4818 qood
800 4754 889 4818 legere
907 4752 1008 4805 maluit.
1028 4778 1055 4787 -
1079 4753 1120 4802 44.
1139 4757 1183 4801 aot
1205 4749 1348 4802 delendum
1366 4753 1458 4803 censet
1474 4753 1603 4807 Garatoni.
1623 4781 1650 4793 -
1667 4757 1734 4822 444404

410 4847 442 4884 v:
459 4832 540 4897 444040
556 4828 635 4881 codd.
655 4854 684 4866 -
710 4829 751 4881 44.
769 4834 793 4880 44
808 4841 896 4894 amere
911 4838 930 4880 v
947 4855 975 4864 -
1001 4827 1043 4879 43.
1060 4826 1108 4890 fait
1129 4827 1218 4878 SUV:
1241 4827 1331 4891 0044044
1347 4825 1382 4889 Ε,
1406 4827 1421 4877 3
1438 4827 1501 4877 0444.
1522 4855 1549 4866 -
1575 4829 1617 4883 44.
1635 4831 1735 4882 Curtios

411 4904 563 4957 Turnebus:
583 4904 673 4957 0404444
689 4905 767 4957 codd.
786 4907 813 4957 04
829 4906 858 4956 0.
884 4903 999 4956 Turnebi
1017 4901 1229 4954 emendationem
1252 4903 1366 4952 tirmavit
1383 4903 1504 4954 Garatoni
1522 4903 1579 4956 coli.
1598 4905 1614 4970 ἕ
1630 4905 1670 4958 lb.
1690 4920 1732 4971 00.

412 4980 447 5032 ad
462 4982 515 5031 444.
533 4979 581 5042 lii,
598 4981 623 5042 4,
642 4993 666 5042 0,
685 4980 701 5045 5
717 4981 747 5041 3;
766 4980 812 5042 ni,
830 4981 856 5042 44,
874 4981 898 5031 t.
917 4981 942 5043 6,
960 4982 985 5031 4.
1002 4978 1039 5030 ad
1054 4979 1126 5030 Fam.
1139 4978 1207 5040 44444,
1227 4977 1272 5040 60,
1292 4980 1319 5042 4,
1339 4991 1377 5029 04.
1395 4993 1422 5044 p.
1435 4978 1500 5030 44044.
1513 4979 1589 5044 perd.
1608 4981 1623 5047 fi
1640 4981 1669 5044 8,
1687 4981 1733 5032 ubi

411 5056 553 5108 lectionem
570 5067 586 5105 a
607 5054 684 5107 nobis
705 5057 843 5120 receptam
863 5056 917 5107 iam
932 5055 1117 5106 retractamus.
1138 5081 1165 5090 -
1182 5053 1392 5116 [04400040444440
1409 5066 1471 5106 nos:
1489 5055 1637 5119 4044440404ιο
1652 5055 1731 5106 codd.

412 5135 441 5184 04
451 5133 484 5192 04
502 5131 690 5197 peroptimas
705 5126 910 5181 Hotomanus.-
927 5129 970 5179 44.
987 5141 1038 5178 noa
1054 5131 1152 5180 40440444
1167 5126 1259 5178 4004044
1275 5128 1392 5190 Ε400044;
1411 5130 1438 5180 04
1454 5129 1555 5180 0004044
1566 5130 1687 5180 Garatoni
1699 5127 1732 5179 ad

412 5207 591 5272 Δ44.444,4,44
610 5205 971 5268 emmerentianae,
989 5203 1055 5267 quod
1069 5204 1288 5255 moretomaeeutt
1301 5209 1366 5256 44044.
1385 5203 1423 5256 04.
1437 5205 1516 5257 etiam
1527 5217 1608 5270 supra
1619 5219 1646 5270 p.
1657 5203 1731 5267 4446,

415 5282 497 5334 ta·-
515 5283 625 5336 40444444
640 5282 685 5334 sti
702 5281 862 5334 04400404
886 5281 913 5331 to
928 5292 970 5333 404
985 5279 1051 5341 4404
1068 5279 1096 5332 io
1111 5276 1219 5332 4404444404
1235 5280 1308 5332 rosv
1323 5292 1365 5346 04.
1378 5291 1415 5332 44.
1430 5305 1458 5319 -
1476 5281 1516 5332 46.
1533 5280 1619 5358 lodged
1635 5291 1689 5332 0444.
1702 5279 1731 5332 Ε.
