4009 6159
655 566 727 630 cre.
749 565 1029 631 xxx-xxxa.
1056 564 1104 651 ss
1125 564 1269 632 73-79.
1537 564 1619 632 rosa

296 736 428 800 occulte.
472 737 548 799 Nam
577 735 672 820 paulo
703 743 775 798 ante
797 736 905 799 dixisti
920 757 977 799 me
999 757 1071 799 cum
1094 737 1133 799 iis
1155 734 1340 820 confligere,
1375 759 1454 821 quos
1476 737 1618 821 despice-

295 851 380 905 rem,
402 849 467 893 non
489 829 642 911 attingere
664 850 734 904 eos,
762 830 816 913 qui
838 829 910 912 plus
931 838 1077 915 possent,
1109 831 1224 914 quibus
1246 832 1345 895 iratus
1367 853 1437 896 esse
1459 831 1616 895 deberem.

297 925 439 1000 Quorum
462 923 590 1006 quidem
612 923 740 1006 -quis
764 924 848 986 enim
870 945 933 988 non
956 925 1121 1007 intelligit,
1145 945 1225 1008 quos
1249 925 1355 989 dicas?
1370 960 1411 972 -
1427 944 1617 1008 quamquam

296 1038 361 1081 non
383 1024 431 1081 ost
452 1037 546 1080 causa
567 1038 631 1080 una
653 1017 810 1092 omnium,
837 1025 941 1081 tamen
965 1027 1013 1082 est
1034 1019 1175 1081 omnium
1197 1019 1273 1082 mibi
1297 1021 1438 1102 probata.
1483 1016 1533 1081 76.
1566 1020 1616 1081 lde

297 1113 351 1174 Cn.
374 1110 562 1195 Pompeius,
598 1111 703 1174 multis
733 1111 958 1175 obsistentibus
989 1113 1058 1175 eius
1087 1131 1161 1195 erga
1189 1134 1239 1174 me
1262 1114 1367 1176 studio
1390 1120 1485 1195 atque
1507 1109 1643 1186 amori,S

295 1225 418 1289 semper
439 1204 569 1279 dilexit,
596 1225 721 1288 semper
741 1225 798 1268 sua
819 1208 1039 1269 coniunctione
1064 1206 1281 1289 dignissimum
1304 1207 1471 1281 iudicavit,
1494 1223 1618 1290 semper

294 1320 357 1362 non
379 1298 474 1362 modo
496 1299 705 1373 incolumem,
728 1298 783 1361 sed
805 1300 897 1363 etiam
912 1299 1142 1383 amplissimum
1156 1306 1251 1383 atque
1266 1301 1502 1365 ornatissimum
1516 1300 1618 1363 voluit

294 1413 372 1456 esse.
402 1371 545 1473 &cogas
565 1391 705 1465 fraudes,
729 1400 865 1456 vestrum
888 1393 1007 1467 scelus,
1030 1401 1152 1457 vestrae
1174 1375 1616 1460 criminationeslinsidiarum
1749 1377 1771 1470 {i

294 1507 448 1562 mearum,
471 1479 557 1549 illius'
578 1473 950 1593 periculoruffifnefarie
972 1477 1080 1591 fictae)
1108 1487 1201 1550 simul
1225 1508 1350 1562 eorum,
1379 1488 1433 1571 qui
1455 1485 1615 1549 familiari-
1744 1515 1784 1574 s¹

294 1581 364 1645 tatis
386 1581 513 1646 licentia
535 1599 664 1642 suorum
686 1567 1193 1662 improbissimorum‘sermonum
1216 1581 1411 1645 domicilium
1432 1581 1465 1642 in
1487 1579 1616 1641 auribus
1626 1581 1653 1631 ⁴⁰
1706 1553 1778 1611 ἢ

293 1676 361 1737 eius
382 1673 520 1756 impulsu
542 1679 646 1735 vestro
670 1673 877 1749 collocarent,
900 1684 935 1738 ut
956 1695 1015 1756 ego
1038 1672 1241 1750 excluderer,
1263 1694 1456 1758 omnesque,
1480 1673 1534 1756 qni
1555 1693 1616 1745 me,

293 1768 348 1851 qui
370 1767 456 1831 illins
479 1767 627 1851 gloriam,
661 1767 717 1851 qui
747 1769 992 1851 rempublicam
1016 1769 1133 1831 salvam
1157 1788 1227 1831 esse
1254 1769 1438 1852 cupiebant,
1471 1786 1616 1829 sermone

292 1868 388 1944 atque
410 1860 496 1934 aditu
518 1860 778 1944 prohiberentur:
801 1862 980 1943 —quibus
1003 1862 1098 1926 rebus
1121 1870 1169 1925 est
1191 1862 1374 1946 perfectum,
1395 1869 1431 1924 ut
1452 1860 1499 1923 illi
1522 1861 1615 1944 plane

293 1963 376 2018 stare
406 1974 463 2017 suo
492 1954 611 2017 iudicio
642 1973 705 2016 non
736 1955 865 2028 liceret,
894 1976 964 2018 cum
988 1957 1064 2019 certi
1092 1956 1236 2018 homines
1259 1976 1322 2019 non
1345 1957 1484 2019 studium
1507 1955 1615 2018 eiusa

293 2068 344 2111 me
369 2048 576 2122 alienassont,
603 2047 659 2111 sed
690 2049 844 2111 auxilium
872 2051 1093 2113 retardassent.
1138 2031 1326 2117 77.(Nonne
1355 2049 1393 2112 ad
1421 2056 1451 2113 te
1477 2052 1512 2112 L.
1534 2052 1652 2112 Len-lt

293 2137 395 2229 tulusl
425 2143 479 2223 qui
507 2149 574 2204 tum
606 2149 673 2204 erat
700 2149 840 2223 praetor,
863 2129 938 2230 (non
961 2143 999 2218 Q.
1023 2145 1143 2225 Sanga,
1174 2164 1237 2206 non
1258 2145 1292 2205 L.
1317 2146 1494 2227 Torquatus
1515 2150 1615 2226 pater,
1751 2184 1767 2221 ,

293 2256 357 2300 non
380 2238 420 2299 Μ.
443 2234 594 2299 Lucullus
617 2227 733 2334 venitq
765 2237 819 2320 qui
849 2256 958 2299 omnes
988 2237 1028 2298 ad
1051 2257 1122 2298 eum
1146 2237 1300 2320 multique
1323 2237 1470 2300 mortales
1492 2246 1614 2300 oratum
1714 2223 1780 2278 '‘i''

292 2333 324 2392 in
340 2330 494 2394 Allienum
517 2329 777 2413 obsecratumque
800 2337 960 2403 venerant,
983 2339 1019 2392 ut
1040 2351 1080 2392 ne
1102 2351 1188 2393 meas
1210 2329 1351 2393 fortunas
1369 2331 1530 2394 desereret
1544 2351 1614 2393 cum
1703 2342 1706 2351 '

291 2425 338 2486 rei
367 2423 513 2506 publicae
542 2423 643 2486 salute
673 2424 868 2487 coniunctas.
914 2424 1001 2500 Quos
1030 2425 1084 2487 ille
1113 2425 1151 2487 ad
1183 2432 1213 2487 te
1236 2430 1268 2486 et
1280 2424 1328 2488 'ad
1350 2430 1439 2488 tuum
1461 2424 1614 2507 collegam

292 2520 426 2591 remisit,
449 2525 484 2581 ut
506 2535 632 2580 causam
654 2518 812 2602 publicam
834 2518 1056 2602 susciperetis,
1084 2526 1120 2579 nt
1141 2518 1181 2580 ad
1204 2525 1349 2580 senatum
1370 2517 1546 2581 referretis:
1581 2529 1653 2582 se²⁰

191 2687 196 2695 .
292 2619 401 2676 contra
423 2618 577 2674 armatum
599 2611 759 2674 tribunum
782 2612 824 2695 pl.
847 2612 915 2675 sine
937 2612 1064 2696 publico
1086 2611 1221 2674 consilio
1243 2612 1403 2674 decertare
1424 2612 1527 2686 nolle,
1559 2613 1614 2675 sed

292 2705 476 2770 consulibus
506 2725 546 2767 ex
575 2711 703 2769 senatus
733 2707 876 2770 consulto
911 2726 977 2769 rem
1006 2704 1165 2788 publicam
1195 2704 1437 2768 defendentibus
1466 2726 1500 2768 se
1529 2727 1616 2769 arma

293 2807 499 2885 sumpturum.
543 2796 592 2860 78.
616 2799 755 2882 Ecquid,
778 2799 907 2875 infelix,
930 2800 1118 2874 recordaris,
1143 2798 1217 2882 quid
1239 2797 1464 2882 responderis?
1479 2783 1527 2861 lin
1550 2818 1615 2882 quo

292 2895 338 2959 illi
369 2913 479 2957 omnes
509 2891 656 2976 quidem,
688 2892 743 2957 sed
774 2896 950 2977 Torquatus
978 2901 1103 2976 praeter
1130 2901 1252 2956 ceteros
1273 2891 1615 2985 furebatboutumacia
1694 2928 1719 2968 ,ιλ
1741 2888 1785 2969 ’ὲκ

291 2987 437 3072 responsi
460 2987 523 3060 tui,
553 2994 583 3050 te
606 3007 669 3049 non
693 3008 763 3050 esse
785 2996 848 3050 tam
870 2988 1001 3060 fortem,
1018 2983 1131 3069 (quam
1153 2988 1221 3070 ipse
1244 2989 1422 3069 Torquatus
1444 2987 1478 3049 in
1501 2997 1653 3050 consu-²8

292 3083 358 3146 latu
379 3082 492 3172 fuisset
513 3088 568 3143 aut
590 3067 769 3171 egobnibil
792 3101 872 3164 opus
894 3100 964 3144 esse
979 3082 1093 3157 armis,
1115 3081 1196 3144 nihil
1210 3080 1431 3153 contentione;
1453 3098 1504 3142 me
1519 3099 1614 3162 posse
1700 3077 1768 3162 ὴὲ

292 3197 358 3240 rem
380 3167 538 3258 publicam
559 3176 672 3238 iterum
696 3194 836 3248 servare,
868 3176 893 3236 si
917 3175 1100 3249 cessissem:
1131 3171 1285 3238 infinitam
1314 3173 1443 3237 caedem
1469 3173 1553 3247 fore,
1587 3174 1614 3236 si

291 3269 492 3333 restitissem:
515 3267 630 3330 deinde
652 3267 691 3330 ad
714 3275 906 3341 extremum,
936 3289 1042 3352 neque
1064 3290 1098 3332 se
1120 3289 1225 3353 neque
1249 3288 1399 3352 generum
1420 3286 1528 3352 neque
1550 3266 1615 3330 col·

291 3366 394 3447 legam
422 3383 514 3426 suum
544 3362 670 3425 tribuno
700 3363 744 3444 pl.
767 3361 956 3425 defuturum.
1001 3361 1060 3424 llic
1087 3369 1136 3435 tu,
1165 3362 1264 3425 hostis
1293 3382 1329 3425 ac
1354 3361 1512 3444 proditor,
1544 3360 1614 3424 eliis
1698 3430 1700 3438 ,

292 3479 342 3522 mc
364 3457 572 3520 inimiciorem
594 3475 689 3539 quam
711 3455 769 3518 tibi
793 3456 907 3519 debere
930 3475 1000 3518 esse
1023 3455 1127 3518 dicis?
1170 3456 1302 3518 XXXII.
1329 3453 1380 3518 79.
1402 3458 1470 3538 Ego
1487 3456 1519 3519 C.
1538 3456 1651 3518 Cae-3⁰

290 3571 393 3616 sarem
422 3569 486 3613 non
518 3551 628 3614 eadem
656 3550 695 3612 de
724 3571 758 3612 re
788 3550 913 3633 publica
945 3551 1083 3613 sensisse
1112 3569 1194 3635 quae
1225 3570 1276 3613 me
1298 3551 1379 3613 scio:
1412 3548 1468 3612 sed
1498 3557 1613 3622 tamen,

291 3642 377 3730 quod
402 3645 464 3708 iam
487 3643 526 3706 de
549 3664 587 3707 eo
609 3645 659 3707 bis
682 3644 883 3709 audientibus
906 3663 1000 3726 saepe
1022 3643 1108 3719 dixi,
1138 3665 1188 3708 me
1217 3645 1272 3707 ille
1300 3644 1349 3706 sui
1379 3643 1477 3707 totius
1500 3663 1614 3736 consu·

290 3739 371 3802 latus
402 3758 575 3822 eorumque
603 3739 777 3813 honorum,
809 3758 889 3822 quos
918 3759 988 3802 cum
1017 3739 1172 3820 proximis
1202 3737 1459 3811 communicavit,
1492 3737 1614 3799 socium

291 3852 361 3896 esse
383 3832 496 3906 voluit,
528 3831 659 3907 detulit,
690 3833 851 3906 invitavit,
882 3833 1012 3914 rogavit
1056 3834 1126 3895 Non
1155 3853 1224 3895 sum
1245 3839 1373 3917 propter
1401 3831 1528 3895 nimiam
1549 3831 1614 3892 for-

290 3935 373 3991 tasse
395 3926 590 3990 constantiae
614 3925 818 4011 cupiditatem
840 3925 993 3989 adductus
1016 3925 1054 3988 ad
1078 3945 1222 4001 causam3
1251 3945 1317 3990 non
1338 3925 1552 4008 postulabam,
1580 3931 1650 3988 utto

357 4217 432 4266 tcto
448 4229 504 4266 eam
520 4216 590 4264 tiss:
610 4227 649 4265 nse
665 4216 687 4264 ts
703 4217 735 4274 Ἐς
753 4214 908 4264 mecombos
925 4215 944 4264 E
962 4240 988 4250 -
1009 4215 1164 4277 murres
1184 4241 1210 4248 -
1229 4213 1254 4264 3.
1273 4226 1484 4278 quotam-fogo
1501 4213 1612 4264 O.v.30

290 4290 373 4342 habet
393 4292 413 4341 T
431 4316 458 4325 -
481 4289 506 4341 l.
524 4303 603 4339 causo
618 4303 670 4340 cca
687 4291 719 4341 T:
747 4303 798 4339 ccc
821 4302 899 4338 causo
915 4289 965 4340 CO
984 4317 1012 4326 —
1036 4291 1061 4339 5.
1080 4302 1143 4353 crqc
1158 4303 1198 4339 mo
1213 4289 1265 4340 dies
1281 4289 1300 4338 T
1318 4315 1345 4324 -
1365 4288 1390 4338 8.
1408 4288 1481 4338 insto.
1498 4301 1614 4338 morum

290 4381 343 4419 om.
358 4367 413 4426 FS:
432 4367 492 4431 post
507 4378 622 4416 moram
638 4365 757 4416 additum
776 4367 816 4415 est
832 4367 857 4414 in
876 4365 895 4414 E
905 4366 923 4414 F
932 4367 952 4414 G
962 4365 987 4415 M
996 4366 1013 4414 S
1031 4367 1092 4428 (uon
1109 4368 1173 4416 item
1189 4366 1216 4414 in
1228 4365 1254 4426 T)
1266 4378 1272 4415 ε
1290 4368 1387 4414 cestros
1397 4364 1542 4426 mmidttotcs
1552 4378 1614 4426 pro·

288 4443 430 4493 vindat-om
444 4443 576 4504 effecerant
594 4468 620 4478 -
641 4443 681 4491 ll.
700 4443 845 4491 cotcccroot
862 4442 902 4503 (ex
919 4439 1071 4503 citoccrcct)
1083 4441 1103 4490 T
1115 4441 1153 4503 (ut
1164 4440 1232 4489 coni.
1246 4437 1413 4499 Lambinusl:
1431 4439 1613 4489 collocaverunt

290 4519 325 4577 C:
347 4517 512 4576 collocarunt,
534 4519 630 4566 vestroe
651 4517 797 4578 cupiditates
816 4516 1006 4578 prcvtcctarom
1027 4519 1159 4579 effecerunt
1175 4514 1236 4565 edd.
1264 4515 1397 4564 incertum
1414 4517 1457 4565 est
1472 4527 1536 4564 num
1552 4517 1613 4578 post

288 4593 441 4643 collocarent
455 4591 569 4641 verbum
591 4590 765 4651 interciderit,
792 4605 826 4640 au
843 4592 877 4642 sit
894 4589 1066 4642 anacoluthos
1083 4592 1166 4641 oratic
1184 4591 1222 4641 sic
1239 4590 1374 4639 instituta:
1394 4593 1491 4640 vestm
1509 4589 1613 4652 fraudes

284 4668 461 4731 perfecerunt,
477 4673 505 4716 ct
526 4667 562 4715 tut
581 4671 649 4716 :tore
669 4679 714 4716 sco
734 4667 826 4716 iudicio
842 4681 892 4716 non
908 4667 998 4717 liceret.
1019 4694 1046 4702 —
1066 4668 1110 4728 qut
1125 4679 1221 4716 mccmn
1236 4665 1304 4715 illios
1318 4663 1427 4728 qlortom
1444 4664 1512 4713 coni.
1531 4665 1609 4716 Bake.

291 4771 319 4779 -
333 4741 372 4792 tl.
390 4747 458 4793 :toro
473 4742 499 4791 in
516 4757 560 4792 :co
576 4743 609 4800 T:
628 4755 672 4792 :uo
688 4747 755 4792 stare
772 4743 821 4792 CO
838 4770 861 4779 -
884 4743 923 4793 48.
941 4748 969 4791 ct
985 4756 1016 4792 cc
1031 4745 1063 4792 T:
1082 4755 1112 4791 cc
1129 4742 1148 4791 C
1164 4768 1190 4777 -
1210 4739 1249 4790 49.
1263 4739 1368 4789 solcum
1384 4738 1444 4788 E-
1463 4739 1505 4790 20.
1518 4741 1612 4790 rmntstt

338 4817 377 4868 .E
395 4817 484 4880 (habet
496 4817 525 4879 G)
536 4843 563 4852 —
582 4817 624 4867 scd
639 4823 727 4867 contro
744 4817 762 4868 E
777 4843 803 4852 --
822 4819 862 4867 at.
880 4819 914 4881 pt.
927 4817 986 4883 sice]
1005 4816 1154 4867 PL.1NCT
1171 4843 1197 4852 -
1212 4814 1281 4876 pcot.
1294 4814 1395 4864 consilio
1411 4815 1444 4864 T:
1463 4825 1529 4862 coos.
1539 4814 1607 4875 publ.

288 4831 377 4944 gd)-
396 4893 438 4942 :cd
449 4891 576 4943 Klotzius:
595 4905 620 4942 sc
630 4892 663 4953 T:
683 4892 789 4942 om.CO
803 4916 829 4929 -
850 4893 890 4942 23.
903 4898 1074 4955 suscoptomm
1090 4889 1189 4954 aliquot
1205 4889 1267 4940 edd.
1280 4891 1343 4939 vett.
1359 4915 1386 4924 -
1404 4887 1526 4950 compoto
1536 4889 1569 4944 Ε;
1588 4893 1612 4936 et

290 4969 351 5032 quid
367 4968 432 5018 TGS
448 4993 473 5003 -
487 4967 546 5029 quid
561 4967 598 5016 bis
609 4968 763 5030 responderis
780 4967 799 5017 E
813 4993 839 5002 -
858 4969 898 5018 26.
912 4971 972 5018 essct
987 4968 1067 5016 ormi:
1081 4967 1143 5015 nuc
1158 4965 1300 5015 coctioceT
1314 4991 1340 4998 -,
1359 4964 1399 5013 27.
1412 4976 1466 5013 rem
1479 4977 1507 5025 p.
1520 4963 1611 5012 danem

291 5047 323 5095 T:
341 5045 432 5094 itm
447 5056 500 5093 rem
513 5057 540 5106 p.
554 5041 600 5092 CO
615 5069 641 5079 —
658 5043 822 5105 sorscocdem
834 5043 853 5092 E
864 5039 976 5091 solus·
996 5041 1036 5091 28.
1049 5053 1128 5104 oeque
1143 5045 1166 5089 to
1177 5053 1301 5102 --ccquc
1317 5037 1437 5101 colteqom
1453 5042 1523 5086 tmen
1533 5050 1606 5102 susp.

273 5117 427 5186 jeremi,
446 5129 608 5182 quamquam
627 5119 684 5182 ipse
701 5117 833 5181 vulgatam
850 5115 976 5166 defendit.
997 5143 1024 5152 -
1047 5116 1088 5166 29.
1107 5115 1234 5165 tribunum
1247 5115 1283 5178 pt.
1302 5115 1322 5164 T
1341 5141 1368 5150 -
1392 5127 1442 5162 oon
1459 5112 1609 5175 defectum

293 5195 336 5245 FS
354 5193 419 5256 (trib.
437 5207 486 5244 nco
500 5193 537 5256 pt.
554 5193 696 5254 dotatam
713 5195 741 5256 G)
764 5219 791 5229 -
816 5193 856 5243 33.
874 5193 996 5242 bonorum
1013 5203 1065 5241 cm.
1084 5190 1146 5240 Ρι-
1166 5190 1206 5241 34.
1227 5192 1290 5242 ..ott
1309 5192 1604 5240 oecumenem..

292 5281 319 5335 p.
339 5266 415 5332 lotii,
432 5267 464 5320 ³0
481 5267 563 5320 babet
578 5267 607 5334 Τ,
626 5266 696 5334 quod
714 5269 755 5318 est
771 5267 920 5318 extremum
937 5267 993 5318 eius
1010 5265 1195 5330 fragmentum.
1216 5291 1243 5303 -
1262 5278 1318 5317 som
1332 5263 1364 5314 T:
1382 5275 1438 5314 sum
1452 5275 1497 5328 eqo
1514 5260 1573 5312 CO.
