4009 6159
719 584 792 649 cn.
813 580 970 647 rx-xr.
997 576 1044 666 §t
1065 577 1215 647 ao-aa.
1567 560 1630 633 763

304 756 475 841 praesidiis
497 755 577 819 forte
600 753 744 829 invides,
773 760 806 816 et
826 752 853 816 si
877 772 913 815 ea
935 752 993 815 tibi
1015 752 1102 835 regia
1124 752 1287 826 videntur,
1316 747 1404 833 quod
1426 764 1534 811 omnes
1554 742 1631 808 boni

305 851 449 915 omnium
471 868 621 933 generum
643 855 740 932 atque
769 847 914 910 ordinum
941 866 1030 910 suam
1059 845 1192 910 salutem
1220 864 1293 908 eum
1318 862 1389 906 mea
1417 842 1631 922 coniunguntt

305 944 470 1008 consolare
493 949 542 1017 te,
571 941 656 1025 quod
679 942 819 1006 omnium
841 946 963 1004 mentes
985 940 1200 1023 improborum
1222 936 1299 1001 mihi
1320 936 1378 1000 uni
1399 935 1535 999 maxime
1557 935 1632 994 sunt

304 1037 448 1102 infensae
471 1044 504 1101 ct
525 1036 692 1111 adversae3
715 1037 771 1119 qui
793 1056 843 1097 me
865 1054 930 1097 non
956 1029 1076 1118 [modo]
1100 1034 1204 1097 solum
1225 1031 1346 1095 idcirco
1368 1029 1522 1100 oderunt,
1544 1021 1630 1108 quod

305 1150 413 1195 eorum
436 1138 568 1194 conatus
590 1130 703 1213 impios
727 1137 759 1193 et
779 1129 917 1192 furorem
940 1128 1188 1192 consceleratum
1208 1125 1367 1209 repressi,
1396 1121 1453 1188 sed
1475 1141 1513 1184 eo
1535 1118 1654 1182 etiams

305 1226 421 1307 magis,
455 1222 541 1308 quod
568 1222 648 1286 nibil
676 1224 739 1286 iam
772 1241 806 1285 se
840 1222 943 1286 simile
977 1242 1028 1284 me
1059 1221 1132 1285 viro
1166 1220 1272 1285 conari
1305 1238 1401 1303 posse
1430 1215 1631 1280 arbitrantur.

304 1316 355 1381 30.
378 1319 515 1381 atvero
537 1316 614 1400 quid
637 1336 700 1405 ego,
718 1318 829 1392 mirer,
852 1316 879 1379 si
901 1315 978 1399 quid
1001 1316 1040 1379 ab
1061 1315 1212 1399 improbis
1234 1314 1275 1377 de
1289 1309 1494 1397 meimprobe
1509 1305 1632 1377 dicitnr,

305 1432 377 1476 cum
400 1413 436 1473 L.
458 1413 638 1495 Torquatus
660 1412 796 1494 primum
817 1412 886 1493 ipse
909 1411 948 1473 iis
969 1409 1184 1475 fundamentis
1205 1407 1438 1473 adolescentiae
1460 1400 1567 1473 iactis,
1593 1414 1632 1459 ea
1734 1438 1752 1492 s

305 1526 361 1590 spe
381 1505 546 1590 proposita
567 1504 779 1587 amplissimae
801 1504 976 1587 dignitatis,
999 1503 1115 1567 deinde
1131 1503 1166 1566 L.
1182 1501 1351 1588 Torquati,
1373 1496 1536 1591 tortissimi
1557 1512 1632 1557 con·
1720 1505 1733 1563 .·

306 1598 403 1674 salis,
437 1599 684 1683 constantissimi
713 1599 883 1673 senatoris,
917 1618 1042 1685 semper
1074 1598 1185 1681 optimi
1213 1596 1309 1676 ciris,
1336 1594 1442 1669 filius,
1472 1586 1670 1655 interdnmto

305 1694 456 1758 efferatur
476 1692 738 1755 immoderatione
759 1693 949 1756 verborum?
994 1692 1058 1768 Qui
1080 1713 1152 1755 cum
1174 1708 1346 1775 suppressa
1362 1706 1444 1753 voce
1457 1686 1498 1748 de
1512 1682 1633 1747 scelere

303 1789 337 1851 P.
369 1786 514 1859 Lentuli,
544 1785 583 1848 de
610 1786 741 1849 audacia
773 1786 1010 1850 coniuratorum
1038 1786 1178 1849 omnium
1208 1786 1356 1859 dixisset,
1382 1788 1507 1846 tantum
1535 1775 1633 1841 modo

306 1888 340 1944 ut
361 1900 437 1955 ros,
461 1880 516 1963 qni
538 1899 575 1943 ea
596 1879 750 1963 probatis,
774 1878 925 1943 exaudire
946 1880 1099 1962 possetis,
1122 1880 1161 1943 de
1183 1878 1357 1962 supplicio,
1381 1872 1440 1961 [de
1461 1864 1631 1950 Lentulo,]

305 1975 344 2039 de
375 1993 501 2037 carcere
530 1992 643 2056 magna
672 1980 704 2036 et
731 1972 930 2056 queribunda
954 1992 1035 2038 voce
1068 1973 1202 2036 dicebat.
1253 1966 1304 2033 3l.
1337 1972 1374 2033 la
1400 1990 1464 2054 quo
1494 1964 1632 2050 primum

305 2075 372 2130 erat
394 2066 476 2130 illud
498 2066 680 2139 absurdum,
702 2067 804 2151 quod,
826 2087 897 2129 cum
920 2086 967 2140 ea,
991 2086 1073 2151 quae
1094 2066 1206 2130 leviter
1226 2064 1366 2139 dixerat,
1389 2063 1478 2128 vobis
1500 2059 1633 2145 probare
1642 2068 1672 2118 to

304 2162 446 2235 volebat,
469 2180 526 2224 eos
550 2154 696 2245 [autem],
721 2160 775 2243 qui
799 2160 915 2223 circum
937 2160 1089 2224 iudicium
1112 2160 1254 2234 subant,
1276 2158 1386 2223 andire
1402 2157 1545 2230 nolebat,
1567 2174 1633 2216 non

304 2253 502 2335 intelligebat
524 2272 578 2329 ea,
610 2272 692 2336 quae
715 2254 798 2318 clare
820 2252 955 2329 diceret,
988 2254 1033 2317 ita
1054 2255 1127 2318 illos
1150 2254 1334 2329 audituros,
1364 2254 1479 2338 quibus
1501 2271 1535 2314 se
1557 2268 1634 2312 ven-

304 2347 440 2423 ditabat,
462 2356 498 2411 ut
518 2368 576 2411 vos
598 2366 728 2432 quoque
750 2347 922 2424 audiretis,
944 2348 1000 2433 qui
1022 2347 1056 2411 id
1071 2368 1137 2411 non
1150 2348 1348 2431 probabatis:
1370 2348 1486 2411 deinde
1500 2346 1632 2410 alterum

304 2442 366 2504 iam
390 2443 524 2505 oratoris
545 2440 657 2504 vitium
679 2459 744 2504 uon
766 2441 894 2515 videre,
918 2442 993 2525 quid
1016 2460 1162 2527 quaeque
1185 2460 1282 2505 causa
1302 2440 1450 2525 postulet
1484 2438 1570 2505 erril
1586 2443 1634 2502 est

305 2536 389 2597 enim
419 2542 483 2598 tam
512 2536 652 2599 alienum
681 2535 721 2599 ab
747 2554 802 2611 eo,
839 2536 894 2619 qui
929 2534 1063 2598 alterum
1095 2535 1325 2598 coniurationis
1357 2543 1500 2611 accuset,
1536 2542 1672 2619 quamtt

304 2627 406 2691 videri
428 2629 662 2691 coniuratorum
684 2648 820 2712 poenam
843 2636 1041 2712 mortemque
1070 2628 1188 2711 lugere.
1232 2628 1327 2706 Quod
1350 2650 1422 2693 cnm
1443 2630 1470 2692 is
1490 2628 1634 2691 tribunam

305 2721 349 2803 pl.
363 2720 456 2795 iacit,
479 2724 534 2806 qui
558 2743 640 2786 unus
655 2724 781 2787 ridetur
795 2744 836 2785 ex
850 2722 913 2786 illis
929 2721 970 2785 ad
985 2722 1141 2805 lugendos
1156 2724 1337 2786 coniuratos
1351 2723 1495 2797 relictus,
1513 2720 1633 2785 nemini

306 2814 421 2878 mirum
445 2824 510 2892 est;
534 2815 664 2879 difficile
686 2823 736 2880 est
756 2818 841 2879 enim
863 2824 984 2891 tacere,
1008 2836 1079 2879 cum
1102 2816 1228 2880 doleast
1258 2823 1306 2892 te,
1329 2817 1356 2881 si
1372 2815 1449 2901 quid
1464 2813 1634 2881 eiusmodi

306 2909 398 2983 lacis,
428 2929 494 2973 non
516 2909 612 2974 modo
632 2910 729 2973 talem
750 2910 1000 2985 adolescentem,
1035 2909 1091 2973 sed
1114 2911 1147 2973 in
1170 2931 1208 2974 ea
1229 2929 1340 2985 causa,
1369 2912 1404 2973 in
1426 2918 1543 2994 quate
1564 2910 1635 2972 rin-

307 3002 409 3066 dicem
432 3003 660 3068 coniurationis
682 3003 763 3067 velis
778 3024 864 3079 esse,
887 3004 1091 3069 vehementer
1105 3005 1252 3068 admiror.
1283 3000 1335 3068 32.
1357 3004 1419 3067 Sed
1433 3000 1672 3088 reprebendens

305 3104 409 3161 tamen
430 3097 510 3160 illud
533 3097 685 3171 maxime,
716 3098 802 3182 quod
830 3098 893 3191 isto
922 3098 1051 3180 ingenio
1078 3105 1110 3161 et
1136 3098 1304 3182 prudentia
1324 3097 1487 3182 praeditus
1508 3116 1634 3161 causam
1770 3102 1790 3195 J

305 3192 352 3255 rei
374 3191 521 3276 publicae
542 3212 606 3255 non
629 3199 736 3266 tenes,
759 3193 814 3275 qui
835 3192 985 3256 arbitrere
1007 3191 1091 3276 plebi
1108 3192 1267 3255 llomanae
1282 3210 1334 3255 res
1349 3210 1403 3254 eas
1417 3211 1481 3255 non
1496 3187 1634 3274 probari,

305 3306 384 3371 qaas
406 3304 457 3350 me
479 3285 610 3350 consule
630 3306 741 3349 ornnes
756 3286 832 3351 boni
845 3305 903 3370 pro
918 3284 1020 3349 salute
1034 3286 1193 3349 communi
1207 3292 1383 3368 gesserunt.
1415 3284 1471 3347 xl.
1492 3284 1634 3365 Ecquem

369 3556 393 3605 4.
412 3556 528 3619 ragnaT
548 3582 574 3593 -
595 3556 619 3605 3.
637 3560 661 3605 te
677 3556 763 3607 omli
782 3582 809 3592 -
828 3557 890 3606 mibi
906 3554 992 3606 omli
1008 3582 1034 3592 -
1053 3553 1077 3605 4.
1097 3555 1277 3618 mfestmlt-
1296 3569 1347 3605 noa
1363 3558 1436 3606 modo
1452 3556 1531 3607 sotus
1547 3556 1633 3617 STV,

304 3632 451 3690 torona,
470 3628 527 3680 alii:
553 3632 626 3681 modo
647 3631 726 3681 sotum
750 3644 804 3682 om.
822 3632 856 3693 B;
883 3632 957 3682 modo
973 3644 1028 3681 orn.
1047 3632 1067 3681 0
1087 3653 1114 3667 -
1133 3631 1158 3681 a.
1174 3632 1258 3695 magis
1273 3632 1350 3682 etima
1365 3632 1387 3680 V
1404 3634 1432 3683 et
1447 3631 1490 3683 ed.
1511 3631 1584 3683 itta.
1605 3660 1632 3671 -

305 3709 329 3757 6.
347 3706 401 3755 mm
417 3718 471 3756 om.
489 3704 513 3754 V
532 3734 559 3743 -
578 3706 603 3757 ’4.
621 3720 653 3757 ac
668 3720 728 3757 uero
744 3707 764 3757 T
782 3732 809 3743 -
828 3708 908 3757 mim
923 3707 982 3766 TV,
1001 3707 1032 3755 ut
1048 3706 1226 3767 Pantagathus
1241 3704 1338 3758 voluit:
1356 3708 1438 3757 orbor
1452 3708 1502 3758 Ro
1521 3733 1549 3743 -
1567 3707 1591 3758 8.
1603 3708 1636 3756 iis

304 3782 413 3846 scripsi:
432 3780 497 3831 birca
513 3782 546 3841 B,
565 3782 603 3831 bis
617 3780 675 3831 rell.
694 3781 772 3833 codd.
792 3784 819 3832 et
835 3783 855 3832 0
872 3782 918 3843 (bis
933 3782 1048 3845 nudam.
1066 3780 1118 3843 ipsc
1127 3782 1169 3843 V).
1184 3808 1212 3818 -
1231 3782 1480 3832 itinerariorum
1494 3782 1558 3831 V-
1576 3781 1635 3831 aab

303 3868 391 3920 presso
408 3856 430 3905 V
449 3882 477 3892 -
496 3854 536 3905 ta.
554 3868 581 3917 p.
600 3856 674 3906 abdit
689 3856 775 3906 bstuli
785 3858 819 3919 T,
838 3856 886 3907 sed
903 3856 977 3906 clodii
993 3855 1090 3905 eadem
1101 3868 1183 3906 manu
1194 3854 1327 3917 deletum,
1342 3870 1391 3920 per
1401 3856 1487 3907 balad
1497 3856 1528 3907 V.
1548 3856 1633 3909 niort.

305 3928 407 3983 lentuli
432 3942 530 3981 nomen
551 3930 595 3981 hic
612 3930 780 3982 adiectlclum
797 3932 847 3981 est.
874 3933 931 3982 Non
955 3932 1078 3982 convenit
1099 3928 1215 3981 eundem
1235 3928 1324 3981 scelus
1340 3930 1442 3982 Lentuli
1458 3931 1591 3993 exagitare
1607 3932 1635 3980 et

304 4004 465 4071 supplicium
482 4005 607 4055 aversari.
633 4006 666 4056 llt
683 4006 735 4055 hoc
752 4006 854 4071 ipsum,
877 4006 994 4069 inquies,
1018 4006 1074 4055 Clo.
1092 4005 1272 4070 reprehendit.
1299 4007 1325 4056 Sl
1342 4006 1452 4070 quidem
1466 4004 1572 4069 vulgata
1588 4018 1635 4055 re-

303 4084 432 4133 tineatur:
459 4080 508 4131 sed
531 4080 598 4131 haec
619 4082 708 4132 umen
731 4084 916 4133 accusatorem
937 4079 1005 4131 ultra
1022 4080 1105 4130 fldem
1126 4078 1236 4131 stultnrn
1253 4092 1285 4130 ac
1302 4080 1456 4132 dementem
1470 4080 1542 4131 tacit.
1567 4080 1635 4131 &tis

304 4158 412 4208 omnino
430 4158 472 4206 est
487 4156 522 4204 ita
542 4154 649 4207 dicere:
668 4156 712 4217 qui
728 4170 785 4206 uam
801 4170 886 4218 mppr.
904 4169 963 4206 ocos
979 4157 1010 4206 de
1024 4156 1126 4217 metere,
1145 4156 1176 4205 rte
1192 4157 1302 4206 umecta
1315 4158 1505 4206 mounes
1522 4168 1544 4205 u.
1558 4155 1638 4204 atria·

303 4236 346 4283 set.
373 4232 521 4294 tanguntur
541 4231 699 4294 saepissime
719 4232 797 4282 accim
819 4234 846 4282 et
870 4232 993 4291 amaria,
1020 4233 1147 4294 recteque
1170 4230 1313 4282 coniuratis
1332 4230 1457 4281 omnibus
1473 4229 1634 4280 tribuantur.

304 4305 372 4367 Quid
389 4305 462 4355 enirn
478 4302 567 4355 scelus
583 4306 628 4355 uni
646 4304 769 4367 Lentulo,
788 4306 898 4357 audacte
911 4304 1019 4369 reliquis
1031 4303 1206 4368 adsignetur?
1222 4316 1356 4370 quaenam
1370 4307 1438 4357 haec
1448 4304 1565 4356 inaudita
1576 4316 1636 4368 par-

303 4380 396 4431 tiator·
420 4380 547 4428 Gaurum
567 4380 593 4429 tn
616 4380 675 4429 tior.
694 4381 814 4431 mode.
842 4382 896 4445 Ego
916 4384 1006 4431 umen
1022 4382 1049 4430 P.
1067 4381 1164 4431 tertull
1180 4381 1294 4443 minui,
1318 4381 1458 4445 quoniam,
1481 4381 1512 4430 nt
1526 4377 1577 4429 alta
1594 4381 1635 4429 ta-

304 4468 396 4514 ceam,
415 4453 526 4503 maan
543 4453 577 4504 ad
593 4467 618 4503 v.
637 4455 826 4505 conuentorum
842 4454 976 4506 adiectum
994 4454 1110 4506 ostendit
1126 4454 1197 4505 allud
1214 4468 1313 4507 nomen
1328 4457 1519 4521 praecessisse.
1539 4480 1564 4492 -
1585 4468 1636 4504 oar-

304 4530 376 4581 asoa
391 4530 411 4579 T
430 4554 457 4566 -
477 4528 517 4577 ta.
536 4540 567 4577 ea
582 4540 633 4577 nos
646 4528 761 4591 probatis
777 4531 794 4579 S
812 4556 840 4565 -
859 4530 889 4579 do
905 4530 1008 4580 mutulo
1023 4529 1083 4591 TV,
1108 4530 1180 4594 quod
1196 4530 1329 4595 glossema
1345 4530 1466 4581 uretur:
1483 4530 1582 4581 inlati
1597 4532 1633 4591 B;

304 4606 330 4655 Ρ.
349 4602 512 4655 murino
530 4628 558 4639 ·-
578 4603 618 4655 44.
637 4605 1013 4671 mameammqnav-
1033 4606 1073 4655 ts.
1091 4606 1274 4659 eamear:
1292 4608 1532 4658 Vtuderatno-
1550 4607 1637 4657 better

303 4680 424 4731 TVBS:
443 4678 530 4728 ansa
546 4678 639 4730 Lamb.
658 4680 684 4729 in
701 4692 786 4743 marg.
806 4694 837 4731 ex
856 4680 941 4732 tribus
953 4681 1014 4753 'suis
1030 4681 1126 4741 codd.;
1152 4683 1180 4731 at
1194 4694 1221 4732 v.
1239 4682 1320 4746 Seyd.
1338 4696 1365 4748 p.
1383 4681 1425 4734 tt.
1444 4708 1472 4719 -
1492 4682 1532 4733 tt.
1543 4686 1636 4732 satem

304 4766 358 4805 orn.
377 4754 397 4805 T
416 4780 442 4789 -
462 4754 568 4803 drraB
589 4780 615 4791 -
640 4754 935 4819 tatonuqeoctr-
954 4755 1087 4807 uenus
1106 4782 1133 4792 -
1157 4756 1526 4819 deqrdbaamotodieabatlt
1546 4786 1572 4796 -
1591 4758 1634 4809 48.

304 4832 369 4880 m
384 4830 420 4888 n;
439 4828 466 4878 ta
482 4831 502 4880 0
520 4840 581 4879 curn
599 4830 719 4881 Ernestio
736 4831 839 4882 uncinis
856 4830 1041 4883 circumdedit.
1057 4856 1087 4867 -
1102 4830 1250 4894 probabatis
1264 4832 1353 4882 VBS:
1368 4832 1508 4895 moabita
1522 4834 1556 4891 T;
1572 4846 1636 4895 nra·

305 4904 520 4956 mtaaoxonn.
541 4930 569 4941 -
596 4904 831 4955 teutatem·
856 4908 1002 4968 quodT-
1028 4918 1235 4969 mecumque.
1252 4906 1424 4969 postularetis
1443 4936 1471 4946 -
1492 4908 1636 4958 atatem

304 4986 338 5031 ert
354 4982 372 5031 S
391 5008 418 5020 -
437 4980 479 5030 24.
497 4980 578 5030 uideri
594 4993 648 5031 ons.
667 4979 687 5031 B
705 5006 733 5019 -
752 4983 819 5043 quod
834 4981 1281 5045 malitiosarum
1295 4982 1319 5031 ia
1334 4981 1524 5034 cod.Parc.et
1540 4982 1633 5034 lamb.

304 5056 331 5106 iu
347 5068 443 5119 marg,
462 5055 509 5106 sed
528 5054 571 5105 hic
587 5056 609 5104 la
625 5066 678 5106 om.
700 5080 727 5092 -
746 5056 859 5107 tributor
872 5057 908 5120 pt.
927 5058 948 5107 Α
967 5082 994 5093 -
1013 5057 1055 5107 ii.
1072 5058 1166 5108 oemtoi
1180 5059 1275 5109 missu
1290 5063 1326 5109 eat
1341 5060 1421 5110 ATV
1438 5059 1481 5119 (de
1498 5060 1520 5108 V
1537 5060 1635 5109 erravit

304 5130 453 5192 Gnaterusl:
473 5142 530 5179 aare
544 5131 640 5180 misum
654 5134 690 5181 est
705 5132 741 5191 Bt
766 5144 846 5195 acqua
867 5132 894 5182 id
909 5132 1002 5181 mium
1025 5136 1061 5181 est
1076 5132 1108 5193 S;
1135 5130 1178 5182 alli
1195 5131 1261 5183 dett.
1280 5130 1365 5183 allier.
1385 5158 1412 5169 -
1430 5133 1472 5184 23.
1489 5134 1554 5197 [aas
1568 5133 1635 5182 aar·

302 5204 417 5265 modiV3
436 5204 577 5256 buimont
592 5206 676 5270 facias
691 5206 711 5256 B
725 5230 753 5243 -
771 5206 813 5259 ii.
830 5220 882 5258 oon
897 5207 972 5258 tatus
987 5208 1133 5258 modoB-
1150 5206 1478 5276 arsamosata
1492 5208 1635 5277 -tsprc

302 5292 390 5331 cuam.
409 5280 526 5332 satam
544 5306 574 5321 ·-
592 5287 615 5333 et
632 5294 706 5347 quens
720 5282 806 5334 Tlis.
