4009 6159
702 572 776 638 crs.
798 574 940 639 1x-x.
969 571 1027 659 ss.
1050 569 1196 641 rs-es.
1259 536 1262 541 ’
1552 568 1615 637 ree

286 753 352 835 stra
373 749 594 818 monumenta,
622 743 721 825 nostri
743 742 913 829 triumphi:
947 762 1038 831 quae*
1052 762 1187 828 quorum
1207 744 1342 827 ingeniis
1364 745 1554 820 efferuntur,
1576 744 1616 808 ab
1748 732 1781 823 J

286 841 328 904 iis
358 840 469 924 populi
497 840 630 903 Romani
660 838 744 901 lama
770 838 956 902 celebratur.
1004 832 1056 901 22.
1080 837 1177 900 Carus
1204 836 1265 901 tuit
1288 838 1438 903 Africano
1460 837 1617 922 superiori

287 942 399 998 noster
419 934 560 1009 Ennius;
582 934 692 1015 itaque
714 933 808 997 etiam
832 932 867 994 in
889 931 1056 1015 sepulchro
1073 931 1257 1015 Scipionum
1271 939 1402 1015 putatur
1414 933 1442 995 is
1457 952 1528 997 esse
1542 951 1618 995 con·

288 1028 418 1092 stitutus
440 1048 482 1091 ex
502 1046 667 1091 marmore.
702 1027 744 1091 At
773 1026 814 1089 iis
836 1020 982 1090 laudibus
1005 1012 1178 1101 certelnon
1201 1024 1305 1090 solum
1325 1026 1410 1108 ipse,
1432 1028 1488 1112 qsri
1508 1025 1619 1089 lauda·

286 1130 356 1197 tur,
378 1121 436 1186 sed
458 1122 553 1185 etiam
573 1121 686 1206 populi
707 1121 841 1183 Romani
863 1139 979 1183 nomen
994 1106 1149 1211 ornatur.)
1167 1121 1204 1182 lu
1226 1119 1350 1184 caelum
1371 1118 1467 1185 huius
1481 1128 1643 1203 proavuss
1736 1107 1854 1189 ,τῖ’

289 1215 366 1278 Cato
398 1214 535 1277 tollitur:
569 1233 701 1297 magnus
731 1213 834 1277 honos
862 1212 974 1296 populi
1001 1213 1134 1277 Romani
1156 1214 1252 1277 rebus
1273 1214 1466 1298 adiungitur.
1501 1214 1620 1278 Omnes

289 1309 428 1393 denique
450 1308 495 1371 illi
516 1308 665 1383 Maximi,
689 1306 846 1382 llurcelli,¹
868 1305 970 1371 Fulvii
986 1327 1050 1370 non
1065 1307 1134 1370 siue
1148 1308 1307 1372 communi
1322 1307 1462 1371 omnium
1477 1315 1620 1372 nostrum

288 1401 382 1467 laude
405 1401 604 1465 decorantur.
647 1402 689 1463 X.
710 1402 793 1484 Ergo
816 1400 921 1475 illum,
944 1402 999 1485 qui
1021 1401 1100 1464 haec
1119 1400 1251 1476 iecerat,
1272 1402 1433 1466 Rudinum
1446 1401 1619 1477 hominem,
1770 1421 1787 1470 s
1827 1429 1852 1484 h

290 1497 426 1561 maiores
447 1484 602 1559 nostri‘in
624 1496 782 1559 civitatem
805 1502 1010 1577 receperunt:
1038 1514 1098 1557 nos
1123 1494 1209 1558 hunc
1229 1486 1482 1570 Heracliensem,
1512 1494 1620 1559 multis
1764 1481 1780 1498 ”
1829 1490 1835 1499 '

290 1590 468 1655 civitatibus
490 1591 680 1673 expetitum,
702 1591 736 1654 in
757 1589 815 1653 hec
840 1594 943 1653 autem
965 1588 1089 1673 legibus
1110 1589 1334 1666 constitutum,
1355 1589 1397 1654 de
1417 1598 1527 1655 nostru
1545 1589 1659 1655 ciri-tt

289 1692 354 1750 tate
376 1682 563 1749 eiiciemusi

374 1774 426 1841 23.
448 1780 528 1841 llam
549 1780 577 1843 si
599 1778 670 1861 quis
692 1778 846 1842 minorem
868 1776 987 1860 gloriae
1007 1776 1144 1841 trucum
1165 1784 1257 1861 putat
1278 1798 1320 1842 ex
1335 1779 1463 1846 Graecis
1477 1780 1620 1847 versibus

289 1874 410 1959 percipi
440 1890 535 1957 quam
571 1892 611 1935 ex
642 1871 781 1945 Latinis,
813 1871 1018 1934 vehementer
1049 1879 1148 1946 errat,
1183 1878 1350 1956 propterea
1381 1875 1470 1958 quod
1501 1874 1621 1938 Graeca

289 1969 438 2052 leguntur
466 1966 501 2029 in
531 1965 677 2028 omnibus
707 1963 774 2027 iere
795 1963 959 2047 gentihus,
990 1965 1104 2028 Latina
1125 1964 1192 2028 suis
1212 1965 1348 2042 finibus,
1380 1968 1505 2052 exiguis
1526 1985 1620 2040 sane,

289 2061 501 2125 continentur.
538 2060 644 2136 Quare
672 2058 699 2122 si
728 2077 780 2120 res
802 2077 876 2132 eae,
905 2077 984 2143 quas
1007 2058 1182 2140 gessimus,
1209 2058 1294 2123 orbis
1316 2068 1418 2126 terrae
1439 2059 1658 2145 regionibustt

289 2154 501 2229 deliniuntur,
523 2172 640 2235 cupere
661 2151 831 2226 debemus,
858 2171 923 2236 quo
946 2171 1096 2216 manuum
1117 2160 1297 2217 nostrarum
1318 2154 1381 2219 tela
1402 2154 1622 2238 pervenerint»

290 2247 404 2314 eodem
425 2248 556 2330 gloriam
576 2245 755 2331 famamque
770 2252 954 2332 penetrare,
979 2246 1067 2331 quod
1083 2266 1154 2310 cum
1169 2248 1248 2332 ipsis
1265 2250 1407 2332 populis,
1429 2248 1469 2313 de
1484 2268 1621 2333 quorum

289 2343 384 2406 rebus
407 2340 570 2415 scribitur,
591 2339 672 2403 haec
686 2338 793 2421 ampla
807 2346 898 2414 sunt,
922 2347 989 2404 tum
1005 2340 1047 2404 iis
1063 2349 1164 2416 certe,
1188 2342 1242 2426 qui
1258 2343 1298 2405 de
1313 2344 1376 2408 vita
1391 2343 1510 2426 gloriae
1525 2360 1621 2405 causa

288 2436 456 2510 dimicant,
488 2433 548 2498 hoc
578 2436 750 2497 maximum
780 2440 811 2495 et
838 2432 1053 2518 periculorum
1084 2434 1323 2500 incitamentum
1344 2442 1446 2500 estet
1466 2436 1621 2500 laborum.

288 2527 340 2593 2l.
363 2530 467 2605 Quam
491 2528 608 2591 multos
630 2528 799 2612 scriptores
820 2548 926 2591 rernm
948 2547 1075 2592 suarum
1096 2548 1229 2613 magnus
1250 2530 1305 2594 ille
1320 2529 1501 2594 Alexander
1514 2542 1659 2593 secumto

287 2623 439 2688 hahuisse
469 2621 598 2687 dicitnrl
642 2623 749 2706 Atque
777 2622 805 2685 is
834 2628 955 2697 tamen,
987 2641 1061 2685 cum
1080 2622 1114 2685 in
1136 2623 1232 2707 Sigeo
1253 2624 1293 2689 ad
1314 2624 1446 2689 Achillis
1466 2623 1622 2688 tumulum

288 2717 478 2792 adstitisset,
503 2716 550 2780 «0
572 2715 751 2779 fortunate»
776 2717 880 2800 inquit
905 2716 1123 2793 «adolescens,
1146 2720 1203 2803 qui
1221 2723 1295 2783 tuae
1309 2718 1434 2784 virtutis
1447 2718 1622 2782 Homerum

287 2831 476 2899 praeconem
498 2810 703 2875 invenerisln
738 2810 779 2875 Et
800 2829 896 2875 vere:
918 2828 991 2873 nam
1013 2812 1076 2875 nisi
1096 2812 1171 2875 llias
1191 2812 1246 2877 illa
1260 2814 1451 2887 exstitisset,
1473 2812 1558 2875 idem
1571 2818 1623 2873 tu·

287 2906 404 2980 mulus,
427 2906 484 2991 qui
499 2924 616 2989 corpus
634 2904 703 2969 eius
718 2910 919 2979 contexerat,
940 2924 1058 2969 nomen
1073 2907 1168 2970 etiam
1183 2906 1352 2971 obruisset.
1385 2906 1491 2984 Ouidi
1513 2911 1622 2969 noster

288 3001 341 3065 hic
363 3000 514 3082 Magnus,
546 3001 603 3085 qui
626 3018 697 3063 cum
718 2999 832 3063 virtute
853 2997 1013 3061 fouunam
1035 2999 1237 3083 adaequauit,
1269 3019 1375 3064 nonne
1397 2998 1659 3085 Theophanemts

287 3094 531 3178 Mytilenaeum,
554 3094 615 3157 scri
639 3101 740 3157 torem
761 3112 866 3157 rerum
889 3110 1035 3167 suarum,
1057 3093 1091 3155 in
1113 3094 1260 3157 contione
1275 3094 1409 3159 militnm
1423 3094 1548 3158 civitate
1563 3093 1621 3156 do·
1767 3085 1790 3155 l

287 3189 395 3263 navit,
418 3195 451 3251 ct
469 3187 573 3251 nostri
595 3114 645 3251 illi
664 3186 761 3251 fortes
782 3186 860 3261 viri,
882 3184 939 3249 sed
960 3185 1070 3277 rustici
1089 3205 1126 3251 ac
1148 3186 1280 3263 milites,
1302 3185 1469 3252 dulcedine
1483 3185 1621 3272 quadam
1666 3119 1683 3248 l
1765 3180 1769 3187 '

288 3282 408 3366 gloriae
430 3282 598 3355 commoti,
627 3282 718 3365 quasi
739 3280 910 3365 participes
933 3272 1075 3344 eiusdem
1097 3280 1218 3358 laudis,
1247 3301 1362 3366 magno
1383 3281 1462 3345 illud
1484 3281 1621 3345 clamore

288 3375 566 3459 approbaverunt?
599 3369 651 3437 25.
674 3375 801 3458 ltaque,
824 3373 936 3450 credo,
957 3376 984 3438 si
999 3374 1078 3439 civis
1094 3376 1255 3439 Romanus
1269 3374 1402 3440 Archias
1416 3374 1541 3459 tegibus
1556 3394 1620 3437 non
1740 3370 1765 3465 ᾗ

289 3476 390 3545 esset,
412 3475 449 3533 ut
469 3458 516 3531 ah'
531 3468 640 3552 aliquo
663 3469 854 3553 imperatore
876 3469 1005 3533 civitate
1026 3467 1214 3544 donaretur,
1239 3466 1390 3554 perficere
1411 3488 1478 3533 non
1499 3467 1658 3553 potuitlao

289 3564 394 3639 Sulla,
416 3583 488 3627 cum
509 3561 667 3645 Hispanos
690 3571 722 3626 et
743 3562 850 3625 Gallos
872 3561 1023 3639 donaret,
1045 3563 1156 3638 credo,
1177 3563 1264 3629 hunc
1282 3570 1442 3649 petentem
1456 3563 1621 3648 repudias·

289 3658 355 3722 setl
385 3676 481 3741 quem
511 3674 571 3718 nos
599 3655 633 3719 in
661 3656 810 3719 contione
838 3655 993 3731 vidimus,
1026 3659 1152 3721 cumei
1176 3658 1317 3724 libellum
1339 3657 1440 3724 malus
1462 3665 1558 3742 poeta
1579 3660 1619 3723 de

287 3753 408 3837 populo
424 3750 627 3827 subiecisset,
650 3752 738 3836 quod
753 3751 945 3836 epigramma
959 3751 993 3815 in
1008 3772 1080 3815 eum
1093 3752 1222 3818 iecisset
1238 3760 1361 3818 tantum
1376 3752 1472 3818 modo
1488 3751 1619 3818 alternis

356 4077 379 4128 t.
398 4087 463 4139 puae
480 4074 529 4129 GE
547 4076 584 4139 (in
601 4078 622 4126 G
638 4086 774 4140 superscr.
788 4073 845 4126 «vel
862 4074 962 4139 palad:
982 4087 1029 4138 pue
1045 4076 1079 4135 Ρς
1098 4074 1160 4137 qaeu
1170 4075 1205 4134 Α;
1224 4086 1304 4137 quum
1320 4086 1382 4125 cum
1399 4075 1444 4126 ed.
1461 4072 1553 4126 Aldine
1569 4075 1619 4126 Lo

290 4180 315 4189 -
336 4155 441 4219 iopam
457 4150 560 4217 (iopec’)
578 4151 599 4201 G
617 4178 644 4187 -
663 4152 802 4215 offensator
817 4149 962 4214 Madvigius
977 4151 1005 4201 et
1021 4149 1174 4201 Wunderus
1194 4148 1269 4213 (ltus.
1288 4148 1371 4200 Rhea.
1391 4149 1438 4212 111,
1454 4151 1471 4201 2
1487 4163 1515 4215 p.
1532 4150 1616 4214 stol:

287 4230 348 4281 laec
362 4230 480 4292 feramur
496 4229 537 4291 [er
549 4226 697 4291 antiquiore
709 4228 841 4291 scriptura
851 4226 1001 4288 ecferuntur]
1015 4224 1064 4275 GE
1073 4226 1094 4275 Α
1103 4224 1152 4276 LO
1165 4251 1193 4260 -
1211 4223 1244 4273 ab
1253 4224 1292 4273 lu's
1303 4225 1324 4274 G
1337 4250 1364 4262 -
1383 4224 1408 4275 2.
1420 4227 1575 4289 umicmoE
1589 4253 1616 4263 -·

288 4306 314 4357 l.
332 4320 346 4355 c
360 4316 496 4355 munnere.
514 4302 545 4353 At
560 4302 592 4353 tis
608 4303 706 4354 llonor.
719 4300 885 4354 Fescitellus:
903 4306 928 4351 et
936 4300 1100 4350 manumetis
1110 4301 1158 4351 GE
1168 4302 1204 4360 Α;
1222 4300 1410 4350 cmcrmorotis
1423 4301 1452 4352 P.
1470 4303 1521 4353 Pro
1532 4316 1546 4353 e
1557 4314 1619 4353 cum

287 4380 387 4432 Klotzio
404 4378 498 4445 scripsi
514 4392 548 4429 eu
564 4374 623 4429 coll.
637 4376 766 4429 Wesenb.
784 4375 818 4428 ad
835 4389 873 4427 or.
887 4387 914 4439 p.
928 4375 1013 4425 Sestio
1028 4388 1056 4440 p.
1069 4374 1110 4426 32.
1130 4376 1171 4437 (ecc
1186 4388 1328 4426 memore:
1346 4376 1417 4426 cuius
1427 4377 1619 4428 Mommsenius

289 4457 317 4507 et
328 4454 464 4515 Halmius.)
478 4482 505 4490 -
517 4453 625 4517 ipsemet
642 4452 863 4504 wudctmGEP:
881 4450 930 4513 ipsi
940 4450 1124 4509 audacem
1140 4449 1452 4513 adnumeratione
1466 4480 1494 4488 -
1513 4452 1537 4502 6.
1549 4450 1623 4502 recres

289 4543 344 4580 om.
363 4530 383 4579 P
400 4554 428 4563 -
447 4528 472 4579 8.
490 4528 560 4594 Erpo
569 4554 608 4565 -·
618 4526 741 4577 hommem
756 4525 840 4577 habet
850 4527 867 4575 S
879 4552 906 4562 —
922 4527 1046 4577 dodim
1058 4526 1075 4576 S
1087 4526 1115 4576 et
1125 4527 1184 4577 Ant.
1197 4526 1372 4590 Augustinus:
1390 4527 1478 4577 nedem
1488 4532 1541 4577 tren
1552 4528 1619 4589 GA;

288 4607 377 4656 rudem
391 4604 461 4665 tuE;
479 4604 706 4662 rudenstcmeuP3
719 4601 900 4652 ltudueucum
913 4600 1089 4653 edaldinal.
1106 4630 1130 4639 -
1143 4603 1363 4654 aemulum·
1377 4604 1617 4656 33Μωῦ-

289 4679 330 4732 tl.
342 4678 535 4743 serelferttl-
555 4679 595 4729 ts.
608 4676 715 4729 cundoet
731 4677 751 4728 E
770 4704 799 4715 -
817 4688 862 4728 see
878 4678 911 4727 G:
930 4690 982 4728 esse
996 4678 1032 4736 Ε;
1050 4678 1128 4730 Mea
1142 4705 1169 4715 -
1188 4680 1229 4730 ts.
1249 4693 1297 4742 oue
1313 4678 1392 4730 codd.
1406 4680 1513 4743 Lagom.
1531 4682 1620 4731 seret

288 4753 446 4807 Lambinus:
465 4766 515 4815 poc
525 4754 711 4812 munuum
730 4754 886 4815 wentanus
896 4751 1058 4805 Gulielmius.
1074 4780 1102 4790 -
1116 4753 1156 4803 tl.
1168 4754 1272 4805 eaodem
1283 4756 1303 4805 G
1316 4780 1345 4791 -
1359 4755 1400 4806 ta.
1418 4754 1579 4806 tecelinus
1591 4781 1618 4793 -

287 4831 329 4883 20.
347 4830 519 4893 mapsmtsicl
537 4830 598 4881 Ε-
617 4828 762 4893 testaceo
778 4828 840 4878 L-
859 4828 955 4879 ucltttis
973 4829 1010 4879 ,2.
1023 4829 1219 4881 tmouttenlt-
1237 4829 1278 4880 23.
1291 4828 1514 4880 macareus
1526 4856 1554 4864 —
1571 4830 1622 4879 etet

287 4905 348 4956 ttius
362 4904 548 4955 idemtituset
564 4904 710 4968 Naugerius
727 4904 754 4953 tn
771 4902 814 4954 ed.
831 4903 994 4955 Victoriana:
1013 4904 1062 4954 otei
1076 4904 1114 4952 sus
1130 4902 1445 4964 arcidamtttissetG1’3
1461 4904 1621 4954 emmau

286 4978 418 5031 conducet
428 4980 463 5039 E;
480 4980 529 5030 uisi
545 4980 583 5030 illi
599 4992 644 5030 crs
660 4979 791 5031 exstitisset
800 4981 836 5038 t;
854 4978 903 5029 nisi
919 4980 978 5029 llius
989 4980 1120 5030 certumst
1129 4978 1175 5029 illo
1185 4992 1248 5031 cum
1258 4981 1287 5030 P.
1300 4980 1415 5032 Uenutio
1426 4979 1446 5030 L
1459 5006 1487 5016 -
1500 4978 1542 5031 il.
1555 4980 1621 5042 occid

286 5060 371 5106 meter
385 5055 425 5105 tic
440 5056 550 5119 dloquar
565 5054 649 5107 habet
664 5056 682 5105 S
701 5080 728 5091 -
746 5054 787 5105 ss.
805 5054 943 5118 forman]
959 5055 1026 5119 (orte
1040 5054 1061 5105 Ε
1079 5078 1107 5090 -
1129 5054 1171 5105 26.
1188 5054 1366 5117 ltudleouemn
1382 5068 1446 5108 uos:
1468 5055 1620 5106 molummis

288 5130 352 5187 GE:
370 5130 520 5183 assumtam
536 5132 573 5191 Α;
592 5131 769 5193 lttmmueom
785 5130 835 5182 LO
853 5156 882 5169 -
900 5130 1014 5181 condoce
1029 5132 1067 5180 G:
1084 5129 1202 5180 conctom
1217 5130 1325 5182 EALO
1342 5157 1376 5167 -
1391 5130 1432 5182 29.
1447 5129 1621 5194 cppwomet
1653 5163 1657 5173 -

288 5205 355 5255 L-
375 5205 416 5255 30.
435 5205 578 5258 metii
597 5230 624 5245 -
643 5205 684 5257 31.
703 5204 1288 5258 ἀοηανοιοιῦαὶὶοεΕ-ΏΜΜΕΕ
1307 5205 1620 5271 -sueptprmn

287 5279 398 5332 mades
414 5278 498 5332 habet
514 5280 541 5331 S.
