4009 6159
377 558 440 627 936
798 558 951 627 ORATIO
973 560 1051 627 PRO
1073 561 1107 626 P.
1129 561 1271 628 SESTIO

379 752 474 797 causa
495 731 728 795 duumviratum
751 730 897 813 gerebat,
922 730 1097 815 Seplasiam
1119 730 1299 795 sublaturus
1319 729 1489 795 videretur.
1523 730 1603 793 Nam
1624 730 1700 814 quid

379 845 438 909 ego
467 825 506 889 dc
532 822 700 907 supercilio
731 823 849 898 dicam,
882 824 970 907 quod
998 832 1065 888 tum
1093 824 1276 889 homiuibus
1305 845 1371 888 uon
1393 822 1612 908 supercilium,
1645 824 1701 888 sed

378 920 492 1005 pignus
513 919 559 982 rei
580 914 726 1000 publicae
748 917 939 981 videbatur?
971 917 1073 981 Tanta
1094 927 1162 983 erat
1183 920 1318 1001 gravitas
1339 919 1374 981 in
1390 918 1499 995 oculo,
1520 926 1608 984 tanta
1628 938 1703 983 con-

378 1013 490 1076 tractio
512 1010 640 1087 frontis,
661 1019 696 1075 ut
717 1010 774 1074 illo
797 1010 966 1095 supercilio
987 1031 1089 1076 annus
1111 1012 1166 1076 ille
1187 1012 1246 1077 niti
1266 1022 1426 1098 tamquam
1440 1013 1519 1077 vade
1533 1014 1702 1078 videretur.

242 1084 265 1207 [7
355 1103 429 1169 520.
451 1108 526 1169 Erat
545 1103 604 1188 hie
621 1105 763 1168 omnium
786 1124 908 1171 sermo:
939 1112 1132 1169 «esttamen
1154 1108 1200 1170 rei
1225 1106 1373 1189 publicae
1395 1106 1703 1191 magnumtirmum-

379 1220 442 1284 que
463 1199 656 1273 subsidium
686 1198 787 1262 babeo
809 1218 905 1281 quem
927 1218 1083 1283 opponam
1106 1199 1169 1263 labi
1190 1200 1239 1263 illi
1260 1208 1356 1285 atque
1385 1220 1504 1276 caen03
1532 1200 1622 1265 vultu
1652 1220 1703 1263 me

379 1294 451 1357 dius
472 1294 567 1358 lidius
591 1293 728 1375 collegae
751 1292 800 1356 sui
822 1292 984 1355 libidinem
1005 1292 1231 1377 levitatemque
1251 1293 1392 1377 franget3
1419 1294 1549 1358 babebit
1575 1300 1704 1358 sanatus

225 1413 283 1515 ra·
379 1388 413 1451 in
433 1387 518 1451 bunc
539 1406 657 1451 annum
680 1405 776 1470 quem
797 1385 1054 1470 sequatur;(non
1075 1388 1176 1479 decrit
1195 1394 1305 1451 auctor
1327 1396 1358 1451 et
1380 1388 1444 1452 dux
1464 1370 1589 1473 bonis.)
1625 1386 1704 1452 Mihi

210 1474 224 1509 '⁸'
247 1483 269 1507 Ν
380 1482 518 1565 denique
539 1481 685 1547 homines
706 1482 876 1566 praecipue
899 1480 1153 1563 gratulabantur,
1178 1480 1264 1565 quod
1284 1480 1449 1545 habiturus
1471 1502 1573 1545 essem
1594 1486 1705 1543 contra

343 1575 541 1641 rotribunum
569 1575 612 1660 pl.
639 1573 794 1638 furiosum
821 1582 853 1638 et
873 1574 1026 1639 audacem
1048 1595 1119 1638 cum
1140 1575 1275 1639 amicum
1296 1582 1328 1638 et
1349 1573 1495 1651 affinem,
1522 1574 1704 1639 tumetium

379 1670 494 1734 fortem
527 1678 558 1733 et
587 1687 715 1751 gravem
744 1669 918 1733 consulem.
962 1670 1019 1731 lx.
1040 1670 1144 1752 Atque
1174 1688 1283 1731 comm
1303 1669 1383 1733 alter
1402 1668 1515 1736 fefellit
1535 1668 1703 1732 neminem.

381 1763 460 1840 Quis
491 1763 575 1827 enim
605 1761 727 1827 clavum
749 1763 828 1825 tanti
849 1762 973 1847 imperii
995 1770 1104 1825 tenera
1126 1770 1159 1827 44
1179 1763 1391 1846 gubemacula
1412 1765 1457 1827 rei
1479 1763 1622 1847 publicae
1641 1770 1704 1827 tra·

381 1863 466 1921 ctare
485 1856 520 1920 in
542 1856 680 1950 maximo
702 1875 797 1919 cursu
819 1876 855 1919 ac
877 1856 1024 1920 ductibus
1045 1876 1139 1939 posse
1157 1856 1362 1921 arbitraretur
1374 1855 1534 1920 hominem
1548 1876 1704 1920 emersum

381 1950 485 2014 subito
507 1969 549 2013 cx
570 1950 725 2013 diuturnis
739 1948 879 2013 tenebris
897 1950 1068 2013 lustrorum
1082 1968 1121 2013 ac
1135 1957 1332 2033 stuprorum,
1353 1952 1447 2026 viuo,
1469 1952 1594 2034 ganeis,
1615 1950 1706 2014 leno-

345 2056 373 2104 44
381 2046 472 2109 ciniis
492 2043 722 2127 adulteriisque
744 2042 945 2108 coniectum?
974 2062 1045 2106 cum
1072 2044 1099 2107 is
1122 2051 1247 2127 praeter
1268 2063 1355 2129 spem
1377 2046 1411 2108 in
1432 2045 1585 2109 altissimo
1606 2044 1705 2128 gradu

381 2137 494 2202 alienis
523 2138 637 2220 opibus
669 2138 791 2220 positus
814 2143 914 2214 esset,
943 2136 999 2221 qui
1028 2157 1093 2200 non
1114 2137 1209 2201 modo
1232 2145 1449 2221 tempestatem
1471 2138 1705 2223 impendentem

381 2232 497 2296 intueri
530 2230 741 2306 temulentus,
773 2230 828 2294 scd
859 2251 899 2295 ne
929 2231 1033 2295 lucem
1056 2231 1186 2315 quidem
1207 2232 1366 2295 insolitam
1389 2232 1552 2316 adspicere
1572 2232 1705 2315 posset?

382 2320 434 2389 21.
456 2324 543 2388 Alter
573 2323 689 2387 multos
718 2324 812 2407 plene
841 2325 876 2388 in
905 2344 1015 2389 omnes
1046 2334 1151 2409 partes
1173 2326 1306 2403 fefellit3
1338 2334 1406 2390 erat
1435 2327 1521 2391 enim
1541 2325 1707 2389 bominum

247 1852 262 1910 '2

384 2420 533 2504 opinione
562 2417 728 2482 nobilitate
757 2420 844 2503 ipsa,
874 2418 990 2483 blanda
1012 2420 1273 2495 conciliatricula,
1305 2420 1551 2484 commendatus.
1587 2416 1706 2483 Omnes

346 2513 459 2578 aoboni
490 2532 616 2594 semper
643 2511 801 2576 nobilitati
827 2511 987 2587 favemus,
1016 2520 1048 2576 44
1076 2515 1152 2597 quia
1179 2513 1257 2577 utile
1279 2521 1328 2577 est
1348 2516 1393 2577 rei
1415 2514 1562 2599 publicae
1581 2512 1707 2577 nobiles

382 2606 528 2673 homiues
557 2624 627 2669 esse
657 2605 771 2688 dignos
801 2606 972 2670 maioribus
995 2606 1079 2681 suis,
1109 2615 1141 2670 et
1163 2608 1238 2689 quia
1259 2607 1343 2674 valet
1365 2608 1449 2691 apud
1470 2628 1528 2673 nos
1550 2609 1706 2673 clarorum

382 2700 547 2766 bominum
574 2705 606 2763 44
632 2700 714 2763 boue
744 2698 783 2763 de
805 2720 840 2764 re
862 2699 988 2785 publica
1009 2702 1191 2765 meritorum
1212 2703 1362 2764 memoria
1384 2702 1479 2766 etiam
1500 2709 1706 2766 mortuorum.

385 2794 469 2872 Quia
489 2795 611 2858 tristem
632 2811 771 2878 semper,
794 2794 870 2879 quia
884 2794 1091 2869 taciturnum,
1114 2796 1191 2879 quia
1206 2794 1427 2859 subhorridum
1442 2803 1538 2880 atque
1553 2795 1706 2859 incultum

384 2888 549 2963 videbant,
574 2894 606 2952 et
629 2887 716 2973 quod
740 2895 807 2951 erat
828 2908 865 2953 eo
888 2887 1035 2963 nomine,
1059 2896 1095 2951 ut
1115 2889 1299 2971 ingenerata
1319 2888 1458 2953 familiae
1478 2889 1640 2973 frugalitas
1660 2890 1707 2953 vi-

347 2983 528 3058 scderetur,
549 2981 697 3047 favebant
718 2981 899 3065 gaudebant
920 2981 1012 3044 etad
1041 2982 1252 3065 integritatem
1274 2983 1427 3046 maiorum
1448 3003 1506 3066 spe
1527 3002 1584 3047 sua
1604 2982 1708 3047 bomi-

384 3097 458 3143 nem
486 3077 643 3141 vocebant
674 3076 805 3140 materni
837 3075 961 3158 generis
989 3075 1091 3139 obliti.
1134 3074 1186 3139 22.
1207 3078 1274 3159 Ego
1303 3084 1409 3141 autem
1428 3109 1470 3123 -
1490 3095 1565 3140 vere
1593 3075 1707 3151 dicam,

384 3170 524 3245 iudices,
545 3202 586 3216 -
600 3177 722 3235 tannim
743 3190 813 3233 esse
835 3169 869 3231 in
883 3168 1011 3233 bomine
1027 3169 1171 3245 sceleris,
1193 3169 1354 3246 audaciae,
1376 3170 1586 3247 crudelitatis,
1608 3190 1708 3253 quau·

385 3271 452 3327 tum
473 3264 542 3347 ipse
564 3284 634 3327 cum
654 3284 688 3327 rc
710 3264 838 3347 publica
853 3263 954 3337 sensi,
976 3283 1149 3348 numquam
1163 3265 1292 3346 putavi:
1314 3284 1451 3350 nequam
1465 3284 1535 3330 esse
1548 3263 1707 3330 homiuem

386 3365 419 3420 ct
437 3357 539 3422 levem
561 3364 593 3419 et
612 3356 691 3420 falsa
711 3357 878 3440 opinione,
902 3377 1009 3421 errore
1030 3358 1193 3421 hominum
1214 3358 1254 3421 ab
1276 3357 1487 3423 adolescentia
1508 3359 1707 3424 commenda·

223 3483 225 3493 ·
349 3458 454 3513 actum
475 3449 621 3513 sciebam.
637 3438 780 3521 (Etenim
801 3450 925 3512 animus
948 3450 1016 3514 eius
1039 3452 1143 3526 vultu,
1168 3452 1288 3535 flagitia
1308 3452 1481 3537 parietibus
1503 3446 1710 3563 tegebanbrr)

387 3544 444 3607 sed
464 3544 543 3607 haec
563 3543 735 3607 obstructio
756 3562 816 3607 nec
831 3543 976 3607 diuturna
991 3552 1040 3607 est
1053 3565 1158 3629 neque
1174 3546 1311 3610 obducta
1325 3547 1388 3621 ita,
1408 3555 1444 3609 ut
1458 3549 1591 3612 curiosis
1606 3548 1706 3612 ocubs

454 3900 477 3949 4.
495 3897 604 3964 quibat]
627 3910 721 3963 4444444
737 3898 746 3947 4
763 3896 833 3959 (cum
851 3896 894 3949 lin.
908 3922 933 3942 =
948 3899 996 3963 441)
1014 3900 1035 3950 G
1058 3926 1085 3937 -
1112 3900 1245 3964 septarium
1265 3900 1398 3952 4441444444
1413 3902 1463 3953 PG
1485 3903 1542 3966 (sed
1558 3904 1585 3955 in
1600 3905 1621 3957 Ρ
1637 3916 1705 3956 4444.

386 3976 536 4038 4441444444)
555 4000 583 4011 -
606 3975 784 4038 muman,
808 3974 900 4025 sedin
918 3978 993 4027 Pom
1016 3976 1166 4040 punctatue.
1187 4003 1214 4013 -
1232 3971 1258 4028 27.
1277 3978 1307 4027 dc
1322 3977 1469 4041 supercilio
1485 3980 1548 4039 PG;
1574 3980 1604 4029 de
1619 3993 1708 4043 444444-

386 4053 444 4103 cilio
464 4050 507 4101 itio
529 4049 607 4100 codd.
625 4050 737 4107 Berua..
761 4051 788 4099 at
804 4062 829 4098 v.
848 4049 933 4101 biadv.
953 4063 979 4115 p.
997 4050 1055 4103 lbi.
1073 4080 1107 4090 -
1127 4052 1150 4103 4.
1170 4064 1251 4101 auaro
1265 4050 1306 4101 4114
1322 4051 1479 4104 Lambinus:
1508 4058 1600 4105 444444
1614 4054 1656 4104 4114
1671 4056 1705 4115 P;

386 4132 513 4179 44444444
527 4125 569 4175 4114
585 4126 620 4185 G;
637 4124 801 4189 4444444444
816 4124 857 4175 4114
874 4126 903 4176 C.
922 4126 949 4176 F.
967 4126 1136 4179 Hermenuus
1152 4128 1179 4178 iu
1195 4128 1283 4191 Propr.
1302 4127 1454 4191 Gottmqeuii
1470 4140 1495 4178 a.
1509 4127 1572 4179 4848
1589 4130 1617 4178 44
1633 4128 1708 4179 simi-

387 4202 446 4253 liter
462 4202 523 4252 ante
540 4212 603 4251 eum
619 4199 774 4250 Schuetzius
792 4200 934 4251 conmutatio
953 4202 1011 4262 ilic;
1035 4215 1076 4252 rea
1093 4202 1195 4266 publico
1211 4203 1231 4252 0
1251 4228 1278 4239 —
1296 4203 1343 4252 uiti
1357 4208 1487 4265 tamquam
1501 4204 1628 4254 4441444444
1642 4206 1705 4264 PG3

386 4282 517 4339 tamquam
531 4274 629 4325 4414444
648 4275 744 4326 coctura
760 4275 806 4325 citi
821 4276 872 4327 oid.
891 4277 926 4337 0;
948 4279 1013 4328 uude
1034 4276 1166 4343 supplevit
1186 4277 1329 4342 Madvigius
1350 4292 1384 4330 ex
1402 4278 1505 4330 Valerio
1523 4277 1611 4330 Probo
1629 4279 1708 4343 (apud

386 4351 493 4404 Putscb.
512 4349 563 4402 ool.
583 4348 642 4401 4464
664 4352 691 4402 44
708 4349 793 4414 tiro),
817 4353 861 4416 qui
882 4352 971 4417 priore
992 4350 1052 4403 loco
1074 4366 1107 4403 ex
1124 4354 1179 4404 Cic.
1198 4352 1274 4404 411444
1289 4358 1420 4416 4444444444
1435 4356 1511 4416 cade,
1538 4353 1620 4405 altero
1635 4354 1709 4405 44144
1767 4377 1772 4386 ·

387 4428 430 4492 (ex
446 4426 518 4488 uitii)
541 4430 671 4488 tacsquam
688 4426 761 4476 vade.
792 4425 830 4478 Gt.
851 4428 931 4477 etiam
953 4427 1034 4491 Septi.
1052 4440 1078 4492 p.
1097 4428 1137 4478 58.
1156 4455 1189 4466 —
1211 4429 1236 4478 4.
1254 4432 1310 4478 erat
1331 4430 1397 4479 PG:
1421 4433 1476 4479 crat
1494 4430 1597 4493 dmique
1612 4429 1658 4480 S0
1676 4454 1704 4465 ·-

387 4504 412 4554 6.
429 4501 493 4553 tabet
509 4502 544 4562 ὓς
566 4500 622 4553 tabe
637 4503 658 4553 P
674 4501 763 4553 additu
779 4503 790 4551 4
806 4514 888 4568 super
904 4516 930 4563 ος
954 4502 1059 4553 videtur
1081 4503 1146 4554 labet
1161 4505 1234 4555 recta
1252 4503 1351 4566 torma,
1369 4506 1398 4554 ut
1412 4504 1490 4567 plebei
1506 4518 1538 4556 er
1552 4504 1647 4568 piebem
1671 4503 1705 4555 44.

387 4579 473 4629 Garat.
493 4575 527 4628 ad
543 4576 570 4627 b.
588 4575 605 4627 1.
631 4579 669 4629 Ac
685 4577 746 4629 vade
768 4592 802 4629 ne
823 4576 893 4629 aliud
910 4576 1063 4643 exemplum
1079 4578 1157 4629 buius
1175 4577 1275 4629 termae
1293 4577 1488 4630 heterocliticae
1505 4579 1621 4644 supersit
1636 4578 1707 4644 apud

387 4653 492 4703 1444444.
509 4652 542 4713 V,
559 4650 616 4714 930,
639 4650 686 4702 ubi
708 4650 766 4703 loco
788 4652 839 4702 tobi
860 4652 944 4703 torma
967 4654 1074 4717 quintae
1097 4653 1279 4705 declinationis
1295 4653 1350 4704 iube
1364 4653 1529 4705 restituenda
1546 4653 1659 4704 videtur.
1677 4680 1705 4690 -

386 4728 514 4778 comoP:
532 4728 671 4779 coemtio
688 4754 715 4764 -
735 4728 760 4778 7.
777 4727 940 4780 babebitPG
957 4730 1243 4781 cornexbabebat-
1261 4730 1286 4781 8.
1305 4730 1404 4781 cesta
1422 4757 1449 4767 -
1468 4731 1530 4779 dua.
1548 4724 1707 4779 8444144444

388 4803 455 4851 G—
474 4802 720 4867 44444444414-
739 4804 941 4855 4444484444.
961 4803 1706 4868 44444.-46.44444414444444Ρ41(44(1(4444444444.)

390 4900 417 4913 -
437 4876 478 4927 41.
496 4877 606 4939 umbem
620 4878 671 4927 PG
689 4904 717 4913 -
736 4876 776 4928 48.
794 4878 821 4928 ia
837 4878 1015 4941 omaisportis
1029 4879 1089 4929 P-
1109 4881 1149 4932 48.
1168 4880 1281 4943 opinione
1297 4877 1369 4931 P²Gz
1388 4880 1499 4943 opinioni
1514 4880 1633 4944 P¹(corr.
1645 4877 1705 4929 tort.

388 4963 425 5001 m.
439 4950 462 5013 4)
479 4952 507 5001 44
523 4950 552 5001 0.
583 4952 685 5015 Sequor
700 4963 771 5003 nunc
787 4954 903 5005 rationes
919 4954 992 5003 Bakii
1013 4966 1040 5019 p.
1059 4953 1091 5005 64
1107 4967 1149 5019 sq.
1170 4981 1197 4991 -
1223 4954 1266 5006 it.
1282 4956 1365 5007 4444444
1378 4970 1408 5006 rc
1425 4970 1458 5019 ,4.
1477 4956 1496 5005 P
1515 4981 1543 4991 -
1559 4953 1601 5004 it.
1620 4953 1708 5017 4144444
1785 5003 1788 5007 .

388 5025 623 5077 comtemnero
641 5052 669 5065 -
687 5029 823 5089 aputP-
843 5029 884 5079 24.
903 5027 969 5092 ime]
986 5030 1092 5087 4444Ρ;
1111 5030 1501 5082 444444Ρ4444.4444.446-
1518 5026 1708 5093 8444444146

389 5128 417 5139 —
435 5102 476 5153 841.
495 5103 589 5165 autem}
604 5102 649 5153 boc
665 5103 687 5152 G
702 5114 751 5166 per
767 5102 964 5167 compendium.
979 5129 1009 5141 -
1027 5104 1069 5156 28.
1087 5117 1144 5154 4444
1156 5104 1251 5168 populo
1267 5106 1295 5156 14.
1314 5118 1388 5170 susp.
1406 5103 1499 5156 lamb.
1513 5131 1540 5142 -
1558 5106 1600 5157 89.
1618 5104 1708 5156 44414-

388 5177 481 5228 secuda
491 5177 511 5228 P
520 5202 548 5212 -
566 5175 608 5227 30.
620 5174 763 5241 apameo
775 5176 846 5239 (binc
861 5178 960 5229 mium
975 5178 1002 5231 in
1019 5178 1116 5232 eodem
1126 5180 1153 5231 iu
1164 5180 1278 5234 4444444444
1287 5182 1438 5236 correctum
1450 5180 1499 5245 est)
1515 5206 1541 5217 -
1560 5179 1601 5232 3t.
1610 5184 1708 5247 44444444·

389 5251 803 5317 4444Ρ-44444Ρ644440,
1552 5280 1555 5286 ·
