4009 6159
732 551 807 616 cn.
828 549 972 618 xxun.
997 549 1044 636 §s
1067 547 1214 616 73-78.
1422 619 1429 627 ,
1552 547 1635 616 tare

309 741 397 788 mma
417 722 567 787 convexit
587 721 779 807 dominoque
797 729 884 784 tram
905 721 1008 804 ripam
1028 720 1225 804 inspectante
1247 741 1314 784 non
1335 721 1489 788 dubitavit
1511 729 1634 788 exstm·

310 835 365 880 ere
386 811 565 879 aedilicium
585 816 619 879 in
641 814 764 890 alieno;
793 813 845 878 75.
867 815 924 898 qui
945 813 1021 878 huic
1042 817 1078 876 Τ.
1092 814 1252 890 Furfanio,
1274 816 1326 878 cui
1340 815 1428 878 viro!
1451 815 1483 878 di
1506 817 1635 881 immor-

309 908 407 973 tales!
427 939 471 958 -
491 909 569 993 quid
598 909 685 973 enim
712 929 771 993 ego
801 911 842 973 de
868 908 1052 996 muliercula
1081 908 1223 984 Scantia,
1258 909 1337 992 quid
1365 910 1404 974 de
1432 909 1634 976 adolescente
1739 917 1779 998 ᾖ

310 1002 344 1065 Ρ.
353 1001 470 1086 Apinio
485 1001 607 1066 dicamt
629 1023 763 1086 qucum
776 1005 905 1086 utrique
919 1008 1054 1064 mortem
1069 1010 1118 1065 est
1132 1002 1304 1077 minitatus,
1319 1004 1383 1066 nisi
1397 1003 1457 1068 sibi
1470 999 1636 1067 hortorum

311 1096 515 1179 possessione
537 1098 780 1175 cessissent-3
803 1097 859 1161 sed
881 1115 992 1161 ausum
1015 1115 1085 1159 esse
1099 1095 1249 1160 Furfanio
1266 1096 1389 1172 dicere,
1410 1098 1439 1160 si
1461 1095 1521 1160 sibi
1541 1117 1660 1179 pecu-u

310 1191 413 1264 niam,
435 1196 585 1274 quanam
607 1199 812 1274 poposcerat,
840 1209 905 1253 non
920 1190 1090 1264 dedisset,
1118 1196 1278 1254 mortuum
1305 1210 1340 1254 se
1360 1191 1395 1254 in
1417 1189 1547 1254 domum
1568 1191 1637 1254 eius

310 1284 485 1359 illaturum,
515 1304 579 1367 qna
605 1283 726 1350 invidia
746 1285 820 1349 huic
842 1292 928 1349 esset
948 1283 1005 1347 teli
1026 1288 1095 1347 viro
1118 1285 1395 1368 conflagrandum
1423 1285 1480 1368 qni
1500 1283 1637 1368 Appium

242 1401 246 1406 ·
309 1379 448 1452 fratrem,
469 1379 629 1443 hominem
652 1379 729 1442 mibi
752 1379 958 1442 coniunctum
979 1374 1132 1442 fidissima
1149 1377 1259 1461 gratia,
1280 1379 1443 1445 absentem
1458 1378 1497 1442 de
1512 1397 1638 1462 posses-

310 1461 506 1538 sione‘iundi
518 1461 644 1548 deiecit,
656 1474 711 1557 qui
726 1475 878 1556 parietem
894 1472 939 1537 sic
952 1491 1010 1555 per
1022 1471 1213 1536 vestibulum
1229 1474 1347 1538 serens
1361 1471 1501 1537 instituit
1511 1471 1638 1547 ducere,

310 1568 355 1632 sic
370 1585 466 1649 agere
478 1566 691 1642 fundamenta,
706 1574 742 1631 nt
762 1585 905 1631 sororem
926 1585 992 1629 non
1015 1565 1109 1629 modo
1131 1564 1289 1630 vestibulo
1310 1568 1456 1649 privaret,
1479 1563 1535 1628 sed
1551 1566 1675 1636 omniu

309 1659 398 1724 aditu
421 1665 454 1722 et
474 1658 612 1724 limine.»
655 1661 799 1724 XXVIII.
821 1658 872 1722 76.
896 1658 1099 1743 Quamquam
1122 1660 1202 1724 haec
1223 1659 1355 1742 quidem
1376 1661 1439 1724 iam
1461 1658 1638 1724 tolerabilia

310 1750 507 1830 ridebantur,
521 1756 580 1820 etsi
594 1754 804 1840 aequabiliter
823 1756 858 1817 in
878 1773 946 1818 rem
967 1752 1125 1837 publicam
1140 1754 1175 1817 in
1187 1753 1336 1837 privatos,
1351 1755 1385 1817 in
1399 1754 1590 1838 longinquos
1604 1753 1638 1816 in

310 1847 519 1934 propinquos,
533 1849 568 1913 in
583 1849 702 1914 alienos
724 1849 759 1912 in
773 1869 851 1913 snos
865 1846 1022 1921 irruebat;
1045 1847 1101 1910 sed
1117 1847 1224 1911 nescio
1241 1867 1304 1929 quo
1319 1847 1414 1912 modo
1429 1847 1492 1910 iam
1506 1866 1567 1910 usn
1582 1847 1638 1909 ob-

311 1946 462 2008 duruerat
475 1949 509 2006 et
528 1944 738 2027 percalluerat
752 1942 890 2007 civitatis
911 1940 1108 2006 incredibilis
1123 1942 1287 2024 patientia.
1311 1940 1402 2017 Quae
1418 1959 1493 2006 vero
1509 1941 1640 2004 aderant

310 2039 420 2102 iamet
437 2036 678 2120 impendebant,
701 2055 840 2122 quonam
862 2035 956 2102 modo
978 2055 1016 2099 ea
1037 2042 1092 2098 ant
1114 2033 1274 2119 depellere
1295 2035 1479 2118 potuissetis
1502 2041 1557 2099 aut
1576 2033 1677 2102 ier-tc
1724 2037 1734 2046 ‘

310 2135 367 2195 ret
388 2132 558 2214 imperium
579 2131 634 2196 ille
656 2133 684 2196 si
707 2138 818 2195 nactus
833 2139 926 2204 esset,
942 2130 1053 2192 omitto
1076 2130 1190 2203 socios,
1213 2136 1339 2194 exteras
1361 2131 1515 2206 nationes,
1537 2149 1639 2212 reges,

310 2224 500 2301 tetrarcham
522 2233 597 2289 vota
618 2227 702 2290 enim
723 2226 887 2299 laceretis,
908 2231 945 2288 ut
966 2224 1000 2285 in
1023 2242 1079 2287 cos
1101 2243 1135 2286 se
1157 2223 1263 2306 potius
1284 2225 1467 2289 immitteret
1487 2243 1584 2308 quam
1604 2224 1639 2286 in

310 2327 431 2384 vestras
459 2320 697 2402 possessiones,
726 2325 832 2383 vestra
859 2325 957 2392 tecta,
979 2324 1100 2381 vestras
1126 2319 1296 2401 pecunias:
1325 2321 1477 2402 pecunias
1499 2320 1592 2383 dico?
1620 2339 1640 2385 a

310 2403 434 2490 libe'ris,
457 2433 508 2478 me
530 2415 601 2478 dius
621 2414 733 2488 fidius,
759 2418 792 2476 et
812 2433 831 2475 a
853 2413 1043 2494 coniugibus
1064 2412 1178 2476 vestris
1200 2431 1373 2496 numquam
1395 2413 1450 2478 ille
1472 2415 1639 2479 effrenatas

311 2529 386 2574 suas
407 2508 557 2572 libidines
580 2509 785 2572 cohibuisset
819 2507 911 2589 Fiogi
933 2506 1013 2570 haec
1034 2507 1169 2589 putatis,
1200 2526 1282 2590 quae
1303 2514 1430 2590 patent,
1459 2528 1542 2592 quae
1563 2517 1677 2573 notaao

312 2610 387 2668 sunt
414 2601 578 2676 omnibus,
611 2621 693 2686 quae
719 2603 890 2666 tenentur?
922 2620 1087 2664 servorum
1117 2600 1276 2664 exercitus
1302 2600 1445 2666 illumin
1466 2603 1544 2666 urbe
1566 2623 1640 2666 con·

310 2698 502 2781 scripturum
522 2695 640 2772 fuisse,
662 2716 721 2780 per
741 2716 823 2780 quos
845 2701 943 2758 totam
958 2714 1025 2758 rem
1039 2693 1201 2777 publicam
1215 2713 1330 2778 resque
1344 2697 1480 2779 privatas
1496 2698 1639 2762 omnium

309 2790 508 2877 possideret?
540 2785 592 2852 77.
616 2791 719 2867 Quam
740 2790 780 2854 ob
802 2811 886 2863 rem,
909 2789 937 2852 si
958 2797 1124 2853 macutum
1146 2787 1287 2872 gladium
1309 2797 1420 2854 tenens
1441 2789 1589 2854 clamaret
1603 2793 1639 2854 T.

311 2886 449 2949 Annine:
473 2885 618 2960 «adeste,
640 2902 771 2968 quaeso,
792 2892 888 2967 atque
903 2881 1029 2956 audite,
1052 2884 1152 2947 cives:
1174 2884 1207 2945 P.
1225 2879 1371 2946 Clodium
1388 2884 1548 2962 interieci3
1571 2886 1639 2950 eius

309 2981 449 3054 furores,
473 2997 556 3062 quos
577 2978 759 3042 nullis'iam
781 2977 923 3061 legibus,
945 2977 1042 3041 nullis
1064 2978 1191 3042 iudiciis
1213 2978 1336 3042 Ircnare
1358 2987 1555 3062 poteramus,
1576 2979 1675 3044 boesa
1758 2988 1778 3054 3

309 3074 393 3138 terro
415 3079 446 3135 et
474 3071 533 3135 bac
563 3072 695 3136 dextera
716 3092 735 3134 a
757 3071 932 3136 cervicibus
952 3072 1065 3136 vestris
1087 3073 1233 3156 reppuli3
1248 3071 1318 3156 (per
1339 3093 1389 3136 me
1410 3081 1447 3137 ut
1468 3094 1567 3139 unum
1587 3063 1638 3137 iis

310 3165 472 3251 aequitas,
493 3165 582 3248 leges
602 3165 749 3241 libertas,
772 3165 876 3250 pudor
897 3166 1050 3249 pudicitia
1071 3167 1105 3228 in
1121 3166 1246 3230 civitate
1261 3175 1402 3254 maneret
1412 3159 1440 3268 t)
1466 3174 1550 3232 esset
1563 3187 1638 3231 vero
1710 3139 1824 3258 ,iffi-r

309 3261 500 3334 timendum,
530 3279 668 3342 quonam
698 3261 792 3323 modo
821 3260 855 3323 id
882 3258 979 3323 ferret
1009 3260 1135 3324 civitas!
1175 3263 1266 3325 Nune
1294 3263 1378 3325 enim
1407 3263 1480 3346 quis
1507 3267 1557 3324 est
1584 3259 1638 3344 qni

309 3375 374 3420 non
404 3355 533 3439 probet,
563 3356 619 3439 qui
642 3374 708 3418 non
731 3355 854 3428 laudet,
884 3355 941 3436 qni
971 3374 1036 3417 non
1058 3373 1158 3418 unum
1179 3363 1251 3438 post
1271 3356 1434 3431 hominum
1456 3355 1638 3419 memoriam

310 3453 346 3512 T.
368 3450 507 3513 Annium
537 3448 707 3533 plurimum
734 3449 780 3513 rei
812 3447 959 3531 publicae
982 3448 1157 3531 proluisse,
1189 3450 1324 3514 maxima
1345 3449 1463 3514 laetitia
1484 3447 1675 3533 populumne

310 3546 504 3618 Romanum,
526 3552 671 3606 cunctam
693 3543 832 3616 Italiam,
855 3542 1001 3604 nationes
1018 3562 1128 3606 omnes
1151 3541 1294 3607 affecisse
1309 3551 1342 3607 et
1355 3543 1442 3608 dicat
1455 3549 1487 3608 et
1503 3543 1639 3607 sentiat?

309 3641 381 3702 Non
403 3657 485 3721 queo
507 3645 616 3700 vetera
647 3636 703 3699 illa
730 3635 842 3720 populi
871 3634 1005 3698 Romani
1033 3637 1148 3718 gaudia
1170 3645 1288 3720 quanta
1315 3637 1449 3713 luerim,
1478 3637 1637 3702 iudicare:

311 3732 426 3796 multas
458 3738 563 3795 umen
596 3731 660 3793 iam
689 3750 884 3794 summorum
912 3730 1139 3813 imperatorum
1169 3731 1357 3795 clarIssimas
1378 3731 1525 3796 victorias
1554 3736 1640 3796 aetas

311 3833 421 3890 nostm
446 3824 542 3900 vicit,
574 3844 708 3909 querum
737 3823 824 3887 nulla
853 3843 959 3908 neque
988 3831 1052 3887 tam
1075 3825 1255 3890 diuturnam
1284 3825 1389 3890 attulit
1408 3826 1559 3889 laetitiam
1581 3844 1640 3889 nec

311 3927 440 3984 tantam
483 3916 534 3981 78.
558 3918 705 3983 blandate
725 3918 788 3982 hoc
809 3919 989 3993 memoriae,
1013 3917 1144 3982 iudices.
1167 3901 1289 4003 (Spero
1312 3920 1411 3986 multa
1431 3939 1488 3983 vos
1510 3919 1678 3984 liberos-eo

312 4033 375 4099 qne
396 4019 518 4080 vestros
545 4014 580 4077 in
601 4031 636 4076 re
661 4013 789 4095 publica
809 4013 894 4075 bona
915 4032 986 4077 esse
1006 4000 1161 4113 uisuros)
1181 4012 1215 4076 in
1236 4014 1277 4078 iis
1298 4013 1431 4096 singolis
1453 4015 1496 4078 ita
1517 4033 1641 4097 semper
1724 4011 1820 4106 ,Ab

361 4383 709 4448 ementiendum:
729 4378 1214 4446 cedtt.eestcuereTESO—2.bstc]
1231 4379 1552 4443 btucE-JttrscotoES:
1569 4393 1643 4433 nmo

310 4458 582 4523 restol’3plucrlouio
599 4459 663 4508 T-
677 4457 726 4520 cass]
744 4471 792 4520 quo
809 4457 870 4507 Ε-
890 4457 916 4506 di
933 4457 963 4505 1²:
983 4455 1019 4504 dil
1035 4455 1166 4505 TESO-
1185 4453 1209 4504 3.
1225 4454 1324 4504 acontio
1340 4455 1399 4505 TE:
1417 4458 1565 4514 erearum
1581 4469 1643 4508 soce

311 4535 362 4585 clio
378 4535 436 4584 S-
454 4535 607 4586 adabsceote
623 4535 667 4585 Pl*
685 4560 717 4569 -
734 4531 758 4584 l.
772 4535 798 4584 P.
810 4533 900 4596 Aptale
917 4534 1070 4596 Peyronus:
1088 4540 1189 4581 emisio
1205 4532 1238 4590 P;
1260 4529 1345 4592 optato
1362 4531 1394 4591 T;
1414 4530 1509 4593 Aponio
1525 4531 1593 4583 ESO
1613 4560 1640 4570 -

924 4632 960 4654 ω
1112 4608 1133 4646 r

312 4657 337 4706 5.
354 4657 480 4708 macecol
495 4657 554 4708 PS:
575 4659 682 4708 seminet
697 4654 770 4708 ΤΕΟ
790 4681 817 4692 -
841 4652 907 4705 asco
921 4667 948 4706 ee
964 4655 1023 4705 Is:
1048 4663 1187 4704 smcsnsss
1203 4653 1235 4713 1³;
1260 4663 1337 4703 oscos
1352 4657 1412 4703 esset
1427 4651 1460 4714 E;
1479 4665 1555 4704 moes
1571 4655 1643 4708 esto

314 4757 341 4767 -
359 4730 742 4794 norcomannorum
759 4727 874 4793 micatis
891 4730 911 4779 'l
928 4754 956 4764 -
975 4729 999 4779 6.
1020 4727 1218 4792 quentwi—
1238 4725 1262 4778 l.
1280 4725 1456 4778 tolotoncall
1475 4752 1502 4764 —
1522 4729 1562 4778 tl.
1581 4730 1642 4791 loro]

313 4804 717 4859 tons-ts.tuaom.e-
737 4803 777 4856 tl.
796 4804 1007 4856 οἰοίιίιαιίεΕ-
1027 4801 1271 4853 tbss‘tlbcs-
1293 4801 1583 4853 t't.tetlrercltasT-
1602 4805 1644 4854 in-

311 4883 419 4934 meme
433 4880 466 4932 E:
484 4882 592 4932 mutaret
607 4882 690 4932 Ts-
708 4881 748 4932 ⁴8.
767 4878 1107 4941 cestrospccmtamactrc
1123 4881 1187 4928 tecta
1203 4878 1263 4928 Τ-
1279 4877 1399 4938 poematos
1415 4875 1497 4928 altero
1514 4877 1573 4930 loco
1588 4892 1641 4930 om.

313 4955 477 5020 TEInons)
497 4951 1643 5018 -ctteeussmeomrmuoero,alcano-so.qaaeaota]eaequae

313 5033 458 5084 octoc-
477 5031 723 5098 tideus-flm-
743 5032 783 5082 26.
801 5030 982 5094 reppulere:
1004 5029 1152 5091 repulso
1170 5054 1197 5064 -
1216 5026 1596 5092 ilpudorbishcbetll-
1616 5029 1644 5080 io

313 5111 414 5161 mete
430 5111 492 5175 post
507 5109 571 5173 loces
587 5107 669 5159 habet
684 5109 705 5158 E
722 5133 749 5143 -
768 5111 880 5159 moueret
900 5107 962 5158 TE:
987 5109 1117 5156 macerent
1136 5103 1183 5155 SO
1203 5131 1230 5142 ·-
1257 5103 1297 5157 30.
1313 5105 1433 5168 populum
1449 5103 1490 5169 lt]
1508 5115 1556 5166 η).
1575 5103 1595 5154 Τ
1614 5130 1642 5140 -

314 5187 476 5250 adeffecisse
491 5190 516 5236 et
531 5185 640 5235 decis:
660 5185 779 5246 cffsclm
795 5184 863 5233 doct
879 5183 915 5242 E;
934 5180 1044 5246 atrocum
1060 5179 1251 5230 door-es.
1265 5179 1405 5246 populu]
1425 5193 1474 5244 pr.
1488 5180 1540 5230 T·-
1559 5177 1599 5230 36.
1618 5179 1646 5230 io

313 5261 507 5326 repooms:
526 5261 553 5312 tu
572 5274 621 5326 sp.
639 5255 1259 5320 muccosorwnacpaetrcooucss-
1277 5255 1496 5308 llsdaratonins:
1514 5255 1643 5308 ceres,
