4009 6159
419 510 504 580 t3t8
845 512 997 581 ORATIO
1018 510 1244 578 PHILIPPICA
1264 513 1318 580 vt

419 692 549 770 potero,
570 685 678 750 labore
699 685 772 769 plns
793 703 896 770 pueue
918 704 1014 770 quam
1036 691 1147 769 potero
1169 683 1334 750 exeubmo
1352 683 1555 768 vigilaboque
1568 702 1643 767 pro
1663 681 1785 747 uobis.

304 775 330 876 ῌ
419 781 546 853 Etenim
568 779 642 866 φῄς
664 785 712 843 est
732 779 825 855 civis,
846 778 1034 862 praesertim
1055 778 1116 842 hoe
1138 776 1255 862 gradu,
1277 797 1341 861 quo
1363 797 1414 840 me
1430 796 1488 842 ros
1502 797 1573 842 esee
1586 776 1786 851 voluistis,

419 879 484 938 tum
504 873 619 936 obiitus
639 873 786 938 beneficii
808 874 922 948 vestri,
949 881 1015 938 tem
1035 873 1202 936 immemor
1222 873 1360 954 patriae,
1382 879 1447 935 tum
1468 870 1630 935 inimicus
1661 869 1787 952 digni·
1864 931 1870 943 ,

418 968 491 1031 tutis
514 985 604 1042 suae,
626 987 722 1051 quem
742 987 808 1031 non
830 967 963 1042 excitet,
995 987 1059 1030 non
1081 967 1255 1030 inflammet
1274 973 1380 1030 tentus
1401 971 1508 1029 vester
1527 965 1589 1029 iste
1617 985 1787 1028 consen-

397 1061 495 1124 esus?
523 1059 638 1124 Multus
660 1080 857 1146 magnasque
876 1061 973 1125 habui
995 1061 1109 1125 consui
1130 1060 1310 1135 contiones,
1330 1059 1438 1124 multis
1457 1058 1609 1123 interfuit
1637 1058 1786 1122 nullan

418 1173 568 1237 umquem
589 1153 817 1231 victitantem,
846 1161 964 1239 quantu
984 1174 1070 1218 nune
1091 1161 1230 1219 vestrum
1254 1161 1312 1219 est.
1354 1155 1457 1218 Unum
1479 1153 1606 1217 sentitis
1635 1170 1786 1226 omnes,

417 1267 515 1312 unum
544 1246 691 1324 studetis,
720 1249 761 1312 Μ.
783 1250 915 1313 Antonii
944 1256 1074 1314 conatus
1095 1255 1238 1313 evertere
1260 1247 1502 1331 erepublica,
1529 1246 1695 1310 furorem
1720 1265 1786 1308 ex-

418 1341 597 1423 stinguere,
619 1343 799 1426 opprimere
819 1343 994 1408 euducinm.
1028 1343 1115 1407 Idem
1129 1343 1242 1407 volunt
1262 1361 1374 1406 omnes
1395 1331 1704 1420 ordines,(oodem
1728 1339 1785 1402 in·

244 1505 261 1532 Α
419 1432 572 1500 eumhunt
599 1436 788 1522 municipio,
816 1437 976 1513 coloniae,
1003 1444 1115 1501 eunom
1148 1419 1253 1522 ltalia)
1283 1437 1394 1520 ltaque
1420 1432 1565 1500 renutunt
1584 1435 1689 1498 bene
1714 1452 1783 1496 sua

254 1596 257 1601 ,
382 1537 532 1612 torpente
560 1526 683 1594 firmum
712 1528 881 1596 firmiorem
909 1539 1015 1596 vestra
1043 1531 1231 1597 anctoritate
1252 1529 1382 1594 feristis.
1424 1525 1475 1592 dt).
1497 1530 1592 1593 Venit
1613 1538 1782 1611 tempus,

419 1622 574 1699 Quirites,
596 1625 699 1688 serius
721 1625 866 1700 omuino,
889 1645 983 1709 quem
1007 1624 1138 1708 dignum
1159 1625 1278 1708 populo
1298 1626 1440 1689 Romano
1461 1623 1540 1699 fuit,
1562 1624 1623 1687 sed
1651 1631 1779 1686 tannen

416 1716 469 1780 itu>
483 1723 659 1792 maturum,
680 1725 717 1781 ut
738 1717 858 1782 differri
879 1719 942 1781 iam
963 1717 1044 1781 hora
1064 1738 1129 1781 non
1150 1719 1261 1802 possit.
1298 1718 1372 1782 Fuit
1390 1718 1505 1803 aliquis
1527 1717 1639 1783 intulis
1656 1737 1778 1790 meus,

418 1817 454 1872 ut
474 1809 519 1873 ite
540 1809 660 1885 dicem,
683 1832 778 1893 quem
800 1812 944 1888 tulimus,
966 1832 1098 1896 quoquo
1120 1811 1215 1875 modo
1238 1812 1390 1876 ferendus
1410 1811 1490 1876 fuit:
1519 1831 1604 1876 nuno
1629 1812 1666 1875 si
1691 1809 1776 1894 quis

419 1904 491 1978 erit,
514 1904 576 1968 erit
596 1904 804 1969 voluntarius.
840 1907 995 1990 Populum
1016 1907 1193 1970 Romanum
1215 1906 1336 1970 servire
1356 1905 1405 1970 ins
1427 1926 1492 1970 non
1513 1915 1576 1969 eet:
1600 1925 1716 1989 quem
1739 1902 1776 1966 di

381 1997 611 2062 teimmortules
633 1999 778 2062 omnihus
800 2001 946 2083 gentibus
968 2001 1122 2084 imperare
1143 2000 1321 2065 voluerunt.
1366 2001 1428 2064 lies
1450 2001 1482 2064 in
1505 2007 1698 2063 extremum
1721 2003 1775 2062 est

418 2088 554 2153 ndduuta
575 2090 763 2155 discrimen:
785 2094 825 2158 de
847 2093 992 2158 libertate
1015 2095 1204 2157 decernitur.
1240 2096 1304 2157 Aut
1323 2094 1459 2160 vineatis
1478 2101 1621 2179 oportet,
1647 2092 1775 2168 Quiri-

419 2190 482 2258 tes,
509 2183 597 2268 quod
625 2184 769 2268 proiecto
798 2195 831 2251 et
857 2189 975 2272 pietate
1005 2195 1109 2252 vestre
1138 2194 1171 2251 et
1198 2196 1286 2252 tantu
1306 2188 1477 2252 eoncordia
1498 2184 1770 2270 eonseqnerniui‚
1889 2222 1890 2233 κ

419 2281 473 2339 aut
501 2277 627 2360 quidvis
654 2279 759 2363 potius
789 2301 883 2365 quum
904 2282 1058 2346 servietis.
1103 2282 1193 2345 Aliae
1214 2282 1361 2346 notiones
1382 2282 1563 2347 servitutem
1585 2279 1658 2363 peti
1683 2297 1768 2362 pes·

419 2377 507 2446 nunt,
529 2371 639 2456 populi
659 2374 793 2438 Romani
814 2383 863 2440 est
883 2378 1014 2460 proprie
1034 2376 1172 2440 libertos.

484 2679 509 2729 t.
524 2677 625 2741 petav
643 2705 669 2716 -·
690 2692 740 2743 pre
761 2679 831 2731 toute
846 2676 878 2730 V¹
896 2705 924 2716 -
948 2681 973 2731 6.
991 2682 1121 2743 murm]
1146 2671 1305 2734 hierenus
1327 2683 1441 2746 pergunt
1456 2682 1478 2732 D
1500 2708 1525 2719 -
1541 2679 1705 2734 etdttoentd
1721 2683 1761 2739 Vt

417 2753 832 2820 utdtteot-mrtroegt-
861 2757 1360 2808 nmomoonootv-eommsi:
1384 2757 1688 2816 conaemnatis»
1706 2758 1764 2808 Do

420 2859 448 2870 -
467 2833 612 2896 minoem
628 2833 691 2884 mei.
709 2859 742 2870 -
759 2832 783 2884 9.
802 2832 860 2884 bern
877 2846 930 2884 om.
944 2835 979 2884 et
998 2858 1023 2870 -
1045 2833 1085 2884 40.
1103 2837 1190 2882 uestro
1205 2838 1272 2883 auct.
1284 2832 1422 2896 timim
1438 2836 1489 2883 t-
1508 2834 1548 2882 tt.
1568 2834 1641 2894 (intr.
1662 2833 1759 2884 em.D

421 2935 448 2945 -
468 2909 571 2973 dipem
585 2921 615 2960 re
627 2921 655 2970 p.
672 2908 759 2971 mesot
775 2912 857 2958 tomen
873 2909 895 2958 D
914 2932 941 2944 -
962 2907 1001 2957 tt.
1020 2907 1110 2957 teram
1128 2909 1210 2958 Oron.
1228 2921 1255 2969 v,
1274 2910 1304 2957 ut
1321 2909 1390 2958 coni.
1409 2907 1542 2958 Graevius.
1559 2935 1586 2943 -
1606 2907 1648 2958 43.
1669 2906 1759 2970 quem]

418 2981 443 3046 ᾗ.
461 2979 493 3032 V¹
510 3008 538 3019 -
558 2981 597 3034 tt.
613 2983 706 3047 poputo
723 2983 766 3036 no.
787 2985 914 3036 Muretus.
934 3010 960 3018 —
988 2983 1103 3046 qoomv
1123 3007 1147 3019 —
1169 2982 1195 3031 ot
1211 2981 1248 3029 V:
1273 2982 1309 3031 ro
1326 2983 1346 3033 0
1366 3010 1392 3019 —
1418 2984 1458 3032 te.
1476 2981 1588 3046 pentibus
1603 2995 1659 3032 orn.
1682 2983 1706 3032 D
1726 3006 1755 3016 -

419 3057 459 3109 te.
478 3059 587 3110 nddortu
603 3059 788 3110 dito.ertt—
812 3057 1167 3122 tremuerant·
1190 3058 1448 3120 conterentem:
1474 3058 1663 3120 memquumini
1682 3057 1708 3105 V
1726 3081 1755 3090 -

419 3151 609 3248 ⁴84unth
627 3177 655 3190 -
680 3153 720 3205 ts.
738 3167 763 3207 es
781 3153 826 3216 V¹3
843 3165 884 3205 ree
899 3157 934 3205 ert
951 3153 973 3203 Ι)
993 3177 1022 3190 -
1046 3152 1082 3202 Μ.
1102 3151 1184 3202 Turn.
1203 3152 1337 3204 cremone
1352 3150 1535 3204 rnremrcmd
1549 3130 1605 3203 ὦ.
1624 3163 1651 3202 rr
1675 3162 1755 3202 rrrr.

418 3247 663 3299 wmmt
