4009 6159
412 556 474 628 826
824 562 977 629 casalo
997 563 1078 629 PRO
1098 564 1135 629 L.
1155 562 1313 629 nacco

497 729 549 795 el.
571 731 633 798 Sed
656 732 733 818 quid
755 752 814 817 ego
837 732 876 796 de
898 732 1040 816 epistolis
1062 732 1195 798 Falcidii
1215 740 1271 797 aut
1291 732 1331 797 de
1351 731 1501 799 Androne
1522 734 1655 799 Sextilio
1676 742 1732 799 aut

414 827 453 891 de
467 828 596 892 Deciani
617 847 715 891 censu
735 836 800 892 tarn
823 828 877 892 diu
900 828 1026 911 disputo
1047 823 1209 911 [postulo],
1233 826 1272 890 de
1294 827 1396 891 salute
1418 828 1557 891 omnium
1577 836 1732 904 nostrum,

412 922 452 986 de
481 921 617 986 fortunis
644 922 799 998 civitatis,
827 922 866 985 de
895 919 1017 987 sumnia
1037 942 1072 985 re
1098 922 1226 1004 publica
1247 924 1360 986 taceo?
1395 942 1492 1007 quam
1519 943 1576 987 vos
1605 923 1733 987 univer·

412 1016 533 1081 samin
554 1016 615 1080 hoc
636 1016 755 1081 iudicio
778 1020 905 1093 vestris,
928 1018 1055 1090 vestris,
1077 1015 1224 1102 inquam,
1245 1016 1409 1091 humeris,
1430 1015 1573 1093 indices,
1594 1018 1733 1081 sustine·

388 1112 460 1174 ctis.
496 1110 631 1186 Videtis,
661 1130 726 1194 quo
747 1110 781 1174 in
802 1120 889 1176 motu
911 1119 1107 1194 temporum,
1128 1117 1248 1192 quanta
1268 1111 1302 1173 in
1325 1110 1532 1173 conversione
1560 1130 1666 1173 rerum
1692 1131 1730 1173 ac
1788 1146 1796 1161 ·

409 1203 646 1288 perturbatione
672 1224 845 1268 versemur.
881 1205 1057 1269 XXXVIII.
1080 1204 1158 1268 Cum
1179 1204 1242 1267 alia
1261 1204 1360 1268 multa
1382 1204 1458 1267 certi
1478 1204 1639 1280 homines,
1664 1212 1733 1268 urm

313 1328 325 1358 a
387 1294 469 1380 (hoc
497 1298 548 1362 vel
573 1300 710 1363 maxime
739 1299 928 1375 moliuntur,
958 1306 995 1362 ut
1016 1305 1138 1383 vestrae
1159 1318 1289 1382 quoque
1310 1307 1449 1373 mentes,
1480 1306 1585 1362 vestra
1605 1299 1732 1374 indicia,

325 1382 331 1486 ἰ
409 1399 532 1476 vestrae
553 1394 729 1457 sententiae
750 1394 870 1477 optimo
892 1394 1008 1478 cuique
1030 1392 1251 1455 infestissimae
1272 1399 1369 1477 atque
1388 1381 1623 1458 inimicissimae
1643 1414 1733 1478 repe·

273 1472 387 1583 ff
409 1480 553 1573 dantur.)
573 1487 687 1551 Gravia
708 1487 825 1550 iudicia
842 1508 900 1571 pro
917 1488 964 1551 rei
978 1487 1123 1569 publicae
1138 1477 1305 1568 dignitate,
1327 1488 1425 1551 multa
1440 1489 1480 1551 de
1496 1488 1732 1553 coniuratorum

373 1592 400 1641 so
410 1578 529 1645 scelere
549 1580 685 1645 lecistis:
714 1602 779 1645 non
800 1588 913 1665 putant
934 1583 1012 1645 satis
1033 1600 1216 1645 conversam
1236 1601 1303 1645 rens
1323 1582 1496 1666 publicam,
1518 1584 1581 1646 nisi
1601 1584 1636 1647 in
1658 1603 1732 1646 ean·

409 1673 481 1738 dem
502 1674 671 1757 impiorum
693 1695 829 1758 poenam
851 1676 970 1759 optime
991 1676 1120 1739 meritos
1136 1675 1221 1738 cives
1235 1674 1437 1739 detruserint
1478 1673 1530 1738 95.
1552 1675 1732 1760 Oppressus

409 1774 458 1833 est
480 1768 514 1832 C.
535 1769 701 1833 Antonius.
737 1770 833 1846 Esto;
855 1770 965 1834 habuit
986 1770 1146 1854 quandam
1166 1768 1220 1833 ille
1241 1768 1404 1833 infamiam
1425 1789 1532 1833 suam:
1558 1790 1663 1855 neque
1685 1778 1731 1836 ta·

408 1883 481 1928 men
502 1862 557 1927 ille
580 1864 663 1948 ipse,
684 1885 741 1947 pro
762 1884 834 1928 meo
856 1865 924 1928 iure
947 1864 1035 1940 dico,
1055 1864 1146 1928 volsis
1166 1864 1324 1928 iudicibus
1340 1864 1506 1929 damnatus
1520 1876 1619 1943 esset,
1640 1869 1731 1932 cuius

409 1957 610 2022 damnatione
631 1958 833 2043 sepulchrum
847 1961 884 2022 L.
900 1952 1053 2023 Catilinae
1066 1955 1195 2021 floribus
1210 1967 1367 2034 ornatum,
1380 1960 1544 2024 hominnm
1559 1962 1732 2027 audacissi-

372 2066 532 2116 ssmorum
546 2071 582 2116 ac
597 2052 842 2118 domesticorum
856 2054 995 2118 hostium
1007 2057 1164 2116 conventu
1179 2052 1347 2137 epulisque
1361 2053 1555 2119 celebratum
1569 2064 1627 2131 est,
1649 2058 1732 2120 iusta

410 2145 563 2210 Catilinae
583 2146 666 2212 facta
687 2157 770 2212 sunt.
806 2152 896 2212 Nunc
918 2169 937 2211 a
957 2148 1070 2210 Flacco
1092 2147 1219 2210 Lentuli
1240 2166 1362 2231 poenae
1384 2168 1441 2232 per
1454 2170 1511 2213 ros
1529 2159 1731 2235 expetuntur.

410 2240 513 2319 Quam
534 2243 666 2325 potestis
687 2244 721 2306 P.
743 2243 895 2318 Lentulo,
917 2244 972 2324 qui
994 2262 1052 2305 vos
1074 2242 1108 2303 in
1130 2241 1300 2324 complexu
1316 2242 1485 2308 liberorum
1499 2246 1731 2329 coniugumque

297 2386 306 2400 .
409 2342 583 2401 vacuarum
604 2335 776 2401 trucidatos
797 2336 946 2401 incendio
967 2336 1090 2420 patriae
1106 2335 1240 2419 sepelire
1255 2344 1389 2399 conatus
1405 2344 1470 2413 est,
1492 2347 1629 2403 mactare
1643 2341 1733 2403 victi-

411 2420 491 2494 mam
520 2430 704 2513 gratiorem,
737 2450 832 2515 qnam
859 2434 886 2495 si
914 2433 950 2494 L.
972 2431 1075 2495 Flacci
1103 2431 1254 2513 sanquine
1282 2431 1368 2494 illins
1389 2431 1544 2495 nefarium
1565 2434 1599 2496 in
1622 2454 1732 2498 omnes

372 2524 519 2588 etodium
542 2526 778 2589 saturaveritisl
820 2522 872 2587 96.
893 2527 1036 2589 litemus
1057 2524 1156 2606 igitur
1176 2524 1327 2599 Lentulo,
1356 2532 1560 2609 parentemus
1582 2528 1731 2610 Cethego,

411 2636 597 2682 revocemus
619 2620 754 2684 eiectos:
776 2620 891 2684 nimiae
912 2618 1037 2703 pietatis
1059 2625 1093 2681 et
1113 2618 1227 2681 summi
1248 2619 1365 2682 amoris
1386 2620 1419 2681 in
1441 2619 1575 2703 patriam
1592 2622 1732 2686 vicissim

410 2732 469 2776 nos
489 2732 628 2795 poenas,
650 2714 676 2777 si
699 2714 744 2777 ita
764 2713 884 2798 placet,
906 2714 1103 2777 sufferamus.
1137 2713 1202 2775 Nos
1216 2714 1278 2775 iam
1293 2712 1332 2775 als
1347 2714 1502 2777 indicibus
1515 2715 1731 2791 nominamur3

409 2808 441 2873 in
464 2826 523 2869 nos
545 2807 677 2871 crimina
698 2804 876 2891 linguatum
898 2807 989 2871 nohis
1011 2807 1152 2891 pericula
1173 2815 1406 2891 comparantur.
1435 2807 1524 2884 Quae
1538 2810 1566 2873 si
1580 2830 1638 2895 per
1651 2812 1731 2875 alios

409 2907 554 2983 agerent,
577 2901 605 2964 si
626 2900 765 2985 denique
787 2920 845 2984 per
865 2901 977 2984 populi
998 2919 1116 2963 nomen
1137 2901 1252 2963 civium
1266 2901 1483 2985 imperitorum
1497 2903 1732 2969 multitudinem

371 2995 636 3071 ”concitassenn
657 2996 808 3079 aequiore
830 2997 935 3059 animo
956 2994 1041 3058 ferre
1059 3014 1242 3078 possemus:
1263 2994 1344 3058 illud
1357 3015 1434 3058 vero
1450 2996 1526 3061 ferri
1539 3018 1603 3061 non
1617 2999 1732 3082 potest,
1766 3016 1770 3024 ·

409 3091 494 3175 quod
514 3110 571 3175 per
591 3098 753 3155 senatores
776 3096 809 3153 et
829 3110 887 3173 per
908 3089 1033 3174 equites
1054 3089 1228 3164 Romanos,
1252 3088 1309 3173 qni
1328 3089 1530 3154 haecomnia
1550 3112 1608 3177 pro
1630 3094 1732 3157 salute

408 3184 549 3249 omnium
570 3184 730 3250 communi
751 3183 884 3248 consilio
905 3204 969 3248 una
982 3189 1089 3247 mente
1107 3188 1203 3265 atque
1217 3184 1333 3247 naute
1354 3192 1536 3266 gesserunt,
1557 3187 1669 3251 harum
1682 3208 1733 3251 re·

221 3282 237 3385 l
274 3304 314 3361 f,
407 3298 477 3344 nrm
498 3285 661 3355 auctores,
683 3278 797 3353 duces,
829 3278 988 3362 principes
1010 3277 1140 3362 spoliari
1161 3277 1308 3340 omnibus
1328 3278 1466 3341 fortunis
1487 3287 1584 3364 atque
1605 3281 1732 3345 civitate

264 3350 280 3387 l
308 3376 318 3391 ‘
409 3373 527 3458 expelli
540 3393 636 3457 posse
649 3373 850 3436 arbitrantur.
871 3366 996 3436 Etenim
1011 3371 1124 3455 populi
1138 3371 1272 3434 Romani
1286 3373 1482 3454 perspiciunt
1495 3375 1630 3437 eandem
1644 3394 1733 3437 men-

371 3475 472 3533 sotem
494 3474 527 3529 et
547 3466 756 3529 voluntatem:
779 3466 926 3530 omnihus
947 3467 1043 3529 rebus
1057 3466 1173 3548 quibus
1188 3472 1294 3546 potest
1307 3466 1445 3549 populus
1461 3468 1621 3531 Romanus
1636 3468 1733 3551 siqni-

407 3557 497 3635 ficat,
530 3558 608 3642 quid
637 3560 770 3636 sentiat3
804 3559 893 3624 nulla
920 3561 1055 3623 varietas
1084 3568 1131 3621 est
1159 3560 1242 3621 inter
1261 3557 1407 3623 homines
1432 3559 1611 3643 opinionis,
1644 3562 1733 3627 nulla

407 3654 597 3730 voluntatis,
624 3654 713 3717 nulla
741 3656 907 3719 sermonis.
950 3651 1002 3716 97.
1026 3651 1133 3728 Quare
1162 3653 1189 3716 si
1218 3652 1290 3736 quis
1317 3652 1395 3716 illuc
1415 3674 1466 3718 me
1486 3662 1593 3729 vocat,
1620 3657 1732 3719 venies

408 3748 561 3835 populum
582 3748 757 3813 Romanum
779 3750 1022 3832 disceptatorem
1044 3767 1109 3810 non
1130 3746 1226 3811 modo
1247 3766 1312 3811 nou
1333 3766 1460 3823 recuso,
1482 3748 1540 3812 sed
1561 3750 1656 3812 etiam
1678 3748 1733 3811 de-

265 3870 320 3938 fu
408 3830 538 3930 posco(
550 3845 606 3909 Vis
627 3843 727 3919 absit,
748 3842 866 3907 ferrum
888 3863 925 3907 ac
946 3840 1071 3926 lapides
1086 3831 1330 3943 remoqeantnr)
1345 3860 1460 3925 operae
1473 3841 1645 3918 lacessant,
1668 3862 1734 3906 ser-

230 3942 246 3960 ‘
280 3951 285 3960 '
371 3941 486 4007 assitis
507 3940 638 4003 sileant:
661 3958 755 4002 nemo
778 3939 837 4001 erit
857 3944 920 4001 um
942 3937 1097 4011 iniustus,
1120 3937 1175 4019 qni
1197 3955 1248 3999 mc
1269 3936 1421 4011 audierit,
1443 3936 1485 3999 sit
1497 3937 1593 4000 modo
1609 3937 1688 4001 lilser
1702 3942 1735 4001 et

410 4036 504 4111 civis,
533 4034 613 4120 quin
641 4033 748 4118 potius
771 4031 811 4095 de
834 4032 983 4117 praemiis
1005 4030 1085 4094 meis
1107 4049 1202 4112 quam
1223 4030 1263 4092 de
1284 4048 1389 4114 poena
1409 4031 1612 4113 cogitandum
1633 4038 1734 4116 putet.

409 4130 557 4193 XXXIX.
580 4127 608 4190 Ο
630 4126 663 4189 di
684 4126 895 4191 immortalesl
919 4124 997 4210 quid
1019 4125 1081 4188 lroc
1102 4124 1271 4187 miserius?
1293 4144 1367 4199 nos,
1389 4124 1446 4207 qui
1467 4126 1501 4187 P.
1516 4124 1651 4188 Lentulo
1671 4123 1735 4189 ler-

409 4243 479 4293 rum
502 4230 534 4286 et
555 4222 713 4286 flammam
734 4221 774 4285 de
797 4222 941 4286 manibus
965 4220 1171 4294 extorsimus,
1200 4220 1364 4303 imperitae
1384 4217 1596 4282 multitudinis
1616 4217 1734 4282 iudicio

410 4315 613 4391 confidimus,
641 4315 883 4380 lectissimorum
912 4316 1029 4380 civium
1056 4323 1088 4379 et
1108 4314 1374 4399 amplissimorum
1395 4312 1567 4377 sententias
1588 4314 1735 4398 pertime-

372 4411 537 4479 toecimus.
579 4406 631 4473 98.
653 4410 703 4475 Μ’.
725 4408 887 4495 aquilium
910 4417 1014 4493 patres
1036 4408 1136 4473 nostri
1158 4408 1265 4472 multis
1288 4408 1439 4474 avaritiae
1452 4407 1635 4471 criminibus
1648 4408 1736 4473 testi·

475 4608 500 4657 l.
518 4606 624 4657 sestuwo
636 4606 653 4657 S
666 4633 695 4643 -
711 4606 736 4657 2.
748 4619 820 4657 sessu
831 4607 848 4656 S
861 4632 889 4643 -
907 4607 1006 4669 aeuo
1016 4606 1063 4657 Th.
1076 4604 1280 4658 Mommsenins:
1299 4602 1416 4667 wico?
1427 4604 1525 4667 postulo
1541 4604 1620 4665 SAP,
1638 4604 1736 4667 &puto

409 4683 587 4747 etpostulo'l3
606 4682 881 4747 dupolcetespostulo
898 4681 946 4732 LO
965 4708 992 4719 -
1011 4680 1035 4732 3.
1053 4679 1264 4742 (οἰμΤΑῈ-
1282 4676 1307 4730 l.
1325 4679 1736 4743 lodsciooestn'sesstrs'staqucm

409 4760 518 4811 luseris
529 4760 585 4811 Nic.
597 4756 733 4821 Angelius:
752 4758 844 4808 iudeis
859 4758 947 4809 cerm
961 4758 1066 4821 topica
1078 4754 1285 4812 lmoWSl'm
1302 4754 1395 4805 testeo
1409 4756 1499 4805 mals
1512 4756 1632 4819 mmsis,
1649 4758 1737 4808 sesols

410 4838 514 4900 tnqoon
529 4834 638 4885 sumes
654 4845 715 4885 cum
733 4832 882 4884 edaldlna
896 4834 942 4885 ΡΙ.
961 4856 989 4870 -·
1008 4833 1033 4883 δ.
1048 4830 1322 4881 Πάοιῑε--υονεωηαν
1336 4828 1419 4879 habet
1433 4829 1453 4880 B
1467 4856 1494 4866 -
1513 4844 1562 4893 quc
1577 4832 1605 4881 ι’(
1620 4834 1733 4883 owtoB:

410 4910 631 4973 mesomio&
649 4909 933 4971 iamoosotaceterl.
953 4934 980 4944 -
1000 4908 1040 4959 lo.
1059 4906 1210 4967 conversam]
1228 4907 1475 4956 coooersosaesssl
1495 4933 1523 4942 -
1542 4907 1583 4957 ⁴2.
1601 4908 1735 4958 estoms

415 5012 440 5023 -
460 4983 501 5036 43.
519 4984 653 5035 malsc
668 4988 704 5035 est
719 4984 736 5033 S
754 5009 781 5020 -
809 4984 850 5034 te.
869 4996 952 5035 mnam
968 4984 984 5033 S
1002 4985 1030 5034 et
1045 4983 1163 5047 quinque
1180 4979 1259 5032 codd.
1277 4981 1387 5031 osenna
1409 4993 1455 5031 sos
1474 4994 1558 5031 ossam
1575 4980 1667 5037 TLO:
1692 4994 1737 5032 uos

411 5064 542 5119 omnem
561 5054 1737 5122 comesus-aaatsacsapsocsscumed.runtnsr-alssssunjesnret

411 5132 1247 5202 pr.S—26.perantev.emstusomS-27.mqmsllz
1264 5130 1733 5195 cerno—aepeeceoeqeffi-

412 5210 512 5261 clos'tote
528 5209 618 5259 STA:
636 5222 650 5259 e
665 5208 765 5259 elom
781 5208 857 5259 FLO
876 5235 903 5245 -
921 5208 962 5259 29.
979 5205 1202 5270 omnesque
1216 5206 1246 5255 ll.
1265 5205 1352 5255 FL-
1370 5206 1473 5255 eaodem
1490 5202 1660 5257 Gulielmius:
1678 5220 1736 5258 som

412 5284 531 5349 sre03
550 5295 603 5338 om.
621 5284 668 5339 ΡΙ.
686 5310 714 5321 -
732 5282 773 5336 38.
794 5280 1052 5350 tudictclpers'cslos
1074 5308 1102 5319 -
1121 5280 1163 5334 it).
1181 5282 1217 5334 ll.
1234 5278 1685 5345 Acastuaooossossshsheta
1704 5310 1732 5320 -
