4009 6159
758 610 830 678 a».
852 610 1024 678 vsu-s.
1051 608 1097 695 44
1119 608 1267 677 rr-re.
1589 588 1673 663 4447

358 801 444 847 snae.
480 783 644 865 Ingressus
664 782 774 844 urben
795 788 859 855 est,
881 802 946 865 quo
960 782 1110 846 comitatu
1124 781 1175 847 vel
1193 781 1297 865 potius
1312 780 1451 863 ageninel
1473 797 1546 842 eum
1560 772 1671 839 dextra

358 875 498 950 sinistre,
527 883 672 958 gemente
698 875 818 959 populo
842 877 998 950 Romano,
1027 877 1198 939 minaretur
1219 874 1371 950 dominis,
1399 880 1523 938 notaret
1543 870 1671 942 domos,

358 969 531 1033 dtus-rm
561 990 596 1033 se
617 970 724 1033 urbem
745 968 849 1052 palam
872 969 937 1033 suis
959 969 1169 1053 polliceretur.
1205 969 1310 1032 Rediit
1328 970 1370 1032 ad
1391 968 1522 1043 milites3
1550 964 1594 1029 ibi
1616 981 1671 1046 pe·
1733 1026 1736 1033 .

356 1062 464 1125 stibera
484 1062 540 1126 illa
559 1062 670 1125 Tiburi
690 1064 810 1127 contio.
846 1062 924 1127 lude
945 1063 985 1127 ad
1000 1064 1109 1127 urbem
1124 1084 1252 1138 oureus,
1274 1068 1402 1127 senatus
1421 1062 1456 1124 in
1471 1058 1672 1144 Capitolium,

355 1163 465 1240 parata
485 1157 525 1219 de
547 1156 832 1221 circumscribendo
853 1157 1055 1221 adolescente
1078 1158 1232 1221 sententia
1246 1156 1436 1231 *consularia
1457 1162 1528 1219 edm
1542 1156 1696 1235 repentes

355 1282 396 1297 -·
416 1268 489 1312 nan
521 1251 665 1314 Martiam
697 1249 855 1332 legionem
883 1250 979 1314 Albae
1013 1250 1195 1315 consedisse
1225 1251 1342 1315 sciebat
1369 1282 1411 1299 -
1432 1250 1560 1313 afferam
1579 1245 1610 1307 ei
1632 1243 1673 1306 do

355 1350 466 1428 quarta
492 1345 633 1408 nuntius.
680 1344 752 1420 Quo
781 1345 946 1429 perculsus
968 1346 1081 1409 abiecit
1103 1346 1269 1409 consilium
1291 1344 1447 1408 referendi
1469 1343 1507 1407 ad
1529 1346 1673 1405 senabrm

355 1439 394 1502 de
415 1438 567 1503 Caesare:
590 1458 735 1521 egressus
756 1448 890 1501 estnon
904 1441 981 1514 viis,
1002 1440 1059 1503 sed
1077 1442 1253 1504 tramitibus
1274 1440 1455 1525 paludatus,
1478 1455 1582 1521 eoque
1603 1434 1673 1517 ipsa

354 1533 406 1596 die
427 1533 667 1597 innumerabilia
682 1542 809 1597 senatus
825 1534 968 1598 consulta
982 1535 1072 1597 fecit:
1099 1554 1181 1619 quae
1196 1536 1326 1619 quidem
1342 1537 1448 1598 omnia
1463 1533 1555 1597 citius
1570 1528 1673 1594 deleta

355 1646 450 1711 quam
471 1629 589 1711 scripta
609 1636 692 1691 sunt.
736 1625 786 1690 20.
809 1628 858 1690 Ex
879 1647 918 1691 eo
940 1648 1005 1691 nou
1026 1630 1102 1703 iter,
1125 1630 1180 1692 sed
1202 1648 1314 1693 cursus
1337 1636 1368 1691 et
1385 1627 1460 1711 luga
1481 1628 1514 1689 in
1530 1623 1672 1688 Galliam·
1683 1636 1710 1683 44

355 1721 518 1784 Caesarem
541 1724 631 1805 sequi
653 1721 860 1785 arbitrabatur
881 1743 952 1785 cum
975 1724 1100 1806 legione
1117 1724 1242 1799 ldartia,
1265 1744 1336 1787 cunr
1351 1730 1473 1807 quarte,
1497 1740 1567 1784 aum
1588 1726 1675 1781 vete·

352 1816 448 1888 ranis,
465 1835 599 1898 quorum
621 1816 674 1879 ille
697 1836 812 1879 nomen
836 1836 908 1899 prae
926 1824 1012 1880 metu
1035 1818 1116 1881 ferre
1134 1838 1197 1880 non
1213 1825 1354 1899 poterat:
1377 1818 1471 1901 eique
1493 1816 1526 1879 in
1541 1812 1673 1877 Galliam

352 1911 527 1994 penetranti
542 1911 579 1972 l).
595 1930 629 1973 se
643 1912 756 1973 Brutus
771 1910 899 1986 obiecit,
916 1913 971 1994 qui
990 1930 1024 1975 se
1044 1914 1140 1975 totius
1155 1912 1230 1975 belli
1246 1912 1391 1975 luctibus
1407 1909 1562 1973 circumiri
1578 1926 1673 1991 quum

352 2004 442 2066 illum
467 2011 524 2066 aut
550 2004 673 2086 regredi
695 2013 751 2067 aut
770 2005 915 2087 progredi
942 2005 1067 2079 maluit,
1096 2007 1313 2089 Mutinamque
1335 2004 1380 2067 illi
1403 2003 1574 2068 exsultanti
1595 2009 1674 2064 tam·

353 2117 446 2179 444444
472 2097 579 2161 frenos
606 2098 721 2160 luroris
742 2099 858 2162 iniecit.
903 2098 1006 2173 Quam
1027 2120 1100 2163 cum
1121 2100 1269 2183 oporibus
1291 2098 1583 2179 munitionibusque
1605 2107 1712 2157 sse-tt

351 2191 483 2272 prisset,
506 2210 564 2253 nec
585 2212 659 2255 eum
674 2192 819 2271 coloniae
835 2194 1077 2257 florentissimae
1093 2193 1228 2276 dignitas
1244 2212 1348 2277 neque
1364 2192 1503 2257 consulis
1519 2189 1674 2273 designati

351 2285 497 2347 maiestas
525 2305 544 2347 a
572 2285 741 2367 parricidio
771 2286 958 2360 deterreret,
986 2293 1053 2349 tum
1084 2306 1133 2350 rue
1154 2320 1197 2335 —
1223 2296 1319 2350 testor
1340 2295 1372 2349 et
1392 2306 1449 2351 vos
1471 2292 1503 2350 ct
1523 2283 1674 2367 populum

350 2378 526 2440 Romanum
555 2388 590 2442 et
616 2397 725 2441 omnes
752 2378 828 2443 deos
859 2380 915 2464 qui
943 2379 1018 2442 buic
1048 2380 1119 2442 urbi
1147 2379 1326 2463 praesident
1348 2414 1386 2429 -
1407 2380 1506 2444 invito
1527 2386 1562 2442 et
1580 2398 1675 2460 repu-

351 2477 466 2551 gnante
495 2470 589 2553 legati
620 2473 707 2536 missi
736 2481 799 2537 tres
821 2474 1002 2537 consulares
1032 2475 1071 2536 ad
1095 2474 1249 2537 latronum
1271 2482 1303 2537 et
1324 2473 1531 2557 gladiatorum
1552 2473 1674 2535 ducem.
1784 2534 1789 2541 ,

350 2560 401 2626 24.
425 2564 506 2640 Quis
526 2574 591 2629 tarn
612 2567 761 2631 barbarus
776 2572 952 2651 umquam?
974 2576 1037 2630 tam
1060 2569 1227 2632 immanis?
1249 2568 1439 2631 temlerus?
1460 2570 1529 2630 Non
1543 2564 1711 2639 ausiciae

350 2679 415 2723 non
443 2660 624 2743 respondit:
653 2680 760 2744 neque
790 2680 846 2724 eos
877 2661 978 2725 solum
1007 2669 1205 2745 praesentes,
1235 2662 1289 2724 scd
1319 2662 1538 2743 multomagis
1561 2677 1675 2733 aas,a

351 2754 467 2838 quibus
489 2755 536 2818 illi
560 2764 649 2818 erant
670 2757 778 2830 missi,
805 2756 923 2839 sprevit
945 2763 976 2819 et
997 2777 1055 2839 pro
1077 2755 1177 2821 nihilo
1199 2757 1329 2838 putauit.
1366 2758 1478 2818 Postea
1499 2753 1584 2838 quod
1607 2773 1675 2816 sce·

350 2851 413 2923 lus,
443 2850 530 2933 quod
561 2848 683 2913 facinus
710 2851 867 2933 parricida
893 2870 960 2913 nou
990 2850 1110 2914 edidit?
1144 2849 1358 2916 Circumsedet
1385 2850 1514 2913 colonos
1539 2856 1673 2921 nostros,

351 2944 525 3007 exercitum
546 2944 657 3026 populi
678 2944 826 3020 Romani,
848 2945 1066 3026 imperatorem
1091 2946 1252 3009 consulem
1275 2944 1489 3027 designatum:
1515 2962 1606 3026 agros
1625 2943 1673 3004 di·

349 3043 446 3099 vexat
471 3038 584 3099 civium
613 3039 820 3123 optimorum:
851 3039 949 3102 bostis
978 3041 1177 3103 taeterrimus
1205 3040 1348 3103 amnibus
1378 3039 1473 3102 bonis
1500 3058 1607 3101 cruces
1637 3044 1710 3101 4444

350 3138 504 3195 tormenta
526 3132 699 3195 minitatur.
738 3132 815 3195 Cum
836 3132 916 3207 boc,
937 3136 978 3197 ll.
994 3134 1133 3217 Lepide,
1155 3152 1218 3217 pax
1238 3154 1309 3197 esse
1332 3152 1414 3217 quae
1436 3136 1562 3216 potest?
1584 3133 1673 3213 cuiue
1764 3106 1783 3197 4

349 3242 390 3285 ne
412 3225 569 3306 supplicio
594 3226 721 3308 quidem
743 3226 810 3290 ullo
832 3228 939 3290 satiari
961 3228 1085 3292 videtur
1106 3248 1198 3311 posse
1220 3218 1547 3311 populusllomanus.

433 3318 474 3378 X.
496 3314 547 3380 22.
570 3319 663 3393 Quod
686 3320 806 3403 siquis
829 3319 973 3384 dubitare
995 3321 1099 3384 adhue
1119 3322 1224 3405 potuit
1245 3324 1323 3405 quin
1346 3321 1433 3383 nulla
1449 3324 1581 3384 societas
1599 3318 1673 3383 huic

350 3409 454 3473 ordini
485 3412 668 3496 populoque
698 3416 839 3478 llomano
868 3435 938 3479 cum
967 3416 1023 3479 illa
1052 3416 1321 3499 importunissima
1351 3416 1444 3479 belua
1466 3422 1573 3499 posset
1593 3432 1672 3487 esse,

350 3503 474 3568 desinat
494 3507 638 3589 prolecto
661 3507 805 3572 dubitare
825 3510 876 3573 bis
897 3512 1031 3592 cognitis
1054 3511 1182 3584 litteris,
1206 3530 1282 3593 quas
1297 3510 1373 3573 mibi
1388 3510 1500 3572 missas
1515 3508 1555 3570 ab
1569 3508 1709 3571 llirtioto

350 3599 480 3662 consule
509 3600 603 3665 modo
631 3605 747 3687 accepi.
793 3606 856 3668 Eas
885 3606 959 3668 dum
987 3608 1083 3669 recito
1112 3607 1251 3688 dumque
1280 3604 1320 3667 de
1348 3604 1480 3687 singulis
1509 3602 1672 3665 sententiis

349 3692 487 3757 breuiter
509 3694 653 3778 disputo,
676 3698 786 3773 velim,
812 3706 918 3781 patres
941 3700 1127 3781 conscripti,
1149 3706 1184 3762 ul
1204 3699 1306 3763 adhuc
1327 3699 1462 3773 lecistis,
1486 3717 1535 3759 me
1556 3703 1672 3759 attente

349 3786 496 3851 audiatis.
532 3789 726 3854 Antonius
748 3792 884 3855 Hirtio
907 3799 945 3856 et
967 3793 1136 3857 Caesari.
1184 3795 1295 3879 Neque
1317 3813 1352 3855 se
1374 3793 1595 3876 imperatorem
1616 3810 1672 3853 ne·

350 4000 359 4025 ⁸
398 4033 423 4082 t.
440 4032 467 4081 ia
482 4030 569 4080 arbua
585 4030 613 4092 b,
626 4030 674 4082 sed
691 4034 718 4083 ia
734 4033 823 4097 punct.
835 4059 862 4070 -
874 4032 912 4083 uel
928 4047 981 4085 om.
995 4047 1049 4083 e-
1063 4034 1169 4083 dentem
1185 4034 1210 4093 l;
1229 4033 1374 4083 dectramh
1389 4060 1416 4069 -
1435 4032 1459 4084 3.
1475 4032 1605 4095 pollicetur
1620 4028 1672 4081 ub¹

350 4134 377 4143 -
393 4108 457 4157 redtt
473 4107 526 4157 mel
546 4131 573 4142 -
589 4092 634 4156 4444
651 4109 726 4171 gt-
746 4107 769 4160 l.
783 4108 866 4169 4444444·
883 4110 960 4172 agt3
979 4108 1066 4159 Tibure
1077 4110 1193 4159 llurstus
1207 4135 1234 4145 -
1254 4110 1279 4158 4.
1296 4114 1392 4169 parata
1408 4122 1461 4159 om.
1474 4105 1503 4158 b¹
1518 4135 1542 4145 -
1557 4106 1625 4157 odat.
1639 4108 1673 4156 al

350 4208 377 4217 -
390 4183 545 4245 repentinas
560 4184 680 4231 martiam
697 4183 779 4245 ttiam
795 4196 844 4247 pro
860 4198 920 4233 cam
930 4181 1022 4233 meluit
1034 4184 1156 4245 Faernus]
1172 4208 1199 4220 -
1219 4182 1243 4232 6.
1257 4182 1312 4233 albe
1329 4183 1369 4243 44;
1389 4182 1473 4235 albere
1490 4197 1541 4233 4-
1560 4184 1673 4247 adsertor

348 4270 404 4306 a-
423 4257 448 4306 4.
466 4258 572 4307 cuades
588 4270 641 4321 ag;
661 4255 750 4308 44444444
766 4261 776 4308 4
794 4286 821 4294 -
840 4260 934 4323 resecat
950 4260 961 4309 t
978 4284 1006 4295 -
1028 4258 1053 4309 8.
1071 4259 1202 4319 rodanone
1218 4258 1257 4309 dte
1273 4258 1326 4321 ipso
1344 4258 1352 4308 4
1372 4283 1399 4294 -
1419 4258 1443 4309 9.
1460 4260 1544 4325 setila·
1561 4260 1646 4310 amata
1663 4260 1673 4309 t

349 4357 377 4370 ·-
390 4332 474 4381 delata
490 4334 566 4392 sgt:
586 4332 664 4382 deleta
680 4332 708 4392 b,
720 4334 750 4381 ut
760 4330 843 4381 voluit
854 4334 913 4384 Cer.
925 4336 1004 4385 Peter
1016 4334 1049 4396 (ln
1062 4330 1152 4384 Pbllol.
1165 4334 1234 4394 Vlll,
1248 4346 1275 4399 p.
1289 4332 1362 4394 l29);
1379 4333 1443 4383 lecta
1458 4334 1468 4383 l
1485 4361 1514 4370 -
1532 4336 1572 4385 40.
1584 4334 1672 4398 prgam

347 4406 452 4471 golttom
468 4408 478 4456 t
495 4433 527 4443 -
544 4407 584 4456 tt.
602 4420 666 4457 caes.
682 4408 735 4471 (sic)
754 4411 803 4467 ut,
823 4422 912 4459 aomar
928 4422 944 4473 g
961 4437 987 4445 -
1007 4408 1198 4458 arbitrabantur
1214 4420 1230 4457 4
1250 4434 1276 4444 —
1296 4410 1336 4457 44.
1353 4414 1471 4470 potamau
1486 4407 1504 4458 b
1522 4408 1581 4459 lost.
1597 4410 1671 4458 recte

350 4510 377 4519 -
397 4480 437 4531 43.
455 4481 558 4530 circuiri
574 4486 611 4546 gt
629 4510 656 4519 -
681 4483 720 4534 44.
739 4484 823 4548 epredt
839 4485 865 4544 i;
890 4485 918 4535 nt
934 4484 967 4535 cl.
985 4497 1024 4534 or.
1043 4484 1091 4544 Xl,
1111 4480 1126 4547 5
1143 4481 1167 4533 l.
1189 4506 1212 4517 -
1239 4494 1286 4543 aar
1303 4496 1356 4533 om.
1375 4497 1391 4533 a
1409 4508 1437 4520 -·
1456 4483 1579 4534 wutwatt
1595 4484 1671 4546 agtl
1777 4525 1778 4528 ,

260 4608 264 4617 ,
350 4583 377 4593 -
397 4557 437 4605 lb.
452 4556 573 4620 aperibrts]
591 4557 635 4608 hie
652 4557 740 4608 delicit
756 4558 816 4609 cod.
835 4572 852 4623 g
870 4585 897 4595 -
916 4560 1014 4621 rupisset
1031 4556 1086 4608 bti
1105 4584 1132 4594 -
1153 4556 1192 4608 te.
1210 4558 1257 4608 col.
1274 4560 1331 4623 star.
1350 4559 1428 4610 abt:
1446 4562 1504 4625 (tor.
1522 4560 1568 4609 col.
1586 4560 1624 4608 40
1643 4586 1669 4595 -

349 4632 388 4683 ta.
401 4632 507 4682 44444444
524 4634 536 4681 4
553 4658 580 4668 -
600 4632 640 4682 ta.
659 4636 737 4683 amab
752 4632 771 4683 b
785 4660 812 4669 -
832 4635 873 4684 49.
891 4634 1019 4684 tabanum
1036 4638 1059 4683 ct
1075 4632 1246 4696 gladiatorum
1263 4635 1371 4699 scripsi:
1391 4634 1499 4685 tatrones
1517 4648 1559 4685 sn.
1571 4634 1672 4697 pladia-

348 4713 431 4758 terrm
446 4705 501 4768 bt;
520 4706 642 4757 latrarent
661 4722 702 4759 ‚aa
714 4710 880 4773 gladiatorem
895 4722 925 4764 at
944 4708 1067 4758 latronem
1078 4708 1113 4758 Μ.
1125 4707 1274 4771 Antonium,
1291 4709 1462 4773 gladiatorum
1478 4708 1516 4759 40
1531 4734 1555 4746 -
1576 4709 1616 4760 to.
1630 4710 1672 4758 ia-

347 4784 429 4832 maats
445 4796 501 4831 a-
519 4787 573 4831 tam
589 4784 683 4845 44444444
696 4786 707 4833 4
720 4810 747 4820 -
764 4784 806 4833 tl.
819 4784 972 4847 responderit
986 4796 1065 4845 aecae
1081 4795 1137 4833 eum
1154 4786 1164 4833 t
1183 4809 1211 4818 -
1229 4784 1309 4833 setosa
1319 4796 1372 4834 om.
1386 4783 1413 4833 b¹
1428 4811 1454 4821 -
1473 4784 1514 4835 23.
1530 4786 1672 4848 parriddia

347 4872 409 4908 a-
428 4859 588 4908 ctrarmrsaer
604 4857 658 4908 bt:
677 4860 823 4909 44444444οά4
838 4872 868 4919 4;
886 4860 1041 4909 circumsedit
1057 4859 1095 4908 40
1108 4884 1135 4893 -
1154 4864 1252 4909 nostras
1268 4858 1347 4909 abt:
1365 4864 1458 4910 vestros
1473 4861 1511 4911 io
1524 4888 1555 4899 -
1571 4859 1611 4911 il.
1631 4862 1670 4910 at-

346 4933 418 4983 osca
433 4945 448 4982 a
466 4932 523 4995 [sed
540 4939 568 4983 ot
584 4934 676 4983 corut
694 4936 756 4995 m),
774 4935 883 4984 4444444444
900 4938 911 4984 4
929 4960 957 4972 -
974 4936 1016 4985 ib.
1035 4935 1181 4984 444444νί44444
1197 4948 1211 4983 4
1230 4961 1257 4971 -
1276 4935 1317 4986 26.
1335 4937 1463 4986 4444444444
1479 4949 1494 4986 4
1514 4963 1541 4973 -
1560 4936 1670 4997 lapidea

349 5033 377 5043 -
396 5007 437 5057 27.
454 5007 550 5057 44444444
565 5010 601 5057 44
619 5034 647 5045 -
663 5023 689 5070 p.
707 5022 731 5059 r.
749 5022 777 5069 a;
795 5024 818 5059 r.
835 5023 862 5070 p.
875 5008 914 5059 bt
931 5034 958 5045 -
977 5010 1018 5059 28.
1037 5008 1151 5059 4444444444
1167 5011 1247 5060 adbuc
1263 5013 1289 5061 t:
1307 5012 1388 5061 adbuc
1405 5012 1518 5063 4444444444
1533 5011 1621 5061 abiO
1640 5038 1668 5047 -

347 5081 419 5130 4444444
434 5083 460 5131 t:
478 5082 532 5131 444444
548 5081 608 5131 abi
627 5110 654 5122 -
672 5084 841 5146 29.s'nport.t
859 5108 886 5121 —
902 5090 984 5149 posset
999 5084 1053 5135 bl:
1070 5087 1147 5147 possit
1164 5088 1225 5136 440
1239 5112 1265 5123 -
1284 5086 1325 5137 30.
1339 5088 1450 5152 designat
1467 5090 1494 5147 t;
1513 5087 1603 5137 (44444444
1618 5086 1668 5135 Er-

348 5156 418 5206 nesti
432 5158 494 5217 (non
511 5157 574 5208 item
592 5172 620 5218 a,
638 5161 668 5208 ut
683 5160 721 5209 444
736 5158 813 5211 Orelli
830 5159 887 5211 Vol.
904 5161 947 5221 lV,
964 5161 995 5221 Ξ,
1014 5173 1048 5224 p..
1059 5160 1115 5221 4490)
1133 5174 1211 5221 vere,
1229 5164 1258 5211 ut
1274 5160 1388 5213 videtur.
1407 5190 1440 5201 -
1456 5164 1487 5211 444
1503 5162 1511 5211 4
1530 5186 1557 5199 -
1582 5160 1621 5211 44.
1640 5163 1670 5211 dc

347 5244 402 5281 cru.
423 5233 434 5281 t
451 5258 479 5269 ·-
501 5232 542 5283 32.
560 5234 634 5285 444444
654 5234 697 5285 ab
707 5236 734 5285 t:
756 5248 810 5286 om.
831 5237 840 5285 4
856 5262 890 5273 -
911 5236 953 5286 43.
970 5236 1031 5299 torp.
1051 5240 1074 5285 et
1090 5249 1169 5299 aeque
1185 5234 1218 5300 b;
1240 5238 1415 5303 moraturos
1431 5236 1490 5287 444444
1504 5248 1583 5298 aeque
1599 5236 1667 5287 coni.

345 5306 457 5361 Ernesti.
1499 5358 1502 5365 .
