4009 6159
395 594 478 663 ⁴206
660 600 811 666 onlrlo
833 600 911 666 PRO
935 601 973 678 Q.
996 599 1162 666 LIGARIO
1185 601 1259 666 Car.
1274 601 1345 665 xil.
1365 598 1454 685 338.

394 773 473 836 sime
494 789 655 854 quaerere.
689 771 772 834 Nihil
795 777 842 834 est
862 777 926 834 tam
955 771 1106 855 populare
1129 791 1223 855 quam
1250 771 1392 847 bonitas:
1421 771 1510 836 nulla
1535 771 1574 835 de
1594 771 1720 836 virtudi-

393 866 453 928 bus
474 865 536 927 tuis
558 864 703 947 plurimis
724 884 783 928 neo
804 862 1021 929 admirabilior
1042 884 1102 928 neo
1123 866 1239 947 gratior
1259 864 1474 928 misericordia
1496 874 1553 928 est.
1586 863 1638 927 38.
1652 865 1721 928 llo·

393 959 494 1021 mines
515 959 599 1021 enim
621 959 661 1022 ad
683 958 758 1022 deos
780 957 868 1022 nulla
888 979 923 1022 re
944 959 1075 1043 propius
1096 959 1252 1023 accedunt
1273 977 1368 1043 quam
1390 959 1523 1023 salutem
1535 957 1720 1022 bominibus

208 1058 315 1168 (gs
393 1051 509 1116 dando.
531 1036 630 1123 (Nihil
650 1052 746 1138 borbel
767 1072 827 1116 neo
848 1052 976 1117 fortuna
997 1061 1051 1116 tua
1073 1055 1191 1128 maius,
1213 1072 1308 1137 quarn
1329 1059 1364 1116 ut
1386 1053 1506 1138 possis,
1527 1073 1587 1116 neo
1607 1060 1720 1116 natura

369 1143 534 1321 amelius?
555 1165 649 1230 quarn
682 1154 719 1209 ut
746 1147 824 1211 valis
853 1165 978 1211 servare
1009 1167 1103 1230 qnam
1134 1147 1299 1230 plurimos.
1335 1149 1524 1231 Longiorsm
1546 1148 1719 1211 orationem

392 1260 488 1304 eausa
539 1240 670 1304 forsitan
692 1242 842 1324 postulat,
862 1247 918 1304 tua
932 1249 1015 1304 certe
1034 1250 1144 1305 natura
1158 1242 1348 1305 breviorem.
1382 1242 1497 1316 Quare,
1520 1263 1592 1305 oum
1606 1241 1718 1304 utilius

392 1355 461 1400 esse
490 1335 623 1398 arbitrer
658 1342 689 1398 ta
717 1336 821 1419 ipsum
857 1356 952 1420 quarn
981 1356 1031 1398 me
1060 1345 1115 1399 aut
1142 1355 1333 1420 quemquam
1361 1336 1449 1418 loqsri
1479 1334 1717 1408 becuminem

390 1432 452 1495 iarn
473 1431 603 1494 faciam:
625 1436 745 1492 tantum
767 1438 797 1493 te
820 1430 1015 1506 admonebo,
1037 1431 1065 1494 si
1086 1429 1132 1493 illi
1155 1429 1279 1494 absenti
1301 1429 1435 1494 salutern
1458 1429 1600 1504 dederis,
1627 1446 1717 1513 prae·

392 1525 533 1589 sentibus
554 1524 605 1587 bis
628 1523 773 1586 omnibus
797 1523 952 1588 daturum.

458 1801 481 1849 t.
500 1795 720 1848 nullasnullas
735 1796 812 1848 affert
828 1795 1001 1857 Quintilianus
1018 1798 1087 1859 vili,
1105 1798 1134 1859 o,
1153 1795 1177 1846 3.
1199 1823 1226 1833 -
1253 1800 1289 1846 est
1311 1795 1399 1846 GE¹C
1422 1797 1451 1846 et
1469 1793 1656 1856 Quintilianus:
1683 1800 1720 1846 sat

390 1875 456 1925 euim
472 1871 531 1924 13²0
549 1899 576 1910 -
594 1873 665 1922 usella
675 1899 712 1910 --
722 1873 894 1926 misericordia
910 1879 944 1923 ast
961 1872 1038 1922 alieri
1048 1872 1209 1935 Augustinus
1228 1872 1258 1920 da
1274 1871 1342 1920 civit
1360 1870 1399 1921 dai
1415 1871 1463 1930 ill,
1476 1873 1500 1920 b.
1516 1896 1543 1907 -
1563 1872 1588 1920 2.
1603 1871 1719 1932 plasmas

392 1963 445 2000 om.
463 1949 631 2012 Augustinus.
653 1975 680 1985 -
696 1953 732 1998 asi
748 1961 801 1997 orn.
821 1949 839 1997 C
860 1974 886 1983 -
906 1946 930 1997 3.
949 1960 977 1997 re
994 1961 1047 1998 om.
1061 1949 1081 1997 G
1098 1973 1131 1984 -·
1148 1945 1172 1996 l.
1190 1946 1309 1994 Nubit--
1317 1945 1441 2008 plurimos
1457 1945 1534 1994 alleri
1548 1943 1718 2005 Quintilianus

391 2025 460 2086 Vlil,
479 2025 506 2083 d,
525 2023 549 2072 7.
565 2048 591 2058 -
610 2021 692 2084 babet,
712 2023 817 2083 Caesar,
835 2035 879 2072 ase
897 2021 1077 2082 Quintilianus.
1092 2048 1119 2058 -
1138 2026 1234 2072 natura
1250 2022 1300 2071 GC
1318 2023 1346 2070 et
1357 2018 1552 2081 Quintilianus:
1569 2025 1719 2071 obturatae

391 2099 455 2158 EO:
475 2097 508 2148 ol.
527 2097 685 2160 Madvigium
703 2097 791 2160 Opuso.
810 2099 882 2147 nond.
901 2099 925 2159 l,
944 2111 970 2162 p.
989 2098 1037 2148 lit
1056 2110 1081 2146 n.
1102 2124 1129 2134 -
1152 2098 1177 2146 b.
1195 2110 1298 2147 seruare
1314 2109 1392 2157 quom
1405 2097 1527 2158 plasmas
1542 2095 1620 2147 alieri
1635 2096 1720 2156 Quin-

392 2173 495 2224 tilianus
512 2172 558 2233 lli,
576 2170 604 2234 l,
623 2171 679 2222 tbi.
694 2197 720 2208 -
740 2173 764 2222 6.
784 2171 901 2222 ilnlmius
918 2173 1070 2236 suspicatur
1085 2174 1132 2222 aut
1147 2173 1254 2235 forsitan
1267 2172 1402 2234 postalmit
1418 2172 1465 2221 aut
1481 2171 1719 2233 tommassinius,

392 2250 421 2298 ut
438 2248 520 2298 estin
539 2249 657 2298 extrema
674 2245 785 2312 epistola
802 2246 837 2296 ad
854 2247 967 2298 Atticum
984 2249 1019 2309 ll,
1031 2247 1074 2307 23,
1086 2246 1115 2295 ³:
1134 2248 1281 2313 maqnbudo
1296 2248 1335 2299 rei
1351 2248 1452 2312 longam
1463 2247 1602 2298 orationem
1616 2247 1721 2310 [winus

392 2323 526 2384 desiderat,
549 2323 688 2372 coniunctio
709 2336 768 2373 asro
789 2327 932 2372 nostrorum
954 2324 1097 2372 animorum
1119 2321 1238 2373 bonuau
1253 2329 1369 2374 comenia
1384 2327 1427 2372 ast.
1448 2350 1475 2358 —
1500 2323 1523 2371 i.
1542 2333 1593 2371 essa
1609 2321 1720 2384 margini

392 2396 554 2460 adscriptum
578 2395 659 2447 habet
681 2398 701 2448 E
720 2425 746 2434 -
773 2411 850 2460 quam
871 2411 911 2448 ms
933 2399 994 2448 GE:
1019 2411 1095 2460 quum
1113 2402 1142 2447 ut
1157 2411 1196 2447 me
1212 2398 1247 2455 c:
1273 2411 1350 2460 quum
1366 2402 1411 2446 out
1427 2409 1465 2446 me
1482 2396 1502 2446 0
1521 2423 1548 2432 -
1572 2395 1597 2445 8.
1615 2401 1638 2445 ta
1654 2395 1718 2445 GE:

393 2477 415 2522 ts
430 2473 512 2534 ipsum
528 2471 611 2526 codd.¹
625 2471 716 2532 multi;
740 2479 762 2524 te
784 2473 882 2537 [ipsum]
899 2472 919 2522 0
940 2497 965 2510 ·-
989 2473 1085 2522 oedem
1100 2472 1211 2535 margini
1234 2471 1397 2537 adscriptum
1415 2469 1534 2521 babetE
1553 2497 1580 2507 -
1598 2471 1623 2520 9.
1641 2470 1718 2519 datas-

310 2577 313 2586 ·
392 2561 451 2598 rum
467 2545 540 2598 Gli¹:
559 2553 582 2598 ta
598 2549 716 2600 daiam
733 2548 803 2600 13²0.
822 2573 850 2584 -
870 2549 992 2599 Errnrcir
1007 2561 1054 2598 rao
1070 2549 1101 2610 Q.
1121 2548 1225 2598 Lroaaro
1241 2549 1277 2609 G}
1295 2547 1490 2612 subscriptione
1506 2548 1582 2598 caret
1596 2546 1626 2597 Ε.
