4009 6159
814 582 936 652 cres
962 579 1139 670 sss-s.
1581 574 1647 645 ros

316 756 424 824 testati
451 754 638 843 permissam
666 772 737 821 esse
764 754 871 820 sentit.
906 753 956 819 dn
984 755 1110 841 equites
1136 754 1320 819 Romanos?
1346 750 1531 817 Iudicabitis
1560 752 1647 835 priu-

317 853 404 939 cipos
434 852 504 917 eius
531 851 651 916 ordinis
673 849 923 937 quinquaginta,
952 848 1029 933 quid
1051 868 1122 914 oum
1144 847 1292 913 omnibus
1313 845 1485 910 senseritis.
1520 846 1570 909 An
1590 867 1648 931 po-

316 946 429 1030 pulum
449 946 649 1011 Romanum?
675 945 717 1010 At
736 945 765 1010 is
788 944 919 1029 quidem
941 962 1068 1008 omnem
1090 963 1180 1007 suam
1202 940 1243 1005 do
1263 938 1355 1006 nobis
1375 945 1564 1025 potestatem
1585 946 1648 1004 tra·

317 1039 400 1103 didit
419 1038 522 1103 rolris.
562 1039 667 1117 Quam
688 1038 729 1103 oh
750 1058 818 1103 rom
838 1037 903 1103 nisi
924 1035 986 1103 hoo
1007 1037 1095 1113 loco,
1121 1038 1185 1101 nisi
1207 1034 1291 1119 apud
1312 1055 1385 1111 vos,
1411 1034 1474 1098 nisi
1500 1054 1560 1119 per
1579 1053 1648 1110 ros,

316 1132 457 1210 iudices,
478 1153 544 1198 non
565 1134 800 1210 auctoritatem,
823 1151 906 1217 quas
927 1132 1044 1196 amissa
1063 1138 1131 1208 ost,
1154 1129 1211 1195 sod
1232 1130 1366 1194 salutem
1387 1136 1543 1206 nostram,
1564 1141 1671 1213 maes

317 1247 374 1311 spo
389 1228 507 1311 exiqua
521 1233 726 1312 extremaque
740 1226 877 1312 pendet,
895 1228 1109 1304 tenuerimus,
1130 1226 1213 1291 nihil
1227 1233 1277 1291 est
1289 1232 1470 1309 praeterea,
1493 1242 1559 1307 quo
1573 1243 1649 1287 uon·

316 1320 427 1404 fingere
447 1322 625 1405 possimus:
654 1321 717 1385 nisi
737 1319 836 1395 forte,
858 1342 941 1404 quae
962 1343 1015 1387 ros
1035 1320 1097 1385 hoc
1117 1320 1233 1387 iudicio
1254 1326 1407 1395 tentetur,
1429 1317 1507 1402 quid
1528 1324 1648 1399 agatur,

317 1416 369 1479 cui
390 1434 504 1480 causae
525 1414 731 1479 fundamenta
752 1414 926 1491 iaciuntur,
954 1416 1091 1491 iudices,
1112 1435 1179 1479 nun
1199 1415 1324 1480 videtis.
1360 1412 1390 1476 5.
1415 1411 1648 1478 condemnatus

318 1514 366 1573 est
386 1508 432 1583 is,
462 1510 518 1592 qui
540 1508 708 1573 Catilinam
737 1508 829 1593 signu
849 1510 970 1594 patriae
991 1507 1180 1574 inferentem
1200 1509 1377 1574 interemit:
1406 1507 1485 1593 quid
1506 1512 1556 1571 est
1575 1526 1650 1569 cau·

317 1621 389 1678 sao,
411 1622 469 1666 cur
489 1622 555 1666 non
575 1602 622 1678 is,
644 1604 700 1687 qui
723 1602 891 1667 Catilinam
914 1624 955 1667 ex
975 1602 1055 1667 urhe
1069 1604 1211 1688 expulit,
1232 1604 1458 1687 pertimescat?
1485 1600 1686 1685 Repetiturso

316 1695 357 1759 ad
385 1714 538 1781 monam,
571 1696 628 1781 qui
656 1696 777 1761 indicia
804 1697 981 1761 communis
1010 1698 1102 1762 exitii
1129 1700 1231 1782 cepit:
1263 1718 1320 1761 cur
1348 1696 1410 1761 sihi
1439 1690 1576 1757 confidat
1602 1694 1649 1770 is,

318 1788 375 1874 qui
403 1808 442 1854 ea
468 1790 660 1874 proferenda
687 1797 719 1855 et
748 1790 965 1874 patefacienda
986 1792 1130 1856 curavit?
1160 1792 1244 1856 Socii
1266 1789 1486 1863 consiliorum,
1513 1787 1649 1851 ministri

317 1884 514 1970 comitesque
536 1892 708 1950 vexantur:
730 1884 808 1969 quid
830 1892 988 1961 auctores,
1012 1883 1092 1969 quid
1113 1884 1227 1960 duces,
1251 1885 1329 1970 quid
1343 1884 1503 1968 principes
1518 1882 1580 1946 sihi
1593 1903 1650 1946 ex·

317 1980 486 2061 spectent?
517 1980 623 2063 Atque
644 1978 767 2043 utinam
788 1978 910 2043 inimici
931 1979 1034 2042 nostri
1055 1998 1092 2042 ac
1111 1979 1270 2043 honorum
1285 1977 1427 2042 omnium
1445 1997 1570 2042 mecum
1590 1997 1650 2062 po·

317 2072 382 2136 tius
396 2072 420 2153 ³5
435 2070 630 2138 contendant
650 2079 757 2138 utrum
778 2078 845 2137 arm
866 2092 976 2139 omnes
997 2072 1075 2135 honi
1097 2073 1195 2137 duces
1215 2072 1315 2138 nostri
1328 2091 1371 2137 an
1385 2072 1517 2138 comites
1530 2070 1686 2136 tuermto

318 2165 359 2229 ad
381 2186 581 2233 communem
603 2166 851 2233 conservandam
872 2165 1007 2231 salutem
1030 2163 1049 2200 *
1062 2162 1111 2201 Η

1778 1879 1796 1913 sl

1777 1940 1797 1963 Λ

578 2310 778 2377 liniensem
797 2331 819 2376 s
841 2310 1042 2375 senonum
1062 2310 1216 2375 Borrnnsr
1237 2328 1390 2375 nivers.

403 2432 621 2518 strangulatos
643 2432 755 2499 maluit
776 2431 892 2498 dicere.

404 2523 491 2601 Quid
512 2527 573 2591 sibi
594 2547 685 2592 meus
706 2530 903 2593 necessarius
929 2526 1042 2594 Caetra
1062 2527 1185 2593 voluit?

405 2620 491 2695 Quid
512 2641 588 2686 vero
609 2622 793 2686 Decianus?
1658 2634 1688 2682 so

402 2713 528 2781 Utinam
550 2723 634 2781 esset
654 2717 783 2801 proprie
804 2716 893 2781 moal
927 2716 1062 2782 Senatus
1083 2716 1181 2800 igitur
1201 2733 1316 2801 magna
1337 2736 1378 2781 ex
1399 2723 1490 2801 parto
1513 2713 1562 2751 Η
1577 2716 1597 2751 ³*

277 2894 287 2909 Ι
401 2807 457 2886 Di,
478 2808 628 2893 inquam,
649 2810 862 2875 imruurtalesl
894 2811 1068 2875 Lentulum
1089 2808 1141 2846 *⁴*
1154 2807 1174 2845 *

736 2953 956 3018 Fnsouesrru
978 2971 1230 3019 usoronsosssr.

408 3069 459 3109 Η
473 3068 492 3107 ³*
514 3076 681 3137 externum
687 3050 776 3169 (curn
797 3074 972 3141 domestica
985 3075 1051 3143 vita
1064 3081 1239 3161 naturaque
1254 3055 1437 3167 constaret.)
1459 3075 1572 3160 ltaque
1584 3095 1651 3140 non
1718 3027 1822 3150 ¹27²

317 3167 439 3252 patiar,
461 3169 500 3230 l).
521 3166 627 3243 Laeli,
650 3174 681 3231 te
704 3168 763 3232 tibi
783 3168 845 3232 hoo
866 3190 989 3234 sumere
1009 3176 1106 3255 atque
1120 3168 1203 3232 hanc
1217 3169 1330 3232 ceteris
1344 3168 1379 3232 in
1392 3175 1571 3253 posterum,
1592 3183 1689 3234 no-rt

318 3262 368 3327 bis
390 3263 424 3325 in
444 3279 596 3346 praesens
617 3267 744 3345 tempus
766 3261 870 3346 legem
893 3261 1175 3346 conditionemque
1198 3259 1281 3297 *Η

405 3354 485 3419 Cum
512 3354 759 3420 adolescentiam
788 3356 926 3434 notaris,
954 3378 1027 3421 cum
1058 3356 1217 3441 reliquum
1237 3362 1362 3442 tempus
1383 3357 1497 3423 aetatis
1518 3358 1652 3445 turpitu-

320 3448 406 3513 dinis
428 3448 561 3513 maculis
584 3449 817 3532 consperseris,
841 3471 912 3514 cum
933 3450 1126 3536 privatamm
1147 3470 1252 3515 rerum
1268 3450 1392 3528 ruinas,
1414 3472 1486 3516 eum
1502 3452 1653 3519 domesti-

318 3564 372 3608 cas
393 3542 498 3619 labes,
531 3563 602 3609 cum
631 3542 785 3609 urbanam
807 3544 987 3621 infamiam,
1021 3565 1093 3609 cum
1114 3543 1302 3631 Hispaniae,
1333 3545 1471 3621 Galliae,
1505 3546 1651 3622 Ciliciae,

318 3637 447 3712 Cretae,
477 3636 593 3720 prinus
619 3636 654 3700 in
684 3637 857 3721 provinciis
878 3658 945 3703 non
966 3639 1101 3703 obscure
1121 3648 1264 3704 versatus
1286 3647 1352 3716 est,
1381 3639 1459 3705 vitia
1480 3647 1513 3704 et
1532 3641 1690 3725 llaqitiaao

317 3732 504 3817 protuleris,
534 3737 601 3794 tum
624 3730 780 3816 denique,
811 3732 887 3816 quid
909 3734 1064 3799 Tmolitae
1087 3742 1120 3798 et
1139 3734 1310 3819 Lorymeni
1331 3735 1372 3798 de
1393 3735 1429 3797 L.
1450 3734 1564 3798 Flacco
1587 3737 1653 3800 exi·

317 3826 464 3903 stiment,
497 3824 671 3891 audiemus.
716 3826 820 3901 Quem
846 3846 923 3891 veru
952 3834 1000 3892 tot
1029 3834 1095 3892 tam
1122 3846 1299 3913 gravesque
1324 3828 1507 3913 provincius
1529 3830 1652 3894 salsum

318 3940 391 3985 esse
421 3918 563 4005 cupiant,
594 3939 691 4005 quem
718 3918 846 4003 plurimi
876 3921 960 3986 cives
986 3928 1052 3986 tota
1080 3942 1120 3985 ex
1149 3920 1240 3985 Italia
1262 3920 1398 3987 devincti
1419 3923 1653 3989 necessitudine

387 4174 412 4225 t.
430 4172 521 4225 moda
536 4172 556 4223 T
574 4198 602 4209 -
620 4170 946 4224 iudicabitis-wensonis
961 4170 1045 4225 hebet
1060 4173 1080 4224 B
1094 4198 1122 4209 -
1140 4172 1165 4224 2.
1185 4172 1253 4238 quid]
1270 4173 1651 4236 φάη-3103114303.

319 4247 511 4301 llemmisnus:
530 4246 598 4297 bono
615 4246 717 4298 STAF
736 4270 763 4283 -
783 4248 931 4298 nadttTet
946 4249 1018 4313 pr.S
1037 4272 1065 4283 -·
1083 4248 1108 4299 8.
1122 4246 1347 4301 CoudsmuotusB:
1365 4249 1500 4302 donnolus
1515 4255 1607 4308 ceteri.
1622 4281 1650 4293 -

320 4324 362 4373 td.
376 4322 473 4385 upon:
483 4320 675 4385 Pantagathus:
692 4322 785 4385 repulit
794 4322 814 4371 B
823 4323 844 4373 Α
853 4322 883 4381 F:
901 4322 1011 4384 reppulit
1021 4323 1048 4372 S.
1065 4322 1136 4373 Fert.
1145 4324 1250 4386 pepulit.
1261 4350 1294 4363 -
1305 4324 1439 4390 nepem]
1450 4328 1650 4391 sopitos-Tit-

320 4398 362 4447 tt.
374 4397 439 4460 cepit
454 4396 542 4447 S'l'l:
561 4396 658 4459 :comit
672 4409 721 4446 «ex
738 4408 791 4446 uno
808 4398 911 4446 tantum
921 4393 1006 4448 libro»
1019 4396 1105 4448 FLO.
1124 4398 1163 4449 Cl.
1176 4398 1192 4463 5
1204 4399 1260 4451 103.
1272 4425 1306 4437 -
1321 4413 1369 4449 csr
1384 4399 1590 4455 macanos:
1603 4405 1654 4456 ha-

319 4468 368 4521 bet
387 4471 407 4520 B
428 4496 455 4505 -
480 4469 520 4522 ll.
537 4470 616 4521 nestri
631 4471 648 4521 s
666 4494 694 4505 —
714 4470 755 4520 ld.
774 4470 935 4533 coccedunt,
952 4476 1040 4523 seruc
1055 4477 1109 4523 tren
1124 4474 1267 4525 Gruterus:
1284 4475 1433 4526 mntondoeet
1447 4480 1535 4527 wem
1549 4482 1603 4529 tuo
1619 4484 1655 4531 est

319 4550 374 4595 tom
390 4546 419 4604 s:
438 4549 492 4595 tom
507 4549 542 4595 ast
556 4549 643 4595 mnan
659 4548 713 4595 nan
729 4544 791 4608 (om.
804 4546 961 4611 contusione)
974 4548 994 4598 Τ
1007 4558 1069 4597 cum
1085 4559 1184 4598 novem
1195 4547 1274 4598 codd.
1286 4550 1525 4613 sagomsmintanis
1537 4556 1564 4603 et
1575 4556 1654 4617 quat-

320 4622 382 4671 tuor
397 4619 603 4682 oxonienstbus;
625 4626 671 4670 not
692 4624 728 4671 :ot
747 4623 905 4671 semanimo
920 4633 990 4673 unus
1007 4622 1090 4673 oxon.
1109 4623 1137 4673 et
1151 4634 1207 4673 sor.
1226 4624 1351 4687 Lageam
1372 4624 1535 4677 oontoudmt:
1555 4632 1655 4680 mun

320 4702 356 4747 est
371 4700 458 4746 utrum
480 4697 588 4755 tonum
610 4694 883 4746 conmonuemus
902 4700 987 4747 mmm
1006 4696 1055 4747 FL
1076 4724 1104 4734 -
1126 4698 1207 4747 nosci
1222 4710 1277 4749 om.
1295 4699 1313 4747 S
1331 4724 1359 4734 -
1381 4698 1422 4749 19.
1442 4700 1507 4763 Quid
1526 4701 1652 4754 Orellirm:

321 4771 394 4834 ossod
408 4772 429 4821 B
449 4794 477 4806 -
497 4770 596 4833 Coeno]
614 4770 726 4821 Gncsrco
742 4768 861 4820 orellius.
880 4795 913 4808 -
935 4770 977 4823 it.
995 4771 1137 4837 menneo]
1158 4772 1225 4835 sttd
1239 4771 1342 4823 mnus:
1356 4772 1473 4826 ndlu‘does
1489 4776 1655 4828 mosim

319 4851 452 4899 moso
469 4856 532 4895 cum
548 4845 642 4896 Beioro
659 4845 680 4896 0
697 4868 724 4880 -
748 4844 791 4895 io.
808 4844 1029 4910 conscensoque]
1050 4845 1242 4898 Desiderantur
1258 4846 1384 4899 undecim
1399 4860 1496 4902 remus
1514 4850 1655 4903 duodene-

319 4932 383 4971 rum
404 4919 460 4972 iere
481 4918 642 4980 litterarum
665 4918 879 4982 oooddtocsmqns
894 4924 1015 4981 suemus,
1040 4924 1069 4970 ot
1084 4921 1235 4985 &Mones
1248 4928 1349 4973 muros
1364 4923 1400 4973 od
1414 4929 1592 4976 nomm
1607 4939 1655 4977 os·-

321 4992 425 5045 bttetom
440 4996 665 5057 oaemncwdomse,
681 4995 1222 5059 conomtomsuodttlomeootontiocsm,
1240 4996 1275 5048 nd
1291 5000 1654 5063 quoensosooosotpsude-

321 5069 664 5121 montcnmlteieroo-
686 5069 976 5121 iiodutssosottomc
996 5097 1025 5107 —
1046 5070 1234 5123 minone-
1258 5072 1654 5137 ltltolttceC-Loepmoni

322 5144 503 5195 Heinrichius:
525 5144 616 5195 Lorsct
632 5144 666 5206 c;
692 5143 841 5206 Dmulursos
856 5145 1048 5197 Mommsenius
1066 5144 1124 5198 coll.
1143 5145 1159 5210 5
1175 5146 1217 5198 33.
1233 5172 1268 5185 ·-
1290 5146 1330 5198 33.
1348 5148 1525 5200 musitantes
1539 5161 1572 5198 co
1586 5153 1656 5200 osts-

323 5224 412 5271 stotsm
423 5221 457 5282 C:
475 5220 795 5272 commotiunculam
807 5222 899 5273 Maius.
918 5220 987 5273 «Sed
1001 5225 1112 5272 emtus
1126 5220 1204 5287 plane
1221 5223 1265 5274 hic
1280 5222 1389 5287 ponitur
1398 5226 1554 5288 proconeso
1564 5222 1654 5275 unid-

324 5294 363 5347 tio
377 5308 400 5348 s.
417 5296 600 5361 consectudioe,
617 5298 648 5348 ut
662 5297 691 5348 tn
705 5294 845 5350 Planciano
861 5308 886 5351 o.
903 5295 946 5361 lt,
964 5294 1013 5350 ubt
1027 5295 1138 5351 consule
1153 5298 1351 5351 Gamwnium.»
1367 5298 1413 5351 on.
