4009 6159
429 523 512 595 lieo
805 532 955 597 enisio
977 532 1057 598 Plio
1079 533 1121 596 ia.
1142 529 1359 596 MARCELLO

428 703 598 785 spicionem
627 709 729 777 tuam,
757 723 838 786 quae
869 722 932 766 non
954 702 1010 766 tihi
1032 703 1092 786 ipsi
1114 702 1212 783 magis
1234 721 1327 782 quam
1351 719 1422 764 cum
1444 699 1590 764 omnihus
1610 699 1749 776 civibus,

427 802 494 862 tum
523 797 660 861 maxime
688 797 795 869 nobis,
823 797 878 879 qui
898 816 916 859 a
938 805 969 859 ie
991 797 1166 860 conservati
1188 815 1312 868 sumus,
1339 793 1534 879 providenda
1555 803 1620 858 est:
1647 815 1747 880 wem

426 891 484 955 etsi
515 909 608 972 spero
639 910 710 957 sose
737 890 865 964 falsam,
896 899 1001 954 lamen
1022 910 1192 970 numquam
1215 888 1401 952 extenuabo.
1444 890 1512 951 Tua
1534 889 1620 953 enim
1640 890 1746 954 cautio

425 989 533 1046 nostra
554 985 659 1048 cautio
680 992 743 1058 est,
765 991 818 1058 ut,
841 984 868 1047 si
890 984 923 1046 in
945 983 1095 1048 alterutro
1117 981 1310 1065 peccandum
1333 981 1390 1056 sit,
1413 981 1519 1047 malim
1534 981 1634 1046 videri
1648 983 1745 1050 nimis

401 1074 551 1142 ctimidus
579 1098 674 1160 quam
702 1099 814 1161 parurn
835 1078 983 1161 prudens.
1025 1075 1086 1139 Sed
1108 1075 1254 1160 quisnam
1275 1081 1325 1138 est
1344 1076 1403 1140 istc
1425 1083 1489 1138 um
1512 1075 1663 1140 demensi
1694 1079 1743 1140 De

423 1168 547 1234 tuisne?
569 1205 612 1216 -
638 1173 761 1236 tametsi
790 1175 847 1256 qui
875 1171 975 1253 magis
1005 1178 1078 1233 suni
1105 1170 1150 1232 tui
1173 1189 1268 1250 quam
1291 1167 1405 1253 quihus
1427 1177 1461 1233 iu
1483 1170 1616 1236 sautem
1637 1172 1744 1254 inspe-

198 1217 386 1374 aa
423 1263 862 1424 u's
875 1260 1055 1423 aziaco
1068 1283 1210 1440 arla
1230 1235 1742 1424 astrueremus

740 1381 759 1421 u
853 1382 877 1423 il
1038 1404 1047 1432 r
1111 1403 1121 1432 r
1293 1421 1301 1436 ,
1728 1393 1745 1406 “

421 1456 511 1531 ptus,
531 1451 626 1518 huius
645 1453 742 1520 uitam
762 1473 827 1516 nou
848 1458 1020 1535 anteponat
1040 1471 1127 1516 suae.
1158 1453 1207 1516 Aa
1229 1451 1256 1516 si
1278 1451 1357 1516 nihil
1379 1452 1425 1517 tui
1447 1451 1586 1534 cogitent
1605 1452 1745 1528 sculcas,

387 1543 596 1610 locauendum
617 1553 664 1613 ou
684 1566 724 1610 ne
743 1547 821 1630 quid
843 1547 989 1610 inimicit
1024 1545 1110 1620 Quia
1132 1565 1241 1610 omnes
1254 1547 1356 1619 enim,
1379 1546 1434 1629 qui
1448 1545 1592 1620 fuerunt,
1614 1553 1669 1609 aut
1684 1567 1744 1612 sua

421 1638 593 1719 pertinacia
614 1641 710 1706 vitam
732 1638 905 1704 amiserunt
924 1647 980 1702 aut
1000 1646 1054 1704 tua
1075 1639 1288 1704 misericordia
1307 1638 1522 1712 retinuerunt,
1543 1646 1650 1704 utaut
1663 1639 1744 1706 nulii

421 1733 580 1814 supersint
609 1733 650 1799 de
679 1734 814 1800 inimicis
842 1741 897 1796 aut
925 1734 981 1815 qui
1011 1733 1138 1798 luerunt
1159 1733 1223 1796 sint
1243 1733 1435 1796 amicissimi.
1478 1729 1529 1798 22.
1551 1731 1614 1796 Sed
1635 1740 1742 1798 tamen

254 1817 330 1938 2⁷¹³
420 1843 497 1984 2:¹3:
514 1825 866 2002 *antistitii
886 1835 992 1986 ‘itti
1014 1826 1547 2002 illidi-{tt:²lllttttl'’
1566 1845 1740 2003 iffi}

383 2019 468 2078 saort
489 2013 630 2079 omnium
651 2022 715 2082 mur
736 2015 1008 2096 iuncturarum,
1030 2022 1093 2080 tam
1116 2013 1203 2078 rudis
1226 2015 1258 2079 ia
1280 2033 1314 2077 re
1334 2013 1477 2096 publica,
1500 2019 1562 2078 iem
1577 2013 1655 2080 nihii
1669 2036 1738 2078 um·

419 2125 513 2189 quam
540 2126 602 2174 neo
628 2108 669 2173 de
695 2128 753 2174 sua
780 2129 838 2174 uec
860 2108 900 2172 de
921 2106 1078 2174 communi
1108 2107 1208 2174 salute
1230 2107 1390 2189 cogitans,
1420 2106 1476 2189 qui
1498 2126 1563 2172 nou
1583 2108 1738 2191 intelligat

419 2207 474 2265 tua
495 2199 596 2267 suuis
617 2203 772 2270 contineri
793 2221 882 2267 suam
903 2210 935 2266 et
957 2222 997 2266 ex
1018 2202 1113 2267 unius
1134 2206 1188 2265 tua
1209 2201 1272 2266 vita
1293 2199 1433 2285 pendere
1456 2201 1619 2268 omnium?
1640 2201 1737 2285 liqui·

419 2293 490 2356 dem
512 2294 552 2358 de
573 2302 606 2360 te
626 2295 694 2362 dies
714 2303 902 2380 noctesque,
932 2306 967 2361 ut
988 2297 1102 2369 deheo,
1124 2296 1267 2378 cogimus
1289 2315 1379 2358 casus
1400 2294 1563 2360 dumtaxat
1582 2293 1738 2358 humanos

420 2396 451 2451 ei
464 2389 600 2455 incertos
615 2397 747 2456 euentus
761 2390 950 2455 ualetudinis
964 2398 997 2451 et
1015 2397 1145 2454 naturae
1160 2388 1335 2452 communis
1350 2388 1549 2470 fragilitatem
1565 2389 1735 2454 extimesco

381 2481 592 2565 occisoque,
621 2504 693 2546 cum
716 2504 765 2546 res
788 2483 914 2566 publica
936 2483 1120 2561 immortalis
1142 2503 1213 2546 esse
1235 2483 1364 2556 debeat,
1395 2501 1465 2545 eam
1486 2482 1521 2544 ia
1542 2483 1634 2546 unius
1655 2501 1737 2546 mor·

418 2575 490 2642 telis
510 2577 615 2644 anima
636 2578 820 2642 consistere.
863 2574 914 2640 23.
938 2578 971 2642 Si
993 2598 1068 2641 uero
1098 2577 1314 2642 adhumanas
1336 2595 1427 2641 casus
1448 2577 1649 2659 incertosque
1669 2595 1736 2638 nro-

417 2678 470 2734 tus
498 2671 687 2738 ualetudinis
715 2671 843 2735 sceleris
872 2672 966 2734 etiem
996 2671 1126 2737 accedat
1152 2671 1403 2754 insidiarumque
1427 2669 1614 2744 consensio,
1642 2689 1736 2752 quem

419 2764 530 2838 deum,
551 2764 578 2828 si
600 2765 723 2847 cupiat,
745 2785 840 2847 posse
861 2765 1010 2848 opitulari
1032 2765 1078 2830 rei
1100 2765 1245 2848 publicae
1267 2763 1453 2830 credamus?

500 2859 583 2928 v111.
606 2858 721 2926 Omnia
741 2867 816 2925 suat
836 2859 1003 2923 excitanda
1025 2859 1098 2933 tibi,
1122 2857 1154 2922 C.
1172 2859 1302 2933 Caesar,
1323 2859 1396 2932 ani,
1418 2877 1499 2942 quac
1520 2858 1623 2922 iacere
1636 2859 1733 2922 sentis

379 2950 492 3018 aleia
512 2952 613 3036 ipsius
636 2953 772 3036 impetu,
794 2953 881 3038 quod
902 2972 1032 3019 necessa
1053 2953 1129 3026 fuit,
1151 2951 1296 3038 perculsa
1310 2959 1405 3034 atquo
1426 2958 1595 3035 prostrata:
1618 2952 1733 3016 consti·

415 3044 533 3110 tuenda
561 3045 698 3122 iudicia,
724 3048 902 3114 revocanda
933 3045 1028 3120 lidos,
1059 3046 1311 3129 comprimendae
1339 3044 1504 3120 libidines,
1532 3045 1735 3130 propaganda

416 3139 560 3212 subolem
583 3142 707 3215 omnia,
727 3160 811 3224 quae
831 3141 955 3223 dilapsa
975 3141 1038 3204 iarn
1053 3139 1273 3214 diffluxerunt,
1295 3141 1414 3205 severis
1430 3139 1552 3222 legibus
1566 3137 1734 3204 uincienda

415 3240 497 3301 suut.
540 3230 591 3302 ai.
617 3236 690 3300 Nou
715 3235 777 3301 fuit
807 3236 1014 3300 recusamum
1043 3236 1076 3297 ia
1103 3240 1189 3298 unio
1211 3234 1295 3300 civili
1316 3234 1418 3309 bello,
1451 3240 1537 3297 tanto
1559 3233 1733 3298 animorum

415 3327 528 3396 ardore
550 3335 581 3395 et
601 3347 775 3402 armorum,
797 3330 876 3413 quia
899 3335 1046 3412 quassata
1067 3349 1117 3392 res
1139 3328 1279 3411 publica,
1301 3329 1493 3413 quicumque
1512 3326 1589 3390 belii
1604 3334 1733 3391 eventus

378 3420 544 3495 sciuisset,
572 3421 671 3491 mulia
698 3423 844 3505 perderet
870 3432 902 3486 et
930 3432 1115 3490 ornamenta
1137 3422 1296 3505 dignitatis
1318 3431 1350 3486 et
1378 3421 1536 3505 praesidia
1556 3419 1734 3484 stabilitatis

414 3533 508 3589 suae,
533 3514 696 3598 multaque
725 3524 858 3600 uterque
887 3517 951 3578 dun
978 3515 1097 3581 iaceret
1125 3525 1278 3592 umatus,
1309 3536 1392 3600 quae
1413 3515 1499 3582 idem
1519 3521 1645 3598 topatus
1666 3510 1734 3580 fieri

477 3871 502 3921 3.
519 3872 611 3934 sairam
630 3884 680 3921 esse
700 3871 720 3920 E
742 3897 769 3906 -
795 3876 877 3920 tamea
897 3883 1034 3933 numquam
1052 3872 1116 3921 GE:
1143 3885 1281 3934 numquam
1305 3877 1388 3922 tamea
1408 3873 1488 3924 suo
1508 3899 1535 3910 -
1557 3874 1731 3928 mosaice

412 3947 448 3996 E:
468 3946 607 3996 catanance
621 3946 702 3996 omma
719 3947 787 4005 ΜΗ
805 3945 885 3994 vain
900 3947 1038 3996 animando
1053 3947 1082 3996 0.
1110 3946 1276 4012 interpolatio
1293 3949 1348 3998 oria
1366 3947 1470 3997 uidetur
1487 3960 1519 3997 ex
1536 3960 1595 4012 pag.
1614 3949 1687 4009 4486,
1706 3950 1730 3998 9.

415 4049 442 4058 -
461 4021 485 4072 i.
504 4029 539 4071 esi
559 4028 646 4073 nostru
665 4023 748 4072 cautio
765 4023 783 4071 i'
803 4045 829 4056 —
857 4027 884 4069 aa
903 4023 924 4070 u'
946 4023 971 4070 ia
993 4023 1115 4070 oiierniro
1135 4025 1289 4084 peccandum
1310 4023 1341 4072 sil
1358 4023 1374 4071 S
1392 4023 1417 4071 in
1434 4020 1574 4082 lemmate;
1599 4025 1685 4085 quode
1704 4026 1732 4074 ia

411 4097 532 4146 altomuro
546 4097 699 4158 peccandum
715 4097 746 4145 aii
763 4097 833 4146 idem
850 4097 875 4146 in
893 4095 1002 4146 scholio.
1029 4098 1175 4147 Priscianus
1191 4099 1222 4158 V,
1242 4099 1282 4158 ti,
1301 4098 1332 4148 63
1350 4111 1382 4147 ex
1404 4099 1533 4148 memoria
1550 4097 1640 4149 alieri:
1666 4103 1732 4162 quod

411 4172 479 4220 siin
500 4171 622 4222 alienum
639 4173 792 4234 peccandum
809 4173 854 4231 el,
879 4173 966 4222 malim
981 4173 1082 4222 lucidus
1098 4186 1174 4234 qaam
1192 4186 1285 4234 parcan
1303 4173 1413 4234 prodeas
1433 4172 1525 4232 υἰάσνῑς
1552 4172 1624 4227 idem
1640 4175 1686 4237 Vi,
1704 4177 1730 4237 7,

412 4247 457 4297 35:
480 4247 615 4307 quoditie
636 4248 756 4298 σὶιοκιιινο
775 4247 928 4308 pxcaudum
948 4248 987 4297 sii.
1011 4275 1037 4284 -
1065 4247 1146 4313 simu]
1168 4249 1249 4312 asapia
1271 4248 1295 4297 lii
1315 4274 1340 4283 -
1366 4249 1390 4298 5.
1410 4247 1532 4310 qaam]
1550 4250 1606 4310 pau
1621 4251 1639 4301 F
1657 4276 1684 4288 -
1705 4253 1729 4303 6.

411 4323 694 4372 tamaoi--recciuisti
709 4323 833 4373 ΜΕ·-
853 4323 957 4383 tamem
973 4323 1090 4373 cisiii-
1110 4323 1134 4372 7.
1153 4336 1187 4372 aa
1203 4335 1236 4372 ec
1251 4323 1296 4371 loc
1312 4322 1375 4372 GE:
1393 4335 1429 4372 aa
1444 4335 1477 4372 ec
1492 4335 1521 4373 co
1537 4322 1635 4386 Πίος
1655 4332 1683 4376 ot
1699 4341 1732 4380 erc

412 4410 440 4448 ae
457 4397 515 4446 Car.
535 4396 574 4445 l'r.
592 4397 761 4448 liermanaua
780 4398 807 4448 iu
828 4397 861 4447 N.
878 4399 943 4447 liae.
962 4398 1037 4448 uter.
1057 4398 1147 4460 (isia.)
1165 4397 1222 4448 Vol.
1241 4399 1288 4458 iV,
1308 4411 1365 4462 pag.
1385 4397 1447 4459 3t7;
1471 4411 1505 4450 on
1521 4412 1554 4450 aa
1569 4399 1614 4450 iac
1629 4415 1732 4452 umero

413 4471 500 4535 glossa
511 4472 615 4524 uidetur
626 4473 813 4527 iiomrnscuio;
833 4470 949 4525 Halmius
966 4472 1054 4522 deicio
1070 4488 1104 4522 aa
1117 4473 1205 4524 iocum
1217 4476 1337 4524 sanatum
1350 4473 1471 4537 putat—
1487 4471 1539 4526 aaa
1548 4476 1573 4526 li
1584 4503 1619 4514 -·
1633 4478 1658 4530 8.
1670 4478 1730 4543 ulio]

411 4548 488 4598 ilici
508 4575 534 4584 -
553 4549 577 4597 ii.
595 4545 642 4608 Aa]
660 4551 688 4596 at
704 4547 721 4595 l'
740 4571 768 4582 -
790 4546 853 4594 aiiii
877 4547 1028 4598 iaiGEii:
1052 4547 1275 4598 iaiaiiu'WO-
1298 4548 1731 4614 ii.p1u{uerueiGE¹:puea-

410 4622 557 4685 perfuerunt
576 4622 692 4672 uilio
711 4649 744 4658 -
764 4619 803 4670 ti.
824 4620 887 4684 qua]
905 4623 948 4682 qai
964 4623 990 4672 lii
1010 4648 1035 4658 -
1056 4623 1095 4672 46.
1114 4637 1158 4674 aaa
1174 4625 1234 4674 anie
1251 4624 1280 4672 de
1296 4635 1343 4673 aaa
1359 4635 1413 4674 our.
1432 4624 1449 4673 l'
1466 4651 1498 4660 -
1514 4627 1647 4688 conrasas]
1664 4628 1731 4677 omni

413 4697 455 4747 vel
475 4698 586 4746 omnium
603 4698 628 4748 il
646 4722 672 4731 -
692 4697 733 4746 ti.
751 4709 784 4746 ea
799 4697 872 4746 umus
887 4701 933 4746 ina
947 4697 1001 4744 aaa
1015 4699 1121 4758 pendere
1137 4699 1221 4748 anaia
1238 4697 1293 4760 (sic)
1311 4697 1387 4748 alleri
1404 4697 1489 4748 Schoi.
1508 4699 1606 4750 Lucani
1623 4699 1653 4763 V,
1672 4701 1729 4752 686.

412 4797 445 4809 -
463 4771 519 4825 ulio
540 4771 574 4820 C:
596 4772 675 4820 viimo
691 4773 711 4820 0
728 4784 790 4823 curn
806 4771 865 4822 cod.
883 4772 1000 4822 Parisino
1018 4772 1090 4822 7830.
1111 4799 1137 4810 —
1157 4775 1197 4824 so.
1216 4775 1280 4836 com]
1297 4779 1350 4824 lom
1366 4776 1386 4823 G
1405 4802 1431 4810 -
1451 4775 1492 4824 ai.
1509 4781 1591 4826 aulas
1606 4776 1638 4827 C:
1657 4789 1730 4828 evcn-

412 4853 451 4898 ιω
468 4847 497 4894 0.
521 4845 560 4895 ct.
581 4860 605 4894 u.
624 4847 665 4897 ia.
683 4873 715 4882 —
731 4847 772 4896 ti.
791 4847 884 4897 accedo
901 4848 949 4897 GE
969 4875 994 4883 -
1020 4847 1061 4898 id.
1079 4847 1108 4912 ri]
1126 4854 1148 4898 si
1164 4851 1185 4898 si
1203 4850 1231 4908 F;
1254 4850 1329 4900 eiiam
1345 4851 1366 4898 ai
1382 4851 1407 4900 li
1425 4875 1452 4884 -
1473 4863 1543 4912 posse
1558 4851 1677 4914 opimi
1693 4853 1727 4902 G:

412 4921 531 4984 maiori
547 4933 618 4982 posse
633 4921 654 4969 0
673 4947 700 4956 -
718 4920 758 4971 si.
778 4921 804 4972 C.
823 4922 854 4970 F:
878 4921 899 4970 G
916 4923 954 4977 liz
974 4936 1027 4974 our.
1047 4924 1094 4972 GE
1114 4949 1140 4958 -
1164 4923 1216 4986 cai]
1235 4923 1260 4972 ia
1277 4927 1298 4974 G
1315 4952 1348 4961 -
1363 4926 1402 4976 25.
1423 4925 1515 4987 inipetu
1530 4927 1572 4976 Gi:
1590 4922 1683 4988 inmoti
1699 4924 1730 4978 θ’

414 5025 442 5034 -
458 5001 588 5058 prostrato
604 5000 678 5056 alque
691 4996 806 5058 perculsa
821 4998 841 5046 E
861 5024 887 5031 -
908 4998 948 5046 26.
967 4998 1152 5059 conprimendo
1168 4999 1207 5057 iti;
1229 5005 1252 5048 ei
1267 5000 1465 5062 conprimendos
1481 5001 1499 5050 F
1517 5027 1545 5038 -
1568 5002 1609 5054 27.
1627 5003 1729 5065 compca

413 5074 462 5126 Gli
479 5099 512 5108 -
528 5071 691 5136 ditsieeacruai
706 5074 772 5125 Gli:
791 5072 948 5136 depaverunt
968 5074 1029 5132 EFi
1045 5075 1173 5137 {luserant
1190 5074 1209 5121 0
1229 5100 1255 5108 -
1272 5073 1395 5124 uincendo
1411 5076 1475 5126 ii·-
1493 5075 1534 5128 28.
1553 5076 1614 5129 bello
1628 5077 1726 5128 alaidi

415 5153 526 5200 -ioaio
540 5148 682 5198 amonim
698 5149 763 5200 GE:
781 5153 898 5208 iustoque
914 5149 1140 5200 communitio
1154 5174 1181 5184 —
1198 5149 1239 5198 29.
1252 5161 1316 5213 resp.
1329 5163 1398 5202 corr.
1412 5151 1437 5201 in
1452 5164 1505 5215 rep.
1519 5153 1577 5204 G-
1595 5151 1726 5204 somnae

410 5226 524 5288 perderet
538 5226 686 5274 mummia
700 5223 828 5287 dipnilaiic
842 5234 902 5272 socc
919 5222 1023 5284 (ceteris
1040 5223 1152 5286 omium)
1170 5223 1187 5272 i'
1196 5223 1229 5275 li.
