4009 6159
1046 981 1158 1118 cd

845 1182 889 1273 n.
915 1180 1058 1272 mnu
1085 1178 1315 1274 cinicus

606 1412 760 1499 PRO
806 1412 868 1501 M.
907 1408 1207 1501 CAELIO
1254 1409 1555 1497 ortasio

916 1642 981 1704 Al)
1013 1637 1246 1701 IUDICES.

980 1834 1184 1886 RECOGNOVIT

841 1994 1072 2055 GAROLUS
1094 1993 1326 2054 HALHIUS.

859 2446 1041 2508 NOTARUM
1062 2447 1303 2506 Exuclcnsio.

418 2595 438 2641 Α
457 2612 482 2630 =
500 2590 677 2652 fragmentum
693 2587 856 2653 palimpsesti
873 2586 1041 2640 Ambrosiam
1056 2589 1091 2639 ab
1107 2591 1170 2640 nnc.
1189 2592 1257 2641 Mero
1274 2589 1370 2639 collati.

417 2667 437 2715 Τ
455 2682 479 2699 =
498 2665 646 2727 fragmenta
663 2663 827 2729 palimpsesti
843 2665 1012 2715 laurinensis
1029 2678 1045 2713 a
1061 2667 1187 2715 Psraonro
1205 2663 1300 2714 collati.

411 2744 482 2811 gv·-
500 2738 584 2789 codex
600 2740 733 2790 Parisinus
750 2739 814 2791 7796
830 2754 845 2789 a
864 2752 907 2790 me
925 2738 1044 2791 collatus.

410 2818 481 2891 ἐκ
499 2815 583 2866 codex
601 2814 814 2879 Gemblacensis,
832 2828 903 2866 nuuc
920 2814 1097 2867 Bruxeliensis
1114 2828 1186 2865 num.
1205 2814 1282 2877 asto,
1300 2830 1316 2865 a
1332 2818 1442 2867 Berrsno
1459 2815 1577 2869 collatus.

412 2892 480 2963 ᾖε
497 2890 583 2942 codex
599 2891 758 2942 Erlurtensis
774 2905 789 2941 a
806 2892 939 2941 Wunnsno
957 2889 1076 2941 collatus,

416 2968 433 3015 S
455 2984 480 3003 ι·-
498 2966 583 3015 codex
600 2964 806 3029 Salisburgensis
823 2964 923 3016 aulicus
940 2980 966 3017 n.
985 2966 1018 3017 si
1036 2966 1104 3027 (cod.
1123 2967 1178 3016 Lat.
1197 2968 1298 3017 Monac.
1318 2968 1405 3029 46736)
1423 2982 1438 3017 a
1457 2981 1500 3018 me
1518 2966 1637 3020 collatus.

417 3040 471 3093 Col.
486 3058 511 3076 =
530 3040 615 3092 codex
639 3042 769 3105 gymnasii
794 3041 915 3092 catholici
937 3039 1100 3093 coloniensis
1123 3055 1196 3093 cum.
1220 3043 1264 3103 70,
1291 3044 1336 3107 qui
1360 3046 1485 3108 excerpta
1507 3057 1540 3094 ex
1560 3044 1741 3111 compluribus

497 3118 602 3181 scriptis
619 3116 742 3169 Tullianis
759 3119 884 3169 continet.
912 3117 1039 3169 codicem
1055 3119 1112 3182 ipsc
1130 3118 1243 3168 excussi.

416 3194 435 3243 C
454 3210 479 3229 =
498 3192 605 3243 codices
621 3194 704 3243 nostri
721 3206 824 3245 omnes.

415 3270 434 3318 L
453 3284 477 3301 =
497 3268 539 3319 ed.
558 3268 730 3319 Lambinianu
749 3282 772 3319 a.
792 3269 864 3319 4666.

415 3343 435 3393 0
454 3364 478 3384 ε
498 3342 540 3393 ed.
560 3342 687 3393 Orelliana
705 3345 778 3407 prior
794 3356 818 3393 a.
833 3344 904 3394 4866.
931 3344 1031 3395 lterum
1048 3342 1158 3395 Orellius
1176 3345 1321 3395 orationem
1339 3342 1420 3394 edidit
1436 3346 1522 3395 Turici
1539 3346 1612 3397 ⁴832.
1631 3348 1655 3398 8.

479 3426 599 3490 Madvigii
625 3427 825 3479 emendationes
850 3430 939 3479 insunt
963 3429 988 3477 in
1015 3428 1208 3492 opusculorum
1230 3429 1446 3479 academicorum
1468 3429 1502 3479 ab
1528 3432 1585 3496 ipso
1608 3432 1740 3483 editorum

414 3499 470 3550 Vol.
490 3504 513 3563 l,
539 3514 599 3566 pag.
618 3502 665 3553 375
683 3516 743 3567 sqq.
771 3506 911 3555 Praeterea
934 3505 974 3554 usi
999 3516 1092 3555 sumus
1109 3502 1196 3553 libello
1213 3502 1372 3555 scholastico
1389 3517 1405 3553 u
1422 3504 1615 3569 Wesenbergio
1632 3507 1739 3571 Viburgi

414 3589 438 3625 a.
458 3576 615 3664 48366660
637 3580 664 3627 et
686 3580 724 3629 sic
745 3578 886 3644 inscripto:
906 3578 1044 3647 ¹‹illrs'tislce
1064 3579 1275 3643 Bemuerlcninper
1300 3580 1328 3629 til
1350 3580 1384 3629 u.
1405 3579 1497 3629 Tullius
1513 3581 1610 3631 Ciceros
1627 3582 1685 3632 Tute
1699 3584 1740 3645 for

413 3652 448 3701 Μ.
467 3652 716 3779 (iidibsnimenmio
734 3728 824 3781 critico
841 3730 972 3793 integram
989 3727 1113 3779 dedimus
1129 3727 1273 3781 lectionum
1291 3729 1497 3795 discrepantiam
1515 3743 1548 3780 ex
1564 3731 1676 3793 ΑΤΡΟ,
1694 3746 1738 3784 se-

412 3800 510 3853 lectum
526 3800 698 3868 reliquorum.

984 3930 1190 3940 —-.-—--—-.-.

497 4042 521 4104 l.
544 4036 573 4103 l.
597 4043 630 4105 Si
653 4042 743 4127 quis,
765 4043 905 4118 iudices,
927 4042 1008 4107 forte
1030 4062 1113 4105 nunc
1135 4042 1217 4106 adsit
1238 4042 1368 4126 ignarus
1389 4042 1513 4125 legum,
1535 4043 1736 4120 iudiciorum,

413 4137 648 4201 consuetudinis
670 4146 815 4213 nostrae,
839 4138 970 4201 miretur
991 4136 1148 4221 proiecto,
1171 4156 1253 4217 quae
1275 4136 1317 4198 sit
1338 4144 1425 4199 unta
1439 4137 1585 4201 atrocitas
1606 4137 1736 4204 huiusce

412 4251 541 4305 causae,
565 4232 649 4314 quod
672 4231 784 4295 diebus
798 4231 887 4295 festis
906 4231 1055 4316 ludisque
1070 4230 1223 4313 publicis,
1247 4230 1394 4293 omnibus
1407 4229 1586 4294 forensibus
1600 4234 1736 4315 negotiis

412 4325 615 4399 intermissis,
638 4347 735 4389 uuum
758 4326 819 4388 hoc
840 4326 993 4389 iudicium
1016 4331 1216 4398 exerceatur,
1238 4344 1296 4386 uec
1320 4323 1441 4386 dubitet
1462 4325 1541 4407 quin
1562 4327 1641 4406 tanti
1661 4326 1736 4389 faci·

388 4419 498 4481 enoris
520 4438 592 4483 reus
614 4429 780 4503 arguatur,
806 4428 901 4484 uteo
925 4420 1068 4501 neglecto
1090 4420 1198 4482 civitas
1221 4426 1303 4481 stare
1325 4437 1390 4480 non
1413 4419 1529 4501 possit:
1559 4419 1644 4481 idem
1666 4440 1735 4483 cum

412 4513 519 4576 audiat
541 4533 610 4577 esse
632 4513 750 4597 legem,
781 4536 861 4600 quae
884 4515 924 4578 de
953 4513 1111 4576 seditiosis
1133 4512 1422 4596 consceleratisque
1443 4512 1581 4590 civibus,
1611 4516 1669 4597 qui
1688 4532 1736 4575 ar·

410 4608 485 4669 mati
514 4614 657 4670 senatum
687 4608 887 4683 obsederint,
920 4608 1153 4690 magistratibus
1181 4608 1247 4670 vim
1274 4606 1452 4682 attulerint,
1484 4627 1550 4669 rem
1577 4607 1735 4690 publicam

410 4702 636 4784 oppugnarint,
660 4703 803 4786 quotidie
826 4703 935 4786 quaeri
951 4702 1071 4775 iubeat,
1093 4701 1195 4783 legem
1209 4721 1275 4764 non
1294 4701 1468 4784 improbet,
1490 4702 1627 4776 crimen,
1649 4699 1735 4784 quod

473 4974 609 5021 luscurrrro
627 4984 766 5022 omrrcrus.
792 4974 888 5025 lncrrrr
903 4987 951 5025 ruo
967 4986 1056 5024 casuro
1073 4975 1107 5033 1>;
1132 4974 1167 5022 ll.
1188 4972 1271 5023 Tmcrr
1287 4975 1421 5026 Crannonis
1437 4986 1526 5024 orarro
1541 4985 1588 5021 rno
1603 4973 1639 5023 ll.
1659 4972 1734 5023 Graiu

404 5060 501 5174 maii
515 5048 576 5171 gissi
593 5124 614 5172 G
632 5150 660 5159 -
679 5123 703 5173 2.
722 5120 881 5173 consuetudini
892 5126 925 5185 G;
945 5124 1174 5186 consuetudinisque
1190 5127 1209 5174 L
1228 5150 1255 5160 -
1274 5124 1299 5174 3.
1311 5124 1449 5187 succubus
1464 5127 1569 5191 nepotis
1579 5126 1612 5178 C:
1629 5125 1734 5189 nequitis

403 5200 452 5264 sor.
472 5199 492 5249 0
509 5224 542 5233 -
559 5198 583 5249 6.
603 5198 680 5262 lepem
696 5212 746 5249 esse
762 5198 782 5248 E
801 5224 827 5233 —
847 5199 1020 5262 meteretisque
1036 5200 1055 5249 1.
1075 5226 1102 5236 -
1121 5199 1146 5249 7.
1164 5199 1352 5264 mapisnoubus
1367 5212 1422 5252 om.
1435 5202 1468 5261 P;
1486 5202 1519 5252 ct.
1538 5215 1566 5268 p.
1578 5202 1635 5265 886,
1648 5201 1689 5253 43.
1702 5227 1730 5239 -

404 5276 429 5331 8.
447 5275 614 5342 obstupuerint
631 5277 652 5324 G
670 5301 697 5310 -
715 5274 803 5325 cotidie
821 5275 850 5325 C.
