4009 6159
367 518 450 586 ttol
775 523 927 589 ORATIO
946 522 1172 590 custumes
1193 524 1275 591 x1v.

366 694 470 778 potuit
496 693 614 757 doloris
641 695 720 759 mei:
748 694 929 758 contionem
957 694 1068 759 babuit
1089 696 1255 760 maximam
1280 696 1401 780 populo
1423 697 1563 761 Romano
1585 718 1710 763 unum

367 796 463 871 atque
483 787 568 851 idem
588 788 755 852 sentiente.
790 790 827 852 ln
850 809 912 871 qua
934 788 1082 852 contione
1105 809 1175 852 cum
1197 811 1247 853 me
1269 810 1327 873 pro
1349 812 1469 856 summa
1488 798 1594 855 nostra
1609 812 1711 857 con-

367 880 528 945 iunctione
555 890 588 946 et
615 881 825 947 familiaritate
853 883 986 946 liberare
1018 884 1199 967 suspicione
1227 883 1358 947 luscium
1381 885 1491 959 vellet,
1521 905 1585 948 una
1607 906 1709 949 voce

367 981 478 1037 cuncta
510 976 617 1040 contio
649 976 820 1049 declaravit
849 976 929 1039 nibil
960 996 1031 1040 esse
1061 996 1079 1039 a
1107 997 1157 1039 me
1187 997 1337 1060 umquam
1358 977 1398 1041 de
1419 999 1454 1042 re
1475 979 1601 1062 publica
1621 978 1707 1042 nisi

344 1069 484 1151 septime
510 1072 690 1153 cogitatum.
726 1072 800 1135 Post
827 1071 910 1135 banc
930 1069 1070 1134 habitam
1093 1070 1274 1133 contionem
1295 1070 1418 1135 duabus
1441 1073 1577 1136 tribusve
1598 1073 1706 1136 horis

366 1165 553 1245 optatissimi
575 1167 678 1230 nuntii
700 1173 734 1229 et
753 1165 876 1229 litterae
896 1172 1066 1228 venerunt:
1093 1174 1129 1228 ut
1156 1164 1241 1227 idem
1262 1164 1328 1228 dies
1351 1185 1415 1229 non
1437 1166 1530 1230 modo
1552 1166 1705 1249 iniquis-

366 1252 458 1320 sim'a‘
473 1278 523 1322 me
552 1259 673 1323 invidia
696 1259 847 1334 liberarit,
879 1258 1051 1322 sedetiam
1074 1259 1277 1323 celeberrima
1297 1259 1406 1341 populi
1427 1260 1558 1324 Romani
1581 1267 1703 1343 gratu-

365 1350 483 1415 latione
504 1354 637 1417 auxerit.

451 1440 501 1509 l7.
523 1448 610 1512 Haec
631 1448 821 1532 interposui,
843 1453 949 1530 patres
971 1448 1153 1530 conscripti,
1176 1466 1242 1510 non
1263 1454 1327 1509 tam
1350 1454 1385 1509 ut
1405 1467 1463 1529 pro
1485 1468 1534 1511 me
1550 1446 1697 1510 dicerem

330 1546 407 1593 ¹⁰-
428 1541 509 1605 male
538 1543 623 1605 enim
650 1562 773 1605 mecum
801 1548 962 1625 ageretur,
987 1541 1015 1604 si
1043 1560 1154 1623 parum
1176 1540 1265 1604 robis
1287 1560 1388 1603 essem
1410 1541 1479 1604 sine
1501 1540 1694 1604 defensione

364 1641 518 1719 purgatus
531 1669 590 1711 -,
613 1654 707 1721 quam
728 1643 764 1698 ut
786 1634 942 1720 quosdam
964 1634 1058 1697 nimis
1080 1634 1186 1697 ieiuno
1202 1634 1307 1697 animo
1323 1642 1352 1698 et
1366 1644 1499 1717 angusto
1514 1654 1689 1709 monerem,

364 1728 398 1792 id
420 1729 506 1811 quod
534 1750 659 1813 semper
686 1730 755 1812 ipse
776 1729 937 1803 iecissem,
965 1728 1012 1791 uti
1034 1728 1255 1791 excellentium
1278 1728 1394 1792 civium
1416 1730 1561 1795 virtutem
1582 1729 1689 1792 imita·

365 1822 452 1887 tione
475 1821 619 1906 dignam,
641 1842 706 1886 non
728 1822 849 1888 invidia
868 1828 1025 1907 putarent
1068 1822 1201 1903 Magnus
1224 1830 1272 1885 cst
1292 1823 1325 1884 in
1346 1841 1380 1885 re
1402 1822 1528 1905 publica
1547 1841 1687 1905 campus,

365 1923 401 1978 ut
422 1917 582 1999 sapienter
610 1917 716 1981 dicere
739 1916 868 1980 Crassus
889 1916 1027 1992 solebat,
1054 1915 1160 1979 multis
1189 1924 1315 2000 apertus
1343 1936 1453 1979 cursus
1483 1915 1524 1979 ad
1549 1914 1685 1979 laudem.

327 2017 356 2064 ⁴⁵
366 2010 434 2073 Vll.
455 2010 578 2074 Utinam
602 2011 730 2096 quidem
750 2010 798 2073 illi
824 2010 984 2094 principes
1007 2012 1164 2084 viverent,
1195 2010 1251 2093 qui
1279 2030 1330 2072 me
1351 2016 1424 2093 post
1445 2029 1549 2073 meum
1572 2029 1685 2074 consu-

365 2104 478 2178 latum,
501 2124 573 2168 cum
595 2106 635 2169 iis
657 2106 725 2190 ipse
747 2104 907 2181 cederem,
930 2106 1105 2188 principem
1128 2124 1192 2167 non
1213 2102 1303 2166 inriti
1325 2102 1491 2167 videbant!
1521 2104 1589 2168 lloc
1610 2124 1684 2169 vero

365 2204 509 2280 tempore
540 2200 574 2262 in
605 2206 694 2264 tanta
719 2200 828 2283 inopia
855 2200 1066 2263 constantium
1095 2206 1127 2262 et
1152 2198 1282 2260 sortium
1311 2197 1522 2261 consularium
1550 2221 1614 2284 quo
1636 2220 1686 2263 me

366 2290 477 2355 dolore
498 2291 581 2357 allici
606 2295 750 2369 creditis,
772 2315 844 2358 cum
865 2295 945 2358 alios
966 2294 1049 2357 male
1072 2293 1202 2367 sentiro,
1224 2292 1304 2355 alios
1325 2292 1405 2356 nibil
1427 2293 1555 2357 omnino
1577 2312 1686 2357 curare

366 2384 507 2461 rideam,
528 2388 608 2453 alios
629 2409 741 2472 parum
763 2396 946 2453 constanter
966 2390 1000 2452 in
1015 2395 1163 2470 suscepta
1177 2406 1268 2449 causa
1283 2406 1468 2469 permanere
1484 2390 1687 2451 sententiam·

328 2492 429 2566 suque
456 2500 545 2544 suam
572 2502 637 2546 non
665 2504 789 2567 semper
808 2484 942 2547 utilitato
963 2482 1010 2545 rei
1031 2481 1191 2565 publicae,
1222 2481 1365 2545 sedtum
1388 2502 1459 2565 spe,
1486 2489 1553 2546 tum
1576 2483 1686 2545 timore

366 2576 546 2641 moderari?
588 2573 639 2640 l8.
662 2577 756 2653 Quod
785 2579 812 2641 si
842 2577 914 2661 quis
936 2576 976 2639 de
998 2577 1199 2640 contentione
1223 2576 1417 2659 principatus
1439 2576 1576 2650 laborat,
1606 2596 1687 2660 quae

366 2673 454 2737 nulla
483 2692 553 2735 csse
584 2670 693 2745 debet,
727 2672 910 2735 stultissime
931 2670 1023 2746 lacit,
1056 2670 1084 2734 si
1105 2671 1190 2733 vitiis
1213 2690 1282 2733 cum
1306 2672 1420 2734 virtuto
1443 2671 1622 2735 contendit:
1652 2678 1688 2736 ut

367 2770 451 2833 euim
473 2787 566 2831 cursu
589 2787 715 2842 cursus,
737 2766 783 2829 sic
804 2767 837 2829 in
858 2768 930 2830 viris
952 2765 1086 2828 sortibus
1108 2765 1207 2827 virtus
1230 2765 1344 2829 virtute
1366 2772 1540 2851 superatur.
1576 2767 1638 2843 Tu,
1660 2768 1687 2830 si

368 2884 426 2947 ego
449 2864 488 2926 de
509 2882 543 2924 re
566 2861 692 2944 publica
714 2862 831 2943 optime
853 2861 1003 2935 sentiam,
1025 2867 1061 2923 ut
1082 2880 1132 2923 me
1154 2860 1276 2935 vincas,
1299 2860 1368 2943 ipse
1391 2861 1525 2943 pessime
1548 2861 1687 2925 senties?

325 2964 437 3031 staur,
459 2957 486 3019 si
507 2957 546 3018 ad
569 2974 619 3018 me
641 2954 796 3018 bonorum
818 2974 1006 3017 concursum
1029 2954 1096 3016 fieri
1119 2955 1253 3028 videbis,
1275 2953 1315 3017 ad
1337 2963 1368 3017 tc
1390 2954 1552 3038 improbos
1573 2956 1687 3019 invita-

365 3051 437 3114 bist
468 3050 609 3125 Nollem,
637 3050 773 3133 primum
795 3049 841 3111 rei
863 3048 1009 3132 publicae
1031 3068 1142 3124 causa3
1166 3049 1280 3111 deinde
1303 3049 1396 3111 etiam
1418 3048 1580 3131 dignitatis
1602 3057 1685 3113 tuae.

366 3146 429 3209 Sed
451 3145 477 3208 si
499 3143 691 3229 principatus
714 3151 877 3226 ageretur,
900 3162 995 3226 quem
1017 3162 1187 3227 numquam
1204 3143 1356 3227 expetivi,
1379 3144 1453 3226 qurd
1469 3143 1594 3205 tandem
1610 3144 1687 3206 mibi

250 3300 254 3309 ,
366 3246 450 3303 essct
471 3238 632 3320 optatius‘t
656 3257 715 3321 ego
738 3238 822 3300 enim
844 3237 935 3299 malis
958 3238 1122 3300 sententiis
1146 3237 1228 3300 vinci
1251 3257 1314 3300 non
1337 3257 1486 3321 possum,
1512 3238 1603 3301 bonis
1624 3238 1688 3301 fur-

366 3332 448 3395 sitau
469 3334 589 3415 possim
611 3339 643 3395 et
664 3331 807 3394 libenter.
852 3327 902 3394 l9.
925 3331 1011 3393 Haec
1032 3332 1183 3415 populum
1205 3332 1379 3394 Romanum
1401 3332 1524 3407 videre,
1547 3334 1688 3396 animad-

327 3434 507 3502 ³⁰verterc,
528 3426 670 3489 iudicare
691 3425 821 3509 quidam
843 3426 975 3489 moleste
996 3424 1110 3489 lerunt.
1143 3426 1308 3489 Poteratne
1330 3426 1398 3489 fieri
1420 3434 1456 3489 ut
1470 3446 1534 3490 non
1553 3426 1687 3510 proinde

365 3521 511 3585 homiues
532 3521 572 3585 de
595 3541 740 3605 quoque,
762 3527 797 3583 ut
819 3520 955 3604 quisque
977 3527 1165 3595 mereretur,
1187 3520 1384 3584 iudicarent?
1407 3520 1446 3583 Ut
1464 3522 1546 3584 enim
1563 3522 1602 3585 de
1616 3522 1688 3585 uni·

365 3636 458 3681 verso
490 3622 602 3681 senatu
631 3615 770 3699 populus
796 3615 956 3677 Romanus
986 3614 1151 3677 verissime
1180 3614 1314 3688 iudicat,
1346 3614 1443 3677 nullis
1469 3616 1516 3678 rei
1544 3616 1686 3700 publicae

365 3711 560 3795 temporibus
592 3710 677 3773 bunc
707 3709 850 3772 ordinem
878 3707 1049 3771 firmiorem
1078 3717 1133 3772 aut
1159 3707 1321 3772 fortiorem
1346 3708 1460 3784 tuisse,
1493 3710 1539 3773 sic
1561 3712 1600 3773 de
1622 3730 1687 3773 uno

368 3824 497 3892 quoque
519 3812 662 3869 nostrum
684 3811 716 3867 et
737 3804 889 3877 maxime,
912 3805 967 3885 qui
988 3802 1050 3865 boc
1072 3802 1142 3866 loco
1165 3803 1336 3866 sententias
1355 3802 1504 3878 dicimus,
1526 3803 1688 3867 sciscitan-

329 3905 418 3964 tetur
439 3920 563 3976 omnes,
584 3905 678 3963 avent
698 3897 810 3961 audire
832 3896 909 3980 quid
926 3897 1060 3980 quisque
1079 3897 1227 3960 senserit:
1249 3898 1293 3960 ita
1307 3897 1346 3960 de
1362 3917 1506 3981 quoque,
1528 3906 1565 3961 ut
1578 3918 1688 3982 quem·

433 4180 748 4232 boonteotleoemtv-
771 4178 1038 4229 a.coerecromr-
1058 4178 1495 4227 mcom.a-rrostroom.l-
1515 4174 1688 4230 aldeam

370 4284 397 4295 -
414 4257 622 4320 msptdooemv3
639 4254 796 4317 empltiooei
815 4279 842 4290 -
861 4265 1056 4304 ucoooocom.
1075 4266 1090 4303 a
1109 4278 1136 4290 -·
1155 4253 1180 4303 l.
1199 4254 1392 4311 contrectatu:
1412 4254 1571 4303 lemica-
1589 4257 1687 4305 5.coo·

366 4334 497 4383 ustiones
512 4334 571 4381 etv
589 4357 616 4366 -
635 4326 745 4379 tribuni
764 4328 815 4378 oris
830 4331 842 4378 t
859 4354 887 4363 -
906 4328 931 4378 6,
949 4328 1011 4390 tole.
1029 4341 1069 4378 ore
1085 4326 1186 4378 abst:
1205 4341 1245 4378 me
1260 4328 1338 4389 tolose.
1357 4329 1395 4379 io
1413 4356 1439 4365 -
1459 4330 1484 4379 7.
1501 4329 1617 4381 liberaret
1634 4333 1686 4381 mei

369 4407 621 4472 -oooprotclottorre
634 4418 653 4454 v
671 4431 698 4441 -
716 4404 740 4453 9.
759 4407 812 4453 tom
828 4415 882 4453 om.
899 4416 930 4463 νς
948 4404 1002 4453 mm
1018 4406 1029 4453 t
1047 4429 1073 4440 -
1092 4404 1199 4454 moero
1217 4404 1375 4467 Naugerius:
1395 4404 1504 4454 dacum
1525 4404 1603 4455 codd.
1622 4408 1649 4456 et
1666 4407 1686 4456 0

368 4483 457 4545 (ellum
474 4495 503 4542 a,
522 4481 556 4531 de
574 4493 627 4544 quo
644 4477 721 4529 Orelli
738 4480 763 4528 in
780 4490 834 4529 orr.
852 4475 908 4528 sell.
927 4476 1022 4529 lalsum
1038 4476 1146 4538 retulit];
1166 4478 1198 4528 cl.
1216 4478 1250 4527 ad
1267 4491 1293 4541 p.
1307 4476 1380 4540 4403,
1398 4480 1422 4528 s.
1437 4503 1463 4513 -
1483 4480 1523 4529 ⁴0.
1542 4480 1688 4532 memnone

366 4572 384 4607 v
402 4584 429 4594 ·-
448 4558 489 4607 tt.
502 4556 610 4619 prowm
625 4556 662 4604 tv
677 4580 711 4592 -
725 4567 858 4605 meroem
873 4567 891 4603 v
908 4582 935 4591 -
955 4554 995 4603 lt.
1015 4566 1059 4617 epo
1075 4554 1242 4615 smsperlorn.
1255 4553 1335 4615 spreti
1355 4580 1380 4590 -
1400 4549 1532 4607 sessuri
1550 4556 1561 4604 t
1578 4580 1605 4592 ·-
1625 4556 1684 4606 tort.

366 4630 656 4684 beroem-rotetur:
673 4630 845 4681 trasmi-
866 4631 906 4679 tlt.
924 4628 961 4678 sut
977 4629 1075 4691 eoum:
1091 4632 1102 4679 t
1121 4655 1148 4667 -
1166 4630 1207 4680 46.
1225 4628 1332 4690 clear:
1351 4631 1469 4679 om.t-
1488 4629 1684 4679 crederemu-

368 4709 408 4759 l9.
424 4720 518 4771 perum
534 4718 586 4756 om.
605 4719 622 4756 v
639 4730 666 4741 -
689 4705 731 4756 tt).
749 4718 799 4755 ooo
812 4710 916 4767 propter
930 4705 1062 4754 waren
1079 4704 1087 4753 i
1105 4730 1133 4740 -
1152 4704 1193 4754 red
1209 4710 1261 4753 trun
1276 4709 1384 4767 spectum
1400 4706 1424 4761 t:
1442 4704 1484 4754 :ed
1499 4708 1626 4766 conspecto
1642 4702 1684 4755 ab

366 4785 413 4844 iv;
431 4782 473 4833 sed
488 4795 545 4831 murs
560 4793 603 4843 spe
618 4781 708 4830 tremo
725 4806 753 4816 -
771 4781 813 4831 tt.
831 4779 981 4830 laboranti
999 4804 1027 4815 -
1053 4779 1125 4843 quoe]
1143 4780 1236 4842 quedl
1254 4802 1281 4816 —
1300 4780 1341 4830 ἢ
1358 4780 1614 4844 somtotdsr'vtrtss
1629 4794 1687 4831 een

366 4873 391 4908 o.
410 4858 418 4907 i
438 4884 464 4893 -
482 4854 751 4907 23.torrtm'basv-
770 4857 811 4907 25.
829 4855 1031 4920 outlooost-
1051 4854 1345 4905 bonoremadmet-
1364 4856 1558 4905 incursarma-
1576 4856 1686 4908 bdoel-

367 4934 415 4983 lem
430 4932 500 4983 mei:
517 4931 594 4980 uelim
610 4930 630 4979 0
647 4942 709 4980 cum
726 4929 785 4981 cod.
804 4930 923 4993 Huydec.
944 4956 971 4965 -
990 4930 1084 4992 detudd
1102 4930 1131 4979 de
1149 4932 1159 4978 t
1178 4956 1204 4966 -
1222 4931 1262 4981 27.
1281 4932 1302 4979 st
1318 4934 1397 4981 omt
1414 4958 1440 4967 -
1460 4932 1503 4994 qul
1519 4932 1618 4981 teodoro
1634 4932 1682 4980 i-

367 5008 409 5057 28.
427 5011 487 5056 esset
506 5017 559 5055 om.
577 5007 588 5054 t
612 5030 639 5039 -
664 5004 778 5067 optabitis
800 5006 809 5054 ἰ
832 5031 859 5041 -
886 5004 927 5055 29.
944 5018 1044 5067 possum
1060 5005 1072 5051 t
1090 5030 1118 5039 -
1145 5005 1205 5055 boec
1223 5020 1253 5055 .r.
1271 5020 1297 5069 p.
1316 5006 1400 5057 cidus
1421 5007 1638 5057 animaduertitet
1656 5032 1682 5041 -

367 5081 408 5132 30.
423 5082 529 5144 prolude
545 5083 568 5131 t:
583 5080 687 5143 perinde
702 5078 758 5130 rell.
777 5082 831 5130 mei
848 5082 875 5130 et
890 5081 911 5129 0
928 5106 954 5116 -
979 5079 1020 5131 34.
1039 5081 1069 5131 dc
1085 5080 1232 5131 Ferrarius:
1252 5092 1305 5130 om.
1325 5083 1377 5131 mei
1396 5108 1422 5118 -
1441 5087 1469 5131 ut
1485 5082 1566 5144 quur
1585 5106 1611 5117 -
1631 5092 1684 5131 me-

367 5160 469 5207 rutsra
488 5183 515 5194 -
534 5156 574 5207 32.
592 5159 680 5206 :some
695 5155 778 5205 dborn
792 5168 885 5217 μιν
902 5182 929 5191 -
948 5155 989 5205 33.
1007 5162 1053 5206 eut
1069 5153 1162 5206 ubit:
1182 5160 1256 5217 atque
1271 5158 1317 5207 νο
1333 5184 1360 5194 -
1379 5154 1419 5208 dl.
1437 5158 1588 5207 :momatur
1605 5158 1639 5207 tr
1654 5180 1681 5191 -

368 5230 409 5283 dd.
427 5231 493 5295 cuod
509 5231 536 5284 ti
554 5256 582 5269 —
600 5230 631 5282 de
646 5242 742 5294 quoque
757 5229 810 5280 bt:
828 5230 1020 5294 damosacum
1036 5230 1122 5281 alvO
1142 5256 1167 5267 -
1187 5232 1278 5295 qutpru
1295 5233 1313 5282 t.
