4009 6159
380 554 442 619 968
800 556 953 622 ORATIO
975 557 1054 623 PRO
1076 559 1111 621 Ρ.
1133 556 1275 621 SESTIO

382 730 409 792 ei
433 729 557 811 generi,
580 748 689 811 graves
712 735 745 790 et
766 729 870 811 magni
891 727 1037 791 homines
1059 726 1272 800 habebantur3
1295 726 1351 789 sed
1375 726 1523 790 valebant
1543 726 1577 789 in
1598 734 1727 790 senata

383 824 532 897 multam,
560 823 645 906 apud
672 822 774 885 banos
804 823 888 885 viros
917 822 1106 904 plurimam:
1141 820 1336 883 multitudini
1363 818 1495 883 iucundi
1522 838 1589 883 nou
1610 826 1729 894 erant,

381 917 537 999 suffragiis
559 916 778 979 offendebatur
801 935 893 999 saepe
915 935 1027 977 eorum
1042 916 1206 988 voluntas,
1228 914 1376 996 plausum
1392 934 1466 977 vero
1482 914 1578 977 etiam
1593 915 1621 978 si
1642 915 1728 999 quis

382 1030 489 1073 eorum
512 1009 685 1094 aliquando
707 1018 890 1092 acceperat,
913 1029 953 1071 ne
976 1010 1054 1093 quid
1068 1016 1234 1091 peccasset
1248 1008 1501 1090 pertimescebat
1533 1010 1580 1071 Ac
1593 1015 1728 1083 tamen,

357 1104 408 1165 nsi
438 1123 520 1186 quae
550 1124 601 1167 res
629 1110 698 1167 erat
724 1103 840 1177 maior,
871 1103 955 1166 idem
983 1102 1039 1165 ille
1066 1101 1204 1185 populus
1232 1101 1346 1164 boram
1368 1101 1553 1164 auctoritate
1573 1103 1728 1165 maxime

381 1199 646 1261 commovebatur.

465 1292 499 1353 L.
524 1287 536 1352 l
545 1290 595 1353 06.
617 1294 723 1365 Nunc,
753 1292 815 1355 nisi
837 1310 888 1353 me
909 1290 1007 1364 fallit,
1033 1291 1066 1351 iu
1088 1310 1127 1353 eo
1148 1296 1232 1353 stata
1255 1290 1364 1352 civitas
1386 1297 1449 1364 est,
1471 1295 1525 1364 ut,
1547 1291 1576 1353 si
1597 1310 1727 1374 operas

381 1386 609 1450 conductorum
632 1388 818 1461 removeris,
840 1406 950 1449 omnes
972 1385 1056 1447 idem
1078 1384 1119 1447 de
1140 1404 1174 1447 re
1195 1384 1324 1466 publiea
1345 1385 1468 1447 sensuri
1489 1404 1560 1447 esse
1579 1383 1727 1447 videan-

381 1488 440 1544 tur.
481 1480 606 1543 Etenim
620 1468 738 1549 (tribus
766 1480 844 1543 locis
867 1476 1035 1562 significari
1058 1480 1193 1541 maxime
1215 1477 1326 1562 populi
1347 1477 1479 1540 llomani
1499 1477 1653 1541 iudicium
1679 1496 1725 1540 aa

207 1558 277 1660 (ff
343 1575 525 1638 tovoluntas
547 1572 673 1666 potest)
694 1576 860 1663 contusae,
888 1573 1041 1647 comitiis,
1071 1572 1220 1636 ludorum
1249 1570 1525 1655 gladiatorumque
1545 1592 1722 1636 consessu.

272 1685 281 1721 ι·
296 1663 326 1721 J
382 1668 471 1745 Quae
494 1669 600 1731 contio
623 1668 683 1732 fuit
704 1689 761 1751 per
782 1667 841 1730 hos
864 1687 982 1741 annos,
1006 1686 1088 1749 quae
1109 1668 1239 1749 quidem
1261 1671 1348 1728 essct
1367 1685 1434 1728 non
1456 1665 1630 1741 conducta,
1651 1665 1722 1730 sed

382 1784 470 1837 vera,
492 1764 525 1825 in
547 1782 610 1846 qua
631 1763 742 1845 populi
758 1762 891 1825 Romani
914 1781 1087 1825 consensus
1108 1761 1319 1844 perspiciam
1332 1761 1467 1842 posset?
1488 1760 1622 1824 Habitus
1636 1768 1723 1824 sunt

381 1857 498 1919 multae
521 1855 561 1918 de
583 1876 632 1919 me
655 1877 673 1919 a
695 1856 869 1937 gladiatore
891 1855 1147 1929 sceleratissimo,
1169 1854 1208 1917 ad
1232 1873 1310 1936 quas
1332 1873 1426 1915 nemo
1440 1852 1546 1917 adibat
1566 1854 1721 1919 incorru-

382 1958 469 2032 ptus,
491 1968 585 2012 nemo
608 1950 747 2031 integer3
773 1969 868 2012 nemo
890 1949 978 2011 illum
1000 1948 1129 2012 laedam
1151 1949 1274 2011 vultam
1294 1948 1476 2030 adspicere,
1498 1967 1592 2011 nemo
1612 1948 1720 2011 turia-

343 2044 442 2105 rslem
464 2062 575 2105 voeem
603 2043 706 2106 bonus
727 2044 837 2107 audire
859 2050 994 2126 poterat
1034 2045 1132 2105 Erant
1152 2041 1226 2105 illae
1248 2041 1414 2103 contiones
1435 2041 1630 2122 perditorum
1651 2042 1718 2105 bo·

380 2138 499 2199 minum
530 2138 710 2201 necessario
739 2138 946 2201 turbulentae.
991 2132 1063 2199 007.
1087 2137 1203 2200 Habuit
1224 2137 1264 2199 de
1292 2136 1404 2199 eodem
1427 2155 1478 2197 me
1499 2136 1532 2197 P.
1555 2136 1716 2200 Lentulus

380 2230 493 2293 consul
514 2230 710 2295 contionem:
738 2252 910 2295 concursus
933 2239 981 2294 est
1003 2230 1113 2315 populi
1136 2231 1269 2293 llomaui
1291 2229 1410 2304 factas;
1437 2248 1548 2293 omnes
1570 2231 1715 2306 ordines,

380 2331 445 2387 tota
466 2324 499 2387 in
520 2324 576 2387 illa
597 2326 745 2388 contione
768 2325 858 2388 ltalia
881 2325 1031 2389 constitit.
1075 2325 1148 2407 Egit
1170 2343 1298 2387 cansam
1320 2342 1444 2385 summa
1464 2344 1536 2386 cum
1557 2326 1714 2407 graviute

262 2416 290 2492 ‘l
380 2419 535 2501 copiaque
557 2418 702 2493 dicendi,
731 2427 819 2499 lauit
843 2419 985 2493 silentio,
1016 2426 1103 2507 tanta
1132 2418 1361 2502 approbatione
1383 2417 1543 2491 omnium,
1571 2417 1651 2481 nibil
1673 2428 1714 2482 at

270 2495 286 2528 ³
342 2528 528 2595 enumquam
551 2513 710 2576 videretur
730 2522 794 2576 tam
816 2513 970 2596 populare
993 2514 1034 2576 ad
1056 2512 1165 2595 populi
1182 2511 1315 2573 llomani
1332 2530 1425 2573 aures
1439 2510 1602 2574 accidisse.
1634 2514 1712 2575 Pro-

380 2607 492 2669 ductus
520 2614 569 2669 est
597 2606 636 2669 ab
664 2627 702 2670 eo
727 2608 782 2670 Cn.
804 2608 990 2690 Pompeius,
1020 2607 1075 2690 qui
1097 2627 1132 2669 se
1154 2626 1219 2668 non
1242 2605 1343 2668 solum
1366 2613 1527 2667 auctorem
1548 2626 1638 2669 meae
1659 2627 1711 2671 sa·

380 2700 472 2775 lutis,
500 2700 556 2763 sed
584 2700 677 2764 etiam
705 2702 881 2784 supplicem
912 2701 1033 2784 populo
1055 2702 1198 2763 Romano
1215 2700 1363 2780 praebuit.
1412 2699 1515 2761 Huius
1543 2701 1645 2763 oratio
1673 2708 1711 2763 ut

379 2816 505 2878 semper
525 2795 629 2877 gravis
652 2802 685 2858 et
706 2803 794 2878 grata
814 2795 847 2857 in
863 2795 1061 2858 contionibus
1075 2793 1152 2868 luit,
1174 2793 1220 2857 sio
1238 2792 1397 2856 contendo
1411 2813 1587 2876 numquam
1601 2814 1709 2878 neque

379 2888 562 2973 eloquentia
584 2908 690 2973 neque
712 2889 906 2953 iucunditate
927 2888 1027 2951 faisse
1050 2888 1179 2951 maiore.
1224 2884 1305 2949 l08..
1319 2886 1391 2962 Quo
1414 2887 1541 2950 silentio
1563 2895 1638 2951 sunt
1651 2908 1708 2950 au-

341 2981 437 3045 eniti
459 2981 498 3046 de
520 3002 571 3045 me
593 2984 690 3046 ceteri
712 2984 870 3067 principes
891 2983 1043 3046 civitatisl
1067 3002 1147 3066 quos
1168 2981 1287 3045 idcirco
1308 3000 1374 3044 aon
1395 2981 1522 3065 appello
1544 2980 1606 3044 boc
1628 2982 1706 3047 loco,

377 3096 419 3139 ne
442 3096 512 3140 mea
534 3078 645 3152 oratio,
668 3078 695 3141 si
717 3078 821 3142 minus
844 3076 884 3140 de
907 3076 1016 3161 aliquo
1038 3078 1160 3152 dixero,
1185 3077 1319 3159 ingrata,
1341 3076 1368 3138 si
1391 3078 1466 3139 satis
1488 3075 1529 3138 de
1550 3076 1705 3150 omnibns,

378 3168 502 3236 infinita
523 3191 593 3236 esse
615 3171 767 3235 videatur.
805 3171 890 3235 Cedo
913 3191 998 3234 nunc
1021 3172 1165 3235 eiusdem
1187 3170 1270 3235 illine
1293 3170 1412 3233 inimici
1434 3172 1497 3233 mei
1518 3170 1558 3232 de
1580 3190 1631 3233 me
1652 3192 1706 3234 eo·

378 3266 451 3328 dem
472 3264 513 3329 ad
535 3284 643 3328 verum
664 3266 817 3350 populum
839 3266 870 3329 ia
894 3281 1014 3347 campo
1034 3266 1147 3328 Martio
1178 3265 1377 3328 contioneml
1412 3264 1492 3340 Quis
1518 3284 1583 3328 non
1611 3264 1704 3328 modo

377 3360 577 3444 approbavit,
600 3360 655 3423 sed
679 3378 744 3423 non
762 3359 1014 3443 indignissimum
1029 3359 1151 3423 facinus
1166 3360 1288 3443 putavit
1303 3359 1393 3422 illum
1409 3378 1475 3421 non
1490 3359 1591 3423 dicam
1605 3359 1705 3443 loqui,

339 3452 433 3516 used
451 3453 555 3515 vivere
576 3473 613 3517 ac
636 3454 775 3537 spiraret
798 3456 870 3537 quis
892 3453 967 3527 fuit,
992 3455 1047 3537 qui
1070 3474 1133 3516 non
1157 3454 1225 3516 eius
1240 3471 1319 3516 roae
1341 3453 1492 3516 maculari
1513 3474 1580 3517 rem
1601 3452 1706 3538 publi·

376 3566 445 3609 oam
467 3564 583 3629 seque,
605 3548 631 3609 si
654 3566 725 3609 enm
748 3547 887 3621 audiret,
910 3548 1030 3610 scelere
1052 3547 1205 3630 adstringi
1227 3548 1453 3611 arbitraretur?

441 3912 465 3963 l.
485 3926 515 3962 ae
532 3917 615 3963 tamen
632 3914 660 3971 P,
678 3914 707 3961 at
723 3910 932 3976 Wesenbergias
949 3913 1076 3963 coniecit:
1095 3916 1206 3962 attamen
1223 3912 1282 3962 60.
1306 3912 1345 3963 Cl.
1361 3910 1447 3962 Madv.
1465 3910 1500 3962 ad
1518 3912 1569 3963 Cic.
1584 3912 1614 3961 ds
1629 3911 1702 3962 Finn.

374 4001 400 4053 p.
414 3988 462 4038 989
474 3987 567 4038 attia.
582 4011 609 4021 -
629 3986 653 4035 a.
671 3986 693 4035 si
710 3999 774 4048 qaae
790 3988 822 4037 P:
842 3987 863 4037 n·
880 4000 932 4048 aaa
947 3981 1035 4038 1>²a0
1050 4014 1077 4023 -
1096 3988 1120 4037 7.
1135 3988 1367 4050 operoscmdactus
1378 3986 1447 4037 coni.
1461 3985 1553 4038 Lamb.
1567 3986 1594 4037 in
1605 3998 1701 4049 marga

373 4077 432 4115 voc.
446 4062 709 4114 cunemannus.
722 4060 848 4113 Muellero
862 4068 889 4113 et
901 4063 1031 4126 Madvigio
1048 4078 1074 4127 p.
1087 4062 1135 4113 l86
1154 4062 1285 4127 glossema
1297 4063 1410 4113 videtm.
1432 4066 1465 4113 at
1480 4077 1505 4113 v.
1518 4076 1558 4114 or.
1571 4062 1606 4113 de
1621 4062 1702 4113 domo

374 4152 421 4189 sua
439 4138 454 4201 g
470 4138 511 4188 79.
538 4138 621 4187 Varro
638 4138 672 4187 ds
690 4150 719 4187 re
736 4140 802 4188 rust.
821 4140 845 4197 1.
866 4140 908 4201 ti,
921 4140 946 4190 9,
961 4166 988 4175 -
1008 4140 1033 4189 9.
1051 4139 1163 4188 maaian
1179 4140 1209 4187 de
1227 4139 1262 4187 .P.
1275 4140 1303 4188 R.
1316 4138 1436 4187 indiarum
1452 4140 1501 4188 96
1518 4164 1547 4174 -
1567 4139 1607 4187 lo.
1624 4141 1704 4200 potest

372 4214 489 4264 uoluntas
506 4216 538 4274 P,
557 4212 606 4263 sed
622 4213 711 4264 addite
728 4216 811 4264 suntt
829 4228 864 4264 m.
879 4216 952 4279 signa
969 4214 1166 4278 transponendi.
1183 4239 1210 4250 -
1229 4226 1348 4263 eonunsa
1364 4215 1413 4263 Ρ6
1428 4240 1455 4250 -
1476 4214 1516 4262 tt.
1529 4214 1610 4263 contla
1626 4210 1700 4262 P²Gz

372 4290 494 4340 conantio
509 4286 551 4349 P¹;
569 4290 654 4339 canae
670 4290 690 4339 0
709 4315 735 4324 -
756 4290 796 4339 49.
815 4304 865 4339 non
880 4296 961 4353 posset
977 4290 1134 4341 Lambinus:
1153 4304 1203 4339 non
1220 4302 1273 4339 om.
1293 4288 1371 4339 codd.
1391 4316 1417 4323 -
1439 4289 1479 4339 t3.
1497 4301 1516 4337 a
1530 4301 1586 4339 om.
1604 4290 1653 4338 PG
1672 4315 1700 4325 υ-

373 4366 407 4415 ad
424 4378 486 4427 quas
502 4366 565 4415 PG:
583 4366 711 4415 concianes
727 4366 761 4415 ad
777 4380 840 4427 qaas
856 4367 902 4416 SO
917 4394 943 4403 -
963 4366 1002 4417 ll.
1016 4366 1095 4415 uttam
1111 4369 1172 4417 1>—
1190 4366 1301 4427 manere
1317 4366 1376 4415 P-
1395 4365 1506 4428 matun
1523 4367 1584 4414 6-
1604 4364 1703 4414 ibaa-

372 4441 430 4490 ders
447 4436 474 4490 Ρι
493 4465 520 4474 -
538 4444 611 4489 erant
628 4440 662 4488 G:
680 4444 753 4489 eram
769 4445 841 4489 nant
857 4441 919 4498 Po,
938 4445 1011 4489 erasa
1027 4443 1092 4491 enim
1108 4443 1139 4500 S;
1162 4446 1236 4491 nant
1250 4454 1311 4504 erpo
1328 4439 1449 4492 lacobus.
1474 4442 1591 4491 «Vereor
1605 4454 1640 4491 ne
1657 4454 1702 4491 er-

371 4527 432 4564 rore
449 4516 506 4564 orta
523 4514 557 4565 sit
573 4511 714 4578 duplicatio
733 4513 820 4572 verbi;
843 4528 895 4565 non
913 4516 984 4565 enim
1000 4516 1075 4578 faiae
1091 4515 1204 4567 attirmat
1225 4514 1390 4567 turbulentas
1411 4517 1563 4577 contiones,
1588 4515 1637 4566 sed
1655 4530 1702 4567 ne-

370 4590 479 4639 cessario
500 4588 653 4640 turbulentas
674 4590 782 4641 tuisse.»
806 4591 906 4641 Manvra
929 4602 954 4653 p.
973 4590 1022 4641 488
1040 4594 1093 4641 not.
1124 4591 1163 4641 Ct.
1182 4604 1262 4656 snpra
1280 4604 1306 4656 p.
1325 4591 1382 4652 968,
1401 4591 1441 4641 et.
1462 4616 1488 4626 -
1511 4591 1609 4641 bomne
1624 4587 1653 4641 1³¹
1672 4618 1700 4627 -

371 4665 412 4714 lb.
430 4664 609 4727 adprobatione
626 4668 684 4716 P-
703 4664 744 4715 99.
761 4665 876 4727 mactati
892 4666 1038 4728 Madvigius
1055 4681 1080 4730 p.
1100 4665 1162 4717 487:
1183 4682 1236 4718 orn.
1250 4669 1312 4726 Ρ6;
1330 4668 1441 4717 aenituit
1456 4669 1502 4719 SO
1517 4696 1544 4704 -
1562 4672 1591 4718 ut
1606 4678 1703 4730 mapsa

370 4740 503 4803 provisu
513 4740 610 4790 maiore
631 4738 800 4803 Spengelins:
825 4746 848 4790 at
867 4741 1002 4804 perpensis
1023 4746 1045 4789 ct
1067 4747 1146 4803 prata
1164 4744 1191 4794 in
1206 4743 1359 4793 contionibus
1374 4744 1423 4806 savit
1438 4744 1473 4793 sic
1488 4744 1608 4794 motando
1625 4756 1701 4793 naue

370 4827 447 4876 qam
466 4826 544 4876 neque
566 4814 730 4876 abnuentium
750 4815 903 4867 {munditate
924 4816 998 4879 faiae
1019 4814 1117 4867 maiori
1141 4821 1160 4870 P
1183 4816 1241 4882 (lin.
1261 4830 1320 4882 sap.
1339 4832 1352 4869 e
1369 4822 1410 4870 est
1426 4818 1484 4870 tort.
1502 4834 1518 4869 a
1536 4832 1572 4870 m.
1590 4818 1629 4882 9),
1651 4819 1700 4870 sed
1796 4860 1799 4869 .

370 4891 429 4940 ante
447 4890 612 4950 clausentiam
628 4888 747 4939 additum
764 4894 806 4940 est
823 4892 848 4941 in
866 4902 950 4954 marg.
969 4889 1092 4940 interiore
1109 4906 1145 4942 m.
1164 4894 1180 4943 9
1197 4895 1362 4943 recentiore:
1380 4894 1527 4943 sententiam
1542 4894 1596 4944 eius
1611 4899 1700 4944 muto-

367 4966 443 5015 ritate
458 4978 549 5027 moue,
568 4967 597 5014 nt
613 4962 687 5014 locus
704 4964 818 5028 scriptus
830 4968 871 5017 est
888 4968 914 5016 in
927 4967 985 5027 60,
1005 4966 1053 5015 nisi
1072 4966 1144 5028 quod
1162 4970 1191 5017 G¹
1201 4968 1221 5017 0
1233 4967 1447 5020 babentnsoiore.
1462 4969 1603 5033 (mamper
1612 4971 1700 5034 mauis

370 5040 556 5104 corrigendam
569 5052 640 5101 esse,
658 5038 804 5102 seynertus
816 5055 923 5107 quoqne
940 5054 966 5106 p.
981 5040 1012 5091 bt
1024 5038 1170 5101 intellexit.)
1182 5041 1327 5105 Madvigius
1338 5056 1364 5108 p.
1377 5042 1425 5095 l87
1437 5056 1479 5108 sq.
1491 5045 1565 5095 tutas
1575 5045 1657 5095 motio
1665 5070 1699 5082 -·

367 5116 415 5179 fait
432 5114 575 5167 delendum
596 5127 657 5167 esse
678 5115 844 5167 existimavit.
867 5143 893 5153 ·-
913 5116 953 5168 tl.
972 5118 1054 5167 atiena
1070 5118 1089 5166 G
1108 5144 1133 5151 -
1157 5118 1198 5167 96.
1217 5117 1477 5180 inpratastratisP13
1499 5120 1604 5183 aerata
1618 5121 1658 5170 n't.
1676 5122 1699 5169 n·

367 5190 464 5241 satuti
484 5218 510 5229 -
530 5192 571 5241 97.
588 5190 791 5248 interminant
808 5194 828 5241 6
847 5218 875 5227 -
893 5192 933 5244 98.
953 5206 1015 5259 qnos
1030 5191 1058 5246 P¹
1073 5220 1100 5229 -
1117 5192 1159 5248 99,
1177 5193 1327 5263 abrotoni
1343 5196 1363 5245 P
1380 5221 1407 5232 -
1424 5194 1477 5257 fact
1494 5193 1600 5259 Madau
1616 5200 1696 5263 corr.)

369 5278 419 5319 non
432 5266 534 5333 panna
550 5268 570 5319 a
589 5295 616 5304 -
635 5266 676 5318 ³⁴.
694 5267 800 5332 arnapi
817 5262 855 5321 1³².
