4009 6159
682 586 755 660 css.
776 585 932 655 lx-xl.
959 583 1007 670 §3
1027 581 1173 655 il-dd.
1499 580 1582 660 4303

269 777 406 846 quaero,
434 775 492 842 pro
518 763 573 820 tun
593 757 743 840 singulari
765 756 921 841 sapientia
941 754 1078 839 reprime
1097 754 1212 823 lamam
1232 759 1327 837 atque
1348 749 1452 830 eltae,
1477 775 1519 820 ne
1540 755 1583 832 id,

267 851 354 938 quod
375 867 441 920 non
462 869 566 924 ouras,
588 869 703 934 cupere
725 849 861 918 videare.
903 845 955 912 el.
977 849 1070 924 Quod
1093 846 1222 931 quidem
1242 866 1281 910 eo
1294 845 1512 916 vehementius
1526 850 1584 922 tihi

267 944 474 1016 laborandum
495 950 559 1019 est,
581 945 655 1029 qnia
676 945 710 1008 in
730 943 863 1010 eandem
885 942 997 1008 cadere
1018 943 1231 1024 suspicionem
1249 941 1386 1025 collega,
1407 943 1456 1009 rir
1476 942 1584 1007 claris-
1694 922 1731 1044 0(

267 1041 381 1114 simus,
402 1057 468 1104 non
487 1045 601 1122 polest.
637 1038 721 1105 Nihil
741 1039 855 1104 horum
877 1038 953 1114 soit,
975 1036 1056 1103 nihil
1077 1035 1273 1119 suspicatur:
1294 1031 1529 1119 bellum'qerit,
1550 1039 1585 1109 in

267 1137 336 1202 acie
357 1138 434 1208 stat,
463 1132 503 1199 de
525 1134 678 1216 sanquine
700 1140 731 1200 et
753 1133 792 1198 de
819 1134 930 1218 spiritu
954 1131 1111 1196 decertat:
1139 1135 1218 1196 aute¹
1233 1130 1428 1215 provinciam
1448 1132 1509 1198 eibi
1531 1132 1609 1202 dte-s

267 1237 384 1298 cretam
405 1224 514 1293 audiet
534 1247 627 1310 qnam
649 1227 789 1312 potuerit
807 1234 931 1310 tempus
953 1226 984 1290 ei
1006 1225 1052 1290 rei
1074 1224 1180 1289 datum
1202 1225 1365 1309 suspicari.
1404 1225 1524 1300 Vereor
1543 1246 1585 1290 ne

269 1321 425 1392 exercitus
455 1340 584 1406 quoquc
614 1323 729 1397 nostri,
758 1322 814 1406 qui
842 1341 907 1386 non
937 1319 1071 1384 dilectus
1092 1320 1296 1396 necessitate,
1323 1320 1380 1384 sed
1400 1318 1587 1389 voluntariis

268 1413 382 1484 studiis
403 1434 439 1482 sc
459 1414 500 1478 ad
520 1433 586 1478 rem
608 1414 765 1498 publicam
786 1413 1003 1488 contuleruut,
1026 1412 1190 1478 tardentur
1210 1413 1340 1490 animis,
1362 1414 1390 1478 si
1412 1413 1587 1498 quidquam

199 1571 203 1578 .
268 1509 355 1576 aliud
383 1528 403 1576 a
429 1508 523 1576 nobis
550 1509 612 1572 nisi
634 1507 674 1576 de
700 1509 828 1574 instanti
850 1509 934 1574 bello
957 1509 1126 1590 cogitatum
1146 1507 1312 1591 putabunt
1349 1506 1446 1582 Quod
1465 1508 1493 1575 ai
1513 1528 1588 1591 pro·

268 1604 391 1673 vinciae
413 1601 595 1671 consulibus
616 1601 813 1685 expetendae
833 1601 997 1676 videntur,
1020 1603 1102 1666 sicut
1123 1621 1220 1684 saepe
1240 1621 1259 1668 a
1277 1600 1385 1669 multis
1405 1602 1587 1669 clarissimis
1597 1620 1625 1671 ts

269 1699 345 1764 viris
367 1697 523 1783 expetitae
544 1704 634 1771 sunt,
661 1694 785 1762 reddite
814 1695 901 1780 prius
923 1696 1016 1760 nobie
1037 1697 1184 1772 Brutum,
1212 1695 1320 1759 lumen
1341 1703 1374 1760 et
1394 1695 1491 1760 decue
1513 1697 1589 1763 ciri·

268 1794 358 1862 tatis:
386 1793 443 1876 qui
469 1791 514 1856 ita
540 1788 774 1856 conservandus
795 1797 862 1865 eet,
888 1789 1025 1854 utillud
1046 1789 1187 1871 signum,
1221 1789 1310 1873 quod
1331 1789 1372 1856 dc
1392 1789 1482 1857 caelo
1503 1790 1589 1861 dela-

268 1909 359 1976 psum
389 1891 504 1954 Vestae
532 1884 683 1951 custodiis
705 1884 898 1949 continetur:
930 1903 993 1966 quo
1015 1884 1103 1948 salvo
1126 1881 1205 1950 salvi
1227 1903 1337 1950 sumus
1357 1881 1464 1951 futuri.
1500 1885 1589 1956 Tunc

268 1981 319 2052 rel
341 1983 375 2051 iu
396 1980 518 2047 caelum
539 1998 612 2054 ros,
637 1978 665 2042 ei
686 1974 753 2040 lieri
773 1977 926 2061 potuerit,
948 1979 1066 2042 umeris
1086 1978 1205 2044 nostris
1225 1977 1388 2052 tollemur,
1410 1978 1590 2060 provinciae

269 2083 354 2144 certe
381 2072 582 2158 dignissimae
608 2071 698 2137 vohis
727 2069 916 2153 deligemus:
947 2091 1032 2138 nunc
1061 2072 1148 2157 quod
1171 2074 1274 2156 agitur
1294 2092 1437 2156 agamus.
1477 2073 1628 2155 Agiturm

268 2177 390 2244 autem,
411 2167 545 2236 liberine
569 2164 709 2232 vivamus
730 2183 771 2228 an
793 2171 925 2231 mortem
946 2165 1112 2229 obeamus:
1134 2185 1217 2249 quae
1229 2172 1315 2230 certe
1336 2163 1481 2230 servituti
1501 2174 1590 2229 ante·

268 2259 416 2346 ponenda
437 2267 495 2327 est
538 2255 589 2322 25.
612 2257 718 2336 Quidt
740 2261 767 2322 si
788 2259 884 2324 etiam
906 2258 1085 2322 tarditatem
1106 2261 1198 2324 adem
1218 2260 1277 2324 ista
1299 2260 1457 2334 sententia
1471 2261 1512 2327 ad
1526 2261 1591 2326 Do·

268 2354 416 2423 labellam
435 2352 713 2437 persequendum?
737 2352 865 2437 quando
880 2353 964 2416 enim
978 2352 1084 2417 reniet
1098 2354 1235 2419 consult
1256 2374 1297 2418 an
1310 2354 1345 2424 id
1359 2364 1590 2439 exspectamus,

268 2447 375 2532 quoad
405 2467 445 2516 ne
469 2446 639 2530 vestigium
660 2445 789 2530 quidem
811 2447 905 2512 Asiae
926 2448 1085 2512 civitatum
1106 2455 1203 2533 atque
1224 2449 1350 2518 urbium
1370 2448 1590 2531 relinquatur?

153 2585 158 2595 .
268 2543 310 2606 lt
337 2540 460 2612 mittent
486 2540 625 2624 aliquem
654 2540 696 2604 de
722 2545 782 2604 'suo
811 2552 952 2606 numero.
998 2540 1098 2607 Valde
1125 2542 1203 2606 mihi
1229 2542 1356 2627 probari
1381 2548 1502 2625 potest,
1534 2541 1629 2625 quill

268 2635 365 2719 paulo
397 2642 471 2703 ente
501 2633 676 2701 clarissimo
703 2634 771 2699 viro
799 2635 922 2717 privato
952 2635 1120 2718 imperium
1146 2643 1236 2700 extra
1257 2636 1400 2703 ordinem
1421 2656 1487 2702 non
1508 2636 1591 2702 dedi.

267 2729 310 2793 At
328 2728 489 2793 hominem
512 2727 642 2812 dignum
663 2728 797 2792 mittent.
833 2729 916 2792 Num
938 2729 971 2792 Ρ.
994 2728 1126 2794 Servilio
1148 2727 1348 2813 digniorem?
1374 2737 1407 2793 at
1428 2749 1499 2798 eum
1520 2730 1592 2813 qui·

270 2822 343 2889 dem
371 2822 483 2890 civiter
511 2841 577 2888 non
603 2820 709 2889 hahet.
753 2821 847 2898 Quod
869 2841 944 2905 erqo
966 2822 1037 2906 ipse
1058 2822 1176 2889 nemini
1197 2823 1304 2907 putavi
1326 2822 1483 2898 dandum,
1510 2842 1593 2889 nea

269 2924 380 2982 senatu
401 2915 547 3001 quidem,
568 2913 602 2978 id
624 2935 682 2999 eqo
702 2917 798 2982 unius
818 2915 936 2980 iudicio
954 2915 1094 2982 delatum
1109 2916 1331 2999 comprobem?
1367 2913 1419 2984 26.
1432 2916 1591 3000 Expedite

269 3011 361 3076 nobie
381 3010 510 3078 homine
532 3017 565 3075 et
584 3018 703 3096 parato,
724 3018 829 3094 patres
850 3009 1031 3093 conscripti,
1052 3029 1134 3093 opus
1156 3016 1205 3076 est
1226 3017 1259 3076 et
1279 3031 1328 3088 eo,
1350 3010 1405 3094 qui
1425 3009 1629 3094 inperium

268 3103 443 3188 legitimum
463 3105 595 3184 habeat,
624 3104 682 3189 qui
702 3113 865 3190 praeterea
887 3106 1120 3179 auctoritatam,
1147 3123 1284 3182 nomen,
1308 3102 1499 3181 exercitum,
1520 3121 1592 3188 per·

269 3205 411 3282 spectum
431 3201 571 3267 murum
592 3200 627 3266 in
649 3198 831 3285 republica
852 3197 1027 3264 liberanda.

352 3292 409 3361 xl
432 3294 512 3369 Quis
533 3295 629 3377 igitur
649 3296 678 3359 is
700 3297 770 3364 est:
804 3294 1067 3361 sulmmoto:
1088 3300 1144 3360 aut
1165 3293 1199 3363 G.
1221 3293 1591 3378 cneiusausnssrque.

269 3386 477 3482 Decernerem
498 3389 610 3473 plane,
631 3389 714 3455 sieut
734 3390 833 3454 multa
853 3388 888 3452 io
909 3388 1109 3465 consulibus,
1130 3389 1265 3454 alterum
1278 3388 1444 3465 ambosve,
1465 3388 1500 3452 ni
1513 3390 1592 3453 Bru·

334 3702 360 3756 2.
377 3703 542 3758 colmes:
557 3718 585 3758 eo
600 3704 610 3756 l
628 3732 656 3744 -
674 3704 698 3757 3.
716 3705 743 3758 to
759 3706 1011 3780 sodon‘ccpcret-
1029 3708 1255 3772 aopdwume—
1273 3708 1316 3760 etr
1331 3707 1484 3762 :mem
1497 3710 1593 3778 colcos

271 3777 336 3833 b·
354 3781 380 3834 5.
398 3779 707 3844 decertootcprootottnm
722 3782 734 3831 t
751 3809 780 3824 -
798 3782 822 3833 Ἰ.
841 3783 923 3834 seito:
939 3784 951 3833 t
967 3807 995 3820 ·-
1015 3784 1119 3836 deceta:
1134 3783 1267 3848 bgio-
1286 3783 1311 3836 8.
1329 3784 1464 3847 qucquam
1479 3788 1545 3850 mei,
1563 3789 1594 3839 ut

269 3867 386 3921 semper.
406 3883 434 3900 -
458 3855 483 3908 9.
501 3869 519 3906 c
535 3857 616 3907 omi
640 3882 668 3893 -
694 3857 732 3908 lo.
752 3858 869 3910 ammte
885 3859 1039 3924 :culpetra
1054 3873 1107 3911 om.
1126 3860 1182 3911 mel
1198 3860 1261 3911 et0
1280 3885 1308 3898 -·
1332 3860 1373 3911 lt.
1390 3862 1544 3926 mulctes
1563 3889 1589 3905 -

269 3936 327 3982 amu
342 3943 396 3986 om.
414 3933 447 3983 ai
466 3953 493 3972 ·-
511 3931 582 3983 mlle
594 3931 667 3995 potare
683 3932 695 3981 t
711 3957 739 3970 ·-
759 3933 798 3984 li.
816 3933 878 3984 illud
895 3933 1016 3986 Ernesti:
1034 3934 1061 3985 id
1077 3933 1156 3985 codd.
1175 3935 1203 3984 et
1217 3933 1238 3984 0
1251 3958 1279 3970 -
1297 3934 1329 3985 da
1343 3935 1412 3986 coelo
1428 3935 1488 3990 cod.
1500 3937 1591 4002 Lana:

269 4006 300 4062 dc
316 4019 369 4060 om.
388 4007 450 4059 mei.
470 4033 499 4048 -·
518 4007 558 4060 ⁴³.
577 4011 673 4060 unctor
688 4007 748 4060 cod.
767 4009 858 4073 lang..
875 4011 906 4060 ut
921 4010 964 4060 est
979 4009 1007 4060 in
1022 4009 1077 4061 liv.
1090 4008 1121 4071 V,
1133 4008 1175 4070 52,
1188 4008 1218 4070 l:
1236 4009 1300 4059 atr.
1313 4021 1354 4063 or.
1365 4023 1393 4075 p.
1406 4012 1505 4063 Scauro
1518 4012 1533 4077 5
1544 4012 1592 4066 le:

269 4080 409 4136 Palladium
428 4082 504 4146 illud,
527 4084 767 4147 quom-metuatis
791 4085 876 4138 Ventos
896 4085 1044 4136 emnem
1064 4110 1091 4121 -
1112 4083 1194 4147 lucei
1215 4095 1268 4134 om.
1287 4085 1298 4134 t
1314 4109 1342 4120 -
1367 4090 1427 4137 tusc
1442 4087 1591 4140 Ferrarius:

269 4156 335 4208 lanc
349 4157 412 4212 mel.
431 4183 460 4196 ·-
478 4157 520 4211 tl.
537 4159 576 4210 osl
590 4158 787 4212 tentcllsmus
802 4160 879 4212 atlert
894 4161 993 4214 Nonius
1009 4173 1036 4225 p.
1054 4157 1103 4211 lor
1119 4160 1154 4212 lt
1170 4186 1198 4197 -
1214 4172 1261 4210 uos
1276 4172 1293 4222 g
1309 4161 1337 4212 et
1351 4161 1464 4213 Nonius:
1483 4174 1537 4213 om.
1550 4161 1592 4214 ab

270 4231 311 4293 ll.
328 4230 378 4283 sed
394 4230 477 4286 habet
491 4233 510 4285 b
527 4235 588 4286 ante
605 4234 757 4286 Μωσῆς-
769 4237 880 4298 potuerit
894 4236 988 4288 muel:
1003 4235 1119 4286 Nouius:
1135 4235 1228 4296 pomo
1241 4234 1351 4286 tomen:
1361 4237 1415 4288 mel
1427 4238 1484 4288 eto
1495 4238 1594 4300 pose:

149 4335 154 4345 ·
268 4305 325 4370 Μ
340 4305 449 4361 lunula
463 4307 491 4374 b)
504 4333 532 4348 ·-
549 4310 691 4373 praelatio:
707 4309 732 4373 t,
750 4312 780 4362 ut
796 4309 962 4376 plerumque.
977 4337 1006 4348 -·
1026 4310 1065 4359 tlt.
1082 4307 1151 4360 occe
1165 4308 1348 4374 docmati
1366 4337 1394 4349 -
1412 4311 1453 4362 tr.
1467 4313 1537 4375 Quod
1552 4312 1593 4363 ab

271 4405 299 4418 -
317 4379 339 4432 at
355 4393 410 4434 om.
428 4383 440 4432 t
456 4408 484 4419 -
503 4384 569 4434 rard.
588 4385 663 4448 offert
679 4383 894 4450 (adtertglqu
913 4387 989 4449 offert
1003 4384 1070 4434 turc.
1088 4383 1142 4445 io:
1160 4386 1373 4447 offertumn-
1391 4384 1440 4438 istd
1453 4385 1595 4441 mmmtdt

271 4455 561 4520 -taqomccseut
575 4458 677 4510 Christ:
695 4464 813 4521 queneto
828 4461 851 4520 t;
870 4458 1017 4524 qucsecb;
1035 4472 1127 4522 quoa:
1145 4472 1235 4523 quone
1251 4461 1592 4528 glomeramen.
1719 4504 1720 4507 ,

269 4543 318 4596 quo
333 4544 364 4584 os
380 4533 449 4586 conl.
466 4531 610 4598 lambi·
628 4535 703 4586 Aalcc
718 4533 804 4586 om.b
823 4561 851 4571 -
869 4536 1045 4600 relinquantur
1060 4537 1072 4586 t
1088 4561 1116 4572 -
1134 4534 1321 4586 immittant
1337 4535 1399 4586 abt
1416 4563 1444 4574 -
1459 4538 1596 4602 probauit

271 4607 606 4674 —rtcmomqt-
626 4607 999 4664 22.Adt-scruiltaia-
1023 4609 1595 4677 oct-2³.qect-parcotltndvtgins

270 4679 306 4746 (in
321 4679 415 4736 litteris
431 4681 466 4736 ad
482 4696 532 4736 nos
549 4684 641 4748 datisl:
656 4689 732 4748 putot
747 4684 825 4737 codd.
845 4689 872 4738 et
888 4685 950 4738 edd.
975 4685 1074 4738 avelim
1090 4685 1173 4748 scire,
1192 4698 1274 4749 quem
1288 4686 1447 4751 interpreter
1458 4687 1595 4740 lntellexe-

269 4756 323 4810 rlnt
342 4758 437 4826 metm,
461 4760 508 4824 qul
529 4762 604 4812 extra
620 4761 742 4812 ordinem
761 4762 903 4825 imperium
920 4761 1019 4812 nemini
1036 4761 1111 4825 putet
1127 4759 1258 4823 dandum,
1281 4774 1316 4812 ne
1332 4775 1348 4812 e
1364 4765 1459 4814 senatu
1476 4763 1593 4827 qutdem.

269 4831 338 4884 llam
359 4846 408 4898 eqo
431 4847 543 4901 prorsus
563 4836 698 4888 neminem
720 4836 839 4901 reperire
860 4849 984 4902 possum,
1008 4835 1053 4900 qui
1073 4848 1090 4885 a
1107 4835 1236 4887 cicerone
1258 4835 1420 4899 significatos
1436 4838 1472 4889 sit
1489 4839 1596 4902 praeter

271 4907 429 4979 Ciceronem
449 4912 549 4978 ipsum,
573 4912 617 4964 cul
639 4913 805 4977 apertissime
825 4912 893 4963 hacc
916 4911 1046 4963 sententia
1065 4911 1158 4975 percis
1174 4913 1236 4961 ante
1252 4910 1342 4962 verbio
1358 4911 1496 4963 utnulan:
1522 4912 1597 4964 Valde

270 4983 331 5036 milet
344 4984 450 5047 poclm
462 4990 543 5050 potest
558 4985 668 5051 (monice
685 4987 770 5050 dicit),
787 4987 830 5050 qul
842 4986 930 5050 paullo
947 4992 1007 5037 cote
1021 4986 1084 5037 otor.
1101 4987 1157 5037 otro
1171 4987 1272 5050 pecto
1288 4987 1421 5051 totpotm
1436 4993 1512 5039 cntra
1526 4988 1597 5038 ordi-

270 5069 328 5110 nem
348 5073 399 5112 sos
419 5060 501 5114 dcdt.»
522 5062 632 5114 llanrro
656 5087 684 5100 -
710 5061 751 5114 ΞΒ.
769 5056 855 5126 καινὴ·
876 5063 887 5112 t
910 5087 938 5098 -
965 5061 1007 5112 29.
1024 5061 1106 5113 cudda
1125 5062 1154 5112 to
1173 5061 1313 5114 madidas
1333 5063 1383 5125 isc.
1402 5061 1595 5126 decernuntur)

272 5134 367 5200 scripsi
382 5137 450 5188 coni.
468 5137 587 5190 income:
604 5137 685 5190 molto
699 5137 817 5197 coenata
834 5135 915 5201 tiqui
932 5134 995 5187 alias
1012 5148 1091 5188 cosm.
1108 5134 1150 5187 rel
1167 5149 1216 5187 cos.
1233 5149 1284 5201 per
1299 5149 1395 5188 omnes
1411 5149 1490 5188 cneus
1507 5138 1535 5185 et
1545 5148 1597 5186 nu·

271 5209 1349 5276 maurianensem:marm,coeruem(eos.}nh310‚ead0†eom
1373 5238 1401 5249 -
1426 5211 1492 5262 cuer
1513 5211 1549 5261 at
1566 5233 1594 5244 -

272 5283 460 5342 moolli:
484 5285 815 5353 austmsotsicoteoleel,
837 5285 961 5350 emmer,
985 5286 1093 5340 adm
1116 5283 1416 5350 ammonitorem:
1437 5284 1597 5339 amonstro
