4009 6159
694 593 767 658 aa.
788 591 984 656 arv-xv.
1012 589 1057 673 §a
1079 585 1224 656 aa-ar.
1531 583 1614 652 aare

300 771 363 827 tam
393 763 531 845 ingratae
560 760 683 824 litterae
712 747 930 844 reperientur)
948 779 1031 843 quae
1057 780 1164 824 eorum
1189 758 1318 842 gloriam
1343 778 1407 821 non
1431 757 1614 822 immortali·
1704 739 1801 855 eff

299 858 372 920 tatis
400 855 549 919 memoria
576 856 829 937 prosequantur?
863 857 912 916 Tu
932 874 1008 917 vero
1035 854 1176 917 adscribe
1198 874 1247 916 me
1269 854 1363 916 talem
1384 852 1418 915 in
1438 872 1613 915 numerum.

248 951 251 956 '
299 951 383 1012 XlV.
406 944 457 1011 3l.
487 948 548 1012 Sed
571 968 665 1012 unam
687 968 752 1011 rem
773 965 884 1012 vereor
905 967 945 1010 ne
967 967 1031 1010 non
1054 947 1179 1030 prebes.
1216 946 1249 1009 Si
1270 947 1356 1009 enim
1376 947 1520 1019 inissem,
1550 964 1614 1007 non

299 1043 401 1106 solum
423 1062 545 1126 regem,
569 1042 625 1104 sad
648 1043 741 1105 etiam
762 1061 893 1122 regnum
916 1042 955 1103 de
976 1061 1011 1104 re
1032 1041 1159 1125 publica
1178 1040 1390 1114 sustulissem
1413 1047 1460 1113 et,
1484 1039 1511 1100 si
1526 1057 1615 1100 meus

300 1134 389 1200 stilus
411 1133 464 1198 ille
486 1135 614 1209 fnisset,
643 1142 679 1198 ut
699 1135 830 1209 dicitur,
860 1135 1067 1209 mihicrede,
1089 1155 1154 1196 non
1176 1134 1278 1198 solum
1299 1155 1395 1198 unum
1417 1140 1537 1206 aetum,
1559 1131 1639 1194 sede
1706 1177 1709 1182 -

299 1237 397 1293 tetam
426 1219 567 1292 liubulam
602 1228 815 1292 confecissem.
860 1228 1059 1312 Quamquam
1088 1230 1114 1290 si
1138 1228 1271 1291 interfici
1295 1229 1457 1292 Caesarem
1478 1225 1616 1289 voluisse

300 1325 418 1386 crimen
442 1331 506 1398 est,
529 1323 618 1398 vide,
641 1343 778 1407 quaeso,
805 1323 935 1397 Antoni,
959 1322 1034 1404 qnid
1056 1321 1119 1384 tibi·
1134 1321 1272 1385 futurum
1293 1321 1348 1395 sit,
1372 1340 1465 1404 quem
1488 1329 1520 1382 et
1539 1321 1617 1381 Nar-

299 1418 382 1480 bone
411 1416 473 1480 hoc
503 1418 668 1481 consilium
698 1437 769 1480 cum
791 1417 947 1479 Trebonio
975 1414 1097 1497 cepisse
1122 1415 1320 1479 notissimum
1342 1421 1404 1488 est,
1434 1421 1465 1476 et
1486 1413 1526 1476 ob
1548 1412 1616 1474 eius
1678 1405 1684 1414 '

300 1509 422 1574 consilii
446 1511 645 1585 societatem,
675 1531 744 1573 cum
766 1510 994 1573 interficeretur
1016 1508 1146 1581 Caesar,
1177 1518 1241 1571 tum
1263 1516 1294 1571 te
1317 1528 1335 1571 a
1356 1508 1514 1571 Trebonio
1537 1505 1618 1568 ridi·

300 1625 368 1668 mus
400 1605 552 1667 serocari.
595 1605 662 1686 Ego
688 1613 791 1667 autem
813 1637 855 1648 -
876 1603 948 1666 vide
978 1623 1071 1686 quam
1102 1612 1205 1665 tecum
1230 1622 1318 1685 agam
1341 1621 1406 1664 non
1426 1599 1553 1662 inimice
1576 1608 1654 1654 ·-t⁰

300 1697 386 1780 qued
408 1698 490 1760 bane
512 1698 655 1780 cogitasti
676 1697 866 1780 aliquando,
888 1697 1000 1771 lando;
1023 1696 1110 1779 quod
1133 1716 1196 1757 non
1219 1695 1382 1769 indicasti,
1405 1697 1518 1778 gratias
1538 1715 1617 1776 ago;

303 1791 389 1875 quod
411 1811 476 1854 non
497 1791 616 1866 fecisti,
638 1793 783 1873 ignosco:
807 1791 909 1854 virum
930 1811 980 1853 res
1002 1789 1056 1851 illa
1078 1789 1258 1871 quaerebat.
1294 1787 1345 1850 35.
1367 1788 1460 1864 Quod
1482 1789 1509 1850 si
1532 1797 1563 1850 te
1584 1787 1618 1848 in

301 1885 452 1948 iudicium
478 1886 548 1968 quis
570 1884 707 1948 adducat
729 1892 922 1967 usurpetque
944 1882 1023 1946 illud
1046 1883 1243 1957 Cassianum,
1267 1884 1332 1945 cui
1354 1883 1453 1945 bone
1475 1882 1491 1944 l
1495 1881 1618 1954 uerit,

302 1975 388 2052 vide,
420 1996 556 2062 quaeso,
585 1999 624 2042 ne
653 1977 794 2041 haereas.
839 1977 1038 2061 Quamquam
1065 1977 1144 2038 illud
1171 1977 1246 2052 brit,
1275 1984 1311 2039 ut
1331 1977 1457 2040 dicebas
1480 1975 1618 2060 quidem,

301 2073 446 2136 omnibus
480 2073 580 2147 bone,
613 2073 667 2156 qui
699 2073 816 2135 servire
844 2071 1010 2144 nolebant,
1042 2070 1099 2132 tibi
1128 2080 1233 2134 tamen
1261 2074 1446 2154 praecipue,
1467 2069 1522 2153 qui
1553 2087 1655 2134 nones

301 2168 395 2230 mede
417 2187 482 2229 uon
505 2168 618 2240 servis,
649 2166 704 2228 scd
727 2167 819 2228 etiam
841 2183 971 2246 regnas,
1001 2165 1056 2246 qni
1077 2167 1213 2227 maxime
1234 2171 1267 2227 to
1288 2183 1359 2227 aere
1381 2163 1482 2226 alieno
1504 2162 1545 2225 ad
1566 2182 1619 2225 ae-

301 2261 372 2322 dem
395 2259 472 2342 Opis
503 2259 691 2332 liberavisti,
720 2260 776 2341 qui
804 2277 861 2340 per
882 2255 1008 2320 easdem
1029 2256 1150 2319 tabulas
1171 2259 1431 2321 innumerabilem
1452 2258 1619 2340 pecuniam

302 2353 513 2435 dissiparisti,
546 2352 586 2414 ad
621 2372 716 2434 quem
744 2371 761 2412 a
790 2351 883 2414 demo
913 2350 1055 2413 Caesaris
1083 2358 1145 2413 tam
1167 2351 1264 2414 multa
1285 2352 1389 2416 delata
1409 2349 1618 2428 sunt,(cuius

301 2446 386 2508 dorni
414 2446 694 2529 quaestuosissima
724 2451 775 2534 m)
799 2443 950 2508 falsorum
974 2444 1322 2530 commentariorumpt
1343 2445 1619 2530 chirographorum

285 2533 443 2618 (officina,
466 2528 629 2624 agrorum)
651 2537 851 2619 oppidorum,
872 2538 1127 2613 immunitatium,
1146 2538 1345 2620 vectigalium
1360 2536 1655 2622 flagitiosissimaeae

289 2621 481 2704 (nundinae)
517 2628 568 2692 36.
589 2632 714 2694 Etenim
738 2652 819 2714 quae
841 2651 891 2694 res
914 2632 1044 2714 egestati
1066 2641 1098 2695 ct
1118 2633 1182 2694 aeri
1204 2631 1306 2695 alieno
1328 2639 1382 2729 ipe
1398 2642 1523 2716 praeter
1536 2654 1619 2696 mor-

301 2732 365 2788 tem
389 2725 531 2789 Caesaris
554 2725 719 2789 subvenire
741 2726 917 2808 potuisset?
939 2725 1052 2788 Nescio
1073 2725 1148 2807 quid
1170 2725 1373 2790 conturbatus
1395 2747 1464 2790 esse
1486 2726 1618 2789 riderisa

302 2839 377 2882 num
400 2818 477 2903 quid
500 2820 651 2883 subtimes
674 2841 713 2884 ne
735 2819 775 2883 ad
798 2826 829 2883 te
851 2821 912 2884 hec
934 2820 1050 2882 crimen
1073 2820 1231 2902 pertinere
1253 2819 1420 2884 necaturi
1451 2819 1564 2883 hibero
1588 2828 1617 2882 te

302 2920 406 2976 metu:
428 2933 521 2976 nemo
545 2914 652 2977 credet
673 2933 840 2998 umquam
865 2936 929 2978 non
953 2920 1000 2976 est
1021 2922 1109 2976 tuum
1131 2913 1171 2976 de
1193 2933 1226 2975 re
1247 2913 1373 2997 publiea
1393 2915 1474 2977 bene
1490 2914 1617 2989 mereri;

301 3005 396 3069 babet
416 3006 510 3070 istius
532 3008 734 3092 pulcherrimi
756 3009 830 3072 faeti
852 3008 1042 3072 clarissimos
1057 3009 1140 3071 viros
1161 3027 1213 3069 res
1233 3008 1359 3090 publica
1379 3017 1536 3072 auctores:
1548 3025 1655 3090 egeae

302 3107 332 3162 te
353 3106 474 3164 mutum
497 3101 634 3183 gaudere
656 3101 743 3176 dico,
762 3101 875 3165 fecisse
897 3122 960 3164 non
982 3121 1089 3184 argue.
1132 3093 1292 3184 Respondi
1314 3102 1460 3165 maximia
1480 3101 1619 3165 crimini·

300 3193 377 3257 bus:
399 3213 483 3256 nune
506 3195 601 3256 etiam
623 3195 754 3277 reliquis
774 3194 1029 3278 respondendum
1051 3202 1108 3258 est.

364 3288 432 3348 XV.
454 3282 506 3348 37.
530 3287 636 3352 Castra
658 3287 733 3350 mibi
754 3289 883 3370 Pompei
901 3299 998 3372 atque
1020 3289 1099 3352 illud
1114 3309 1207 3353 omne
1230 3297 1355 3373 tempus
1370 3289 1523 3354 obiecisti.
1545 3289 1617 3365 Quo

302 3379 431 3463 quidem
452 3381 668 3463 temporelsii
681 3389 717 3444 ut
738 3378 945 3472 dixi,(meum
968 3383 1136 3446 consilium
1152 3385 1381 3468 auctoritasque
1396 3383 1616 3473 valmssetptu
1706 3379 1788 3492 sp]
1805 3393 1886 3483 gs,

300 3472 396 3538 bodie
418 3493 540 3556 egeras,
565 3495 624 3537 nes
647 3475 737 3538 liberi
761 3494 915 3551 essemus,
937 3497 988 3540 ras
1011 3476 1136 3559 publica
1157 3498 1221 3540 non
1235 3485 1283 3540 tot
1298 3477 1394 3542 duces
1409 3484 1441 3541 et
1459 3479 1653 3543 exercitasse

302 3567 465 3632 amisisset.
501 3569 613 3632 Fateor
635 3569 719 3632 eninr
740 3590 808 3645 me,
829 3589 901 3632 aum
923 3589 959 3634 ea
980 3589 1061 3652 quae
1082 3570 1264 3634 acciderunt
1284 3572 1481 3654 providerem
1501 3573 1617 3649 lutura,

367 3860 390 3912 4.
407 3859 580 3921 repperiantur
596 3861 645 3922 gt3
665 3860 825 3922 repertantur
841 3860 924 3910 ab-
942 3861 1129 3911 inmortalitatis
1143 3863 1166 3911 D
1185 3887 1212 3896 -
1230 3863 1256 3912 2.
1273 3876 1313 3912 ma
1328 3862 1435 3914 mocrite
1451 3866 1461 3914 t
1478 3891 1506 3902 -
1525 3865 1575 3914 tate
1590 3864 1617 3913 ia

301 3947 430 3986 ememtes
446 3935 482 3995 V,
500 3934 527 3984 ia
543 3935 617 3985 talam
633 3948 701 3984 eum.
720 3935 828 3986 tselus.
843 3959 870 3970 -
889 3935 914 3986 3.
931 3935 1007 4000 faisse
1022 3936 1055 3991 V:
1074 3950 1124 3987 aea
1139 3936 1240 4000 hainau
1256 3950 1271 3986 a
1286 3964 1312 3974 -
1330 3937 1355 3989 i.
1373 3941 1447 3988 ctiam
1463 3952 1567 4002 reguum
1578 3938 1614 3987 V:

300 4025 405 4078 reguum
425 4010 501 4062 attam
517 4011 568 4061 DO
585 4037 618 4047 -
638 4010 738 4072 publica
754 4024 807 4061 om.
825 4011 857 4059 V¹
873 4028 909 4048 ...
927 4012 1065 4061 rostatisam
1080 4013 1103 4061 V
1118 4038 1151 4048 -
1172 4013 1197 4063 6.
1214 4013 1248 4074 aa]
1261 4013 1345 4063 aoab
1365 4040 1391 4049 -
1418 4015 1529 4076 interfeci
1546 4015 1569 4063 V
1584 4041 1617 4050 —-

299 4087 428 4138 cumbran
449 4088 461 4136 t
480 4111 514 4123 -
540 4086 565 4135 7.
582 4085 726 4136 uenatore
746 4081 792 4146 V¹;
816 4082 927 4136 aurbeai
948 4087 966 4136 b
986 4113 1013 4122 -
1038 4087 1062 4138 8.
1080 4089 1124 4138 uec
1146 4088 1274 4138 comediam
1294 4101 1348 4139 em.
1365 4090 1377 4138 t
1391 4115 1426 4126 -
1446 4090 1563 4140 Trebonio
1579 4090 1615 4139 V:

301 4161 328 4211 C.
347 4159 464 4212 trabeata
480 4161 532 4211 Do
551 4186 578 4196 -
602 4165 687 4211 aetum
705 4173 767 4210 a-
787 4161 811 4210 9.
829 4160 929 4211 retiario
945 4162 968 4210 V
984 4190 1017 4200 -
1040 4165 1152 4215 uidemus
1168 4169 1251 4216 at-
1274 4165 1313 4216 te.
1331 4165 1442 4216 aebecari
1456 4167 1479 4215 V
1495 4191 1528 4204 —-
1547 4167 1618 4217 vidae

300 4235 372 4284 D-
393 4248 462 4300 agae
478 4237 501 4284 V
516 4261 550 4272 -
572 4237 612 4286 44.
631 4237 766 4297 aliquande
783 4247 836 4285 om.
856 4249 871 4285 a
893 4261 926 4272 -
946 4249 995 4286 aaa
1020 4249 1073 4287 om.
1091 4239 1115 4286 V
1132 4265 1160 4276 -
1188 4239 1228 4289 42.
1244 4240 1336 4305 caum]
1357 4253 1448 4291 uersam
1467 4244 1528 4306 agt
1545 4270 1572 4279 -
1595 4247 1619 4292 te

299 4309 327 4359 ta
342 4310 474 4361 irradiatum
490 4313 545 4373 quis
560 4311 583 4360 V
593 4326 598 4370 ;
617 4311 644 4361 ta
659 4311 778 4362 iudicium
795 4312 849 4373 quia
865 4317 888 4362 te
903 4311 922 4363 b
939 4339 972 4349 -
989 4311 1029 4362 43.
1047 4312 1149 4361 addicat
1163 4313 1229 4361 V-
1244 4314 1373 4364 aurdanau
1382 4315 1419 4373 V;
1438 4315 1516 4366 carmi
1531 4329 1619 4366 nomae

301 4384 348 4447 gt3
367 4385 429 4435 iliud
445 4386 592 4438 emmenum
608 4387 648 4437 cui
665 4385 727 4436 boue
744 4385 821 4436 alleri
837 4388 917 4438 Prisc.
935 4387 1027 4449 xviii,
1045 4385 1085 4437 id.
1104 4387 1119 4450 5
1135 4386 1193 4438 293.
1209 4413 1243 4424 -
1259 4387 1300 4438 rt.
1319 4400 1395 4450 quam
1411 4391 1422 4438 t
1437 4418 1470 4428 -
1485 4390 1547 4440 iliud
1560 4392 1617 4453 suit,

299 4464 329 4509 at
343 4459 440 4512 emebat
456 4462 554 4524 guidem
570 4473 636 4512 nes:
654 4463 716 4512 iliud
731 4462 778 4526 suit
794 4466 822 4511 tu
837 4467 865 4510 ut
881 4463 977 4513 diruas
993 4462 1091 4525 guidam
1106 4463 1144 4518 Vt
1167 4463 1230 4513 idad
1246 4463 1343 4525 quidam
1358 4463 1419 4526 satit,
1436 4469 1465 4513 at
1480 4469 1508 4514 tu
1523 4465 1620 4515 amabar

300 4534 366 4598 ΒΟ,
389 4534 438 4586 sed
458 4550 512 4601 ag:
536 4537 634 4600 quiderm
652 4538 715 4587 idue
730 4564 763 4574 -
783 4541 811 4587 ui
831 4543 884 4588 tam
900 4539 997 4590 dicebas
1013 4538 1166 4601 Madvigius.
1184 4564 1217 4574 -
1234 4539 1274 4588 ta.
1292 4538 1360 4588 bocia
1376 4542 1387 4588 t
1402 4563 1436 4574 -
1451 4541 1545 4590 seruire
1561 4539 1620 4590 baut

301 4608 367 4658 v-
383 4623 434 4660 aaa
445 4623 498 4661 ern.
512 4624 571 4660 a-
588 4612 628 4663 46.
641 4613 753 4662 mamma
769 4615 780 4662 t
794 4639 827 4649 -
844 4613 909 4678 aare]
921 4613 1027 4664 raV-
1047 4614 1087 4662 tr.
1105 4611 1240 4663 liberauiati
1255 4612 1311 4662 bt:
1329 4612 1443 4663 liberabis
1458 4614 1493 4675 V;
1512 4614 1621 4664 liberasti

302 4684 372 4748 ago
383 4711 418 4722 -
434 4685 474 4735 48.
486 4686 611 4750 adquae]
629 4691 703 4750 atque
719 4689 743 4745 t;
762 4691 789 4736 at
805 4689 847 4749 qui
863 4687 896 4748 b;
915 4689 974 4750 quia
991 4701 1051 4752 g-
1067 4687 1147 4736 ditata
1163 4700 1223 4736 a—
1240 4689 1379 4749 ludamus
1394 4691 1456 4739 D-
1475 4689 1621 4752 quaesitori-

301 4761 341 4809 sia
351 4760 388 4819 V;
407 4757 590 4822 quamtieeiuiai
602 4760 620 4811 b
634 4789 666 4800 -
677 4763 906 4826 cbmograpieram
917 4766 935 4826 t,
953 4763 1168 4826 ouregrapbenau
1178 4763 1200 4810 V
1209 4775 1234 4826 g,
1252 4764 1344 4827 cirogr.
1359 4764 1399 4814 ab
1412 4792 1445 4802 —-
1461 4765 1502 4814 20.
1520 4767 1621 4829 ositciaa

302 4847 425 4899 amarum
440 4835 587 4897 oppidorum
603 4847 656 4887 om.
675 4837 698 4885 V
715 4837 805 4902 (efficia
821 4838 839 4902 t)
859 4864 886 4875 -
905 4839 1098 4890 immunitatium
1113 4835 1148 4885 V:
1166 4838 1331 4890 mandabatis
1346 4841 1381 4896 ba
1399 4841 1583 4891 immmritatum
1600 4841 1620 4890 0

302 4933 338 4950 -·
355 4909 541 4976 flagitiossimaa
557 4912 580 4960 V
598 4939 625 4948 -
641 4913 689 4983 .²⁴·
709 4925 766 4963 aare
787 4915 797 4963 4
814 4941 846 4950 -
867 4916 909 4966 22.
927 4915 1025 4966 caesari
1044 4913 1166 4964 areunae
1184 4914 1304 4976 potuisses
1320 4912 1418 4978 (ultima
1434 4928 1447 4965 a
1463 4915 1531 4980 erp.)
1549 4915 1572 4964 V
1587 4942 1621 4952 -

302 4995 352 5034 esea
367 4983 402 5033 Vz
420 4984 481 5035 milii
497 4998 546 5037 aare
562 4988 584 5037 D
601 5015 634 5025 -
649 4989 691 5040 23.
708 4990 824 5052 septima
839 4989 862 5040 V
878 5017 911 5029 -
932 4991 1032 5041 uidetur
1047 4990 1070 5038 V
1088 5015 1115 5026 -
1133 4989 1174 5040 24.
1191 4990 1267 5055 matu]
1283 4990 1354 5041 maeri
1370 5005 1386 5041 a
1402 5018 1435 5028 -
1450 5005 1534 5042 eumue
1550 4992 1572 5038 V
1588 5017 1622 5028 -·

302 5057 343 5108 26.
362 5062 385 5107 ta
401 5071 527 5110 eme-
544 5064 598 5114 diae
613 5065 723 5129 gaudem
738 5078 779 5130 ag
793 5063 1071 5129 -iiuumVabg,
1090 5071 1148 5115 ture
1163 5066 1217 5116 t-
1232 5057 1482 5130 terameeivae:
1500 5067 1543 5118 Ca.
1557 5067 1622 5132 (aa.)

301 5133 410 5196 Pompeii
426 5137 476 5198 gt3
495 5138 679 5203 Pampatio-
695 5140 826 5192 44444444-
842 5141 1037 5193 abiaeiairv-
1053 5142 1119 5201 uuae
1134 5141 1146 5190 t
1160 5169 1194 5179 -
1209 5141 1249 5191 29.
1267 5141 1331 5192 aicae
1346 5143 1357 5192 t
1372 5169 1406 5180 -
1421 5141 1476 5191 dici
1490 5141 1621 5190 maeuii:

303 5209 678 5268 diaimmV-ualutuav-
692 5217 732 5269 30.
745 5219 775 5280 at]
793 5219 937 5268 eteoet-
951 5216 991 5266 34.
1004 5216 1436 5283 amiratV1—caquaalequaaV;
1454 5229 1548 5267 ecem.
1562 5229 1623 5266 a-

302 5285 763 5358 aeciauiutt-prouidamtuturam
773 5292 983 5357 verumtanem
993 5292 1021 5342 et
1032 5291 1315 5358 deindepraeuidtescm
1324 5291 1454 5345 lambat
1467 5304 1489 5343 s.
1499 5291 1533 5342 ad
1545 5291 1560 5356 i
1571 5291 1622 5358 24.)

344 5377 433 5429 erma
446 5379 472 5430 2.
482 5379 510 5432 44.
1361 5385 1402 5451 79
1468 5436 1473 5443 .
