4009 6159
403 533 487 604 4072
828 537 980 603 ORATIO
1002 539 1045 604 ΙΝ
1066 538 1102 604 1..
1122 537 1301 606 alsenam

402 708 543 775 omnium
571 707 712 790 gentium
742 709 876 785 uictore,
904 727 1055 794 umquam
1082 730 1117 774 se
1141 710 1187 775 illi
1214 728 1281 774 rem
1309 709 1469 794 publicam
1498 710 1605 775 delere
1628 731 1723 798 posse

401 801 570 866 duxerunt.
608 805 708 866 Arne
730 804 858 890 quidem
879 805 972 868 etiam
998 823 1118 888 poenas
1140 805 1320 888 expetistis,
1349 805 1465 889 quibus
1488 806 1723 871 coniuratorum

400 916 508 960 manes
532 891 749 980 [mortuorum]
773 898 958 980 expiaretis:
981 917 1074 963 omne
1096 898 1221 974 odium,
1248 899 1405 963 inclusum
1426 897 1556 963 nefariis
1577 899 1722 963 sensibus

400 992 584 1074 impiorum,
606 990 640 1052 in
662 1010 713 1054 me
733 989 929 1074 profudistis.
966 991 1109 1068 Quorum
1131 1012 1190 1075 ego
1212 992 1311 1056 furori
1333 994 1395 1056 nisi
1410 995 1593 1068 cessissem,
1615 993 1649 1056 iu
1665 992 1723 1055 Ca·

375 1084 506 1150 otilinae
527 1083 620 1150 busto
641 1084 731 1148 vobis
753 1084 886 1148 ducibus
909 1092 1060 1150 mactatus
1084 1106 1196 1150 essem.
1226 1085 1321 1162 Quod
1337 1096 1442 1150 autem
1458 1087 1721 1151 mainsindicium

398 1179 601 1261 exspectatis,
623 1178 703 1242 nihil
724 1179 808 1243 inter
829 1197 885 1242 vos
907 1187 939 1244 et
962 1179 1128 1243 Catilinam
1149 1181 1349 1256 interfuisse,
1372 1199 1467 1264 quam
1483 1179 1569 1265 quod
1588 1179 1722 1244 eandem

396 1269 483 1335 illam
505 1292 632 1336 manum
655 1292 695 1336 ex
716 1273 933 1337 intermortuis
951 1272 1104 1338 Catilinae
1124 1274 1269 1359 reliquiis
1284 1275 1486 1338 concitastis?
1509 1275 1595 1358 quod
1610 1293 1722 1338 omnes

396 1366 538 1451 undique
559 1365 703 1452 perditos
724 1366 917 1449 collegistis?
939 1366 1027 1452 quod
1047 1366 1082 1430 iu
1103 1386 1153 1431 mc
1169 1388 1325 1432 carcerem
1341 1366 1520 1432 edudistisl
1543 1367 1630 1453 quod
1645 1389 1722 1432 oon·

396 1459 516 1525 iuratos
537 1461 705 1525 armastis?
728 1461 813 1544 quod
828 1478 936 1526 eorum
954 1460 1037 1524 ferro
1051 1480 1088 1524 ac
1101 1461 1201 1526 furori
1216 1481 1322 1526 meum
1337 1481 1453 1545 corpus
1468 1469 1565 1546 atque
1578 1462 1720 1528 omnium

359 1553 551 1618 lobonorum
572 1555 668 1619 vitam
691 1553 829 1617 obiicere
851 1552 1021 1617 voluistis?
1053 1556 1135 1618 Vlll.
1158 1549 1209 1618 l7.
1232 1555 1295 1618 Sed
1316 1556 1377 1620 iam
1400 1555 1496 1618 redeo
1518 1555 1559 1619 ad
1580 1555 1721 1638 praeola-

396 1667 461 1713 ram
482 1648 567 1712 illam
589 1649 769 1713 contionem
791 1655 887 1712 tuam.
920 1649 968 1710 Tu
984 1667 1018 1712 es
1040 1648 1105 1722 ille,
1127 1649 1176 1713 cui
1195 1648 1362 1713 crudelitas
1378 1648 1547 1732 displicet?
1568 1649 1633 1733 qui,
1648 1669 1719 1713 cum

395 1749 523 1806 senatus
544 1742 663 1806 luctum
685 1762 721 1806 ac
744 1741 885 1806 dolorem
907 1762 998 1805 suum
1021 1742 1116 1806 vestis
1139 1744 1312 1806 mutatione
1335 1741 1558 1807 declarandum
1579 1743 1721 1808 censuis-

393 1846 458 1912 set,
481 1856 551 1900 cum
573 1836 699 1901 videres
720 1855 860 1899 maerere
881 1855 948 1899 rem
968 1833 1129 1920 publicam
1149 1836 1335 1920 amplissimi
1358 1837 1479 1900 ordinis
1500 1836 1603 1913 luctu,
1625 1859 1645 1900 o
1659 1855 1719 1900 no·

395 1937 459 1994 ster
479 1931 674 1996 misericorsl
704 1931 781 2016 quid
802 1929 904 1996 facist
925 1931 1012 2015 quod
1033 1931 1121 1996 nulla
1141 1931 1175 1995 in
1196 1931 1342 1996 bmbaria
1363 1932 1530 2017 quisquam
1552 1941 1716 2017 tyrannus.

357 2022 513 2088 ⁴³0mitto
534 2024 618 2088 enim
639 2026 736 2100 illud,
758 2024 920 2108 consulem
943 2024 1068 2089 edicere
1090 2034 1125 2089 ut
1145 2033 1275 2090 senatus
1297 2025 1442 2089 consulto
1464 2047 1505 2090 ne
1520 2027 1719 2110 obtempere-

394 2127 459 2196 tur,
488 2139 553 2204 quo
573 2119 699 2184 foedius
722 2138 781 2182 nec
803 2115 871 2182 lieri
892 2139 951 2184 uec
974 2118 1105 2202 cogitari
1128 2119 1303 2206 quidquam
1324 2127 1447 2204 potest:
1479 2120 1520 2185 ad
1542 2123 1719 2186 misericor-

394 2213 478 2278 diam
499 2213 596 2277 redeo
619 2213 705 2288 eius,
728 2213 779 2277 cui
800 2211 894 2277 nimis
916 2212 1042 2277 uidetur
1063 2222 1190 2278 senatus
1212 2215 1245 2278 in
1260 2212 1476 2279 conservanda
1497 2214 1600 2300 patria
1619 2216 1718 2280 fuisse

394 2307 541 2372 erudelis.
577 2303 628 2371 48.
650 2307 784 2372 Edicere
806 2314 854 2370 est
876 2327 973 2372 ausus
996 2327 1067 2372 cum
1090 2308 1146 2371 illo
1162 2329 1219 2374 sno
1233 2310 1319 2393 pari,
1341 2329 1437 2393 quem
1451 2317 1556 2374 tamen
1571 2310 1718 2374 omnibus

394 2402 478 2466 vitiis
500 2421 648 2487 superare
671 2402 834 2486 cupiebat,
861 2410 897 2465 ut
918 2410 1047 2466 senatus
1069 2411 1295 2487 contraquam
1317 2401 1386 2486 ipse
1407 2404 1584 2468 censuisset
1603 2404 1642 2468 ad
1663 2421 1719 2468 ee-

355 2499 508 2563 rostitum·
526 2497 652 2562 rediret.
691 2495 771 2572 Quis
802 2495 864 2560 lroc
885 2495 961 2562 fecit
982 2496 1049 2560 ulla
1069 2495 1103 2559 in
1126 2496 1253 2580 Scythia
1274 2504 1448 2580 tyrannus,
1475 2506 1512 2561 ut
1532 2516 1607 2572 eos,
1636 2517 1716 2581 quos

392 2591 478 2656 luctu
500 2591 659 2665 afficeret,
680 2589 789 2674 lugere
812 2609 877 2654 non
899 2590 1039 2654 sineret?
1061 2591 1236 2656 ldaerorem
1250 2591 1422 2675 relinquis;
1445 2593 1595 2656 maeroris
1611 2589 1715 2656 aufers

390 2686 544 2769 insignia:
568 2684 665 2769 eripis
686 2685 844 2760 lacrimas,
866 2703 933 2749 non
946 2683 1153 2760 consolando,
1175 2683 1231 2748 sed
1247 2684 1407 2749 minando.
1441 2684 1536 2761 Quod
1555 2687 1581 2750 si
1595 2693 1715 2750 vestem

391 2801 457 2844 non
478 2780 605 2866 publico
629 2778 761 2843 consilio
782 2788 888 2863 patres
911 2777 1097 2861 conscripti,
1120 2778 1177 2842 sed
1197 2778 1322 2862 privato
1344 2778 1452 2844 officio
1472 2789 1527 2843 aut
1540 2779 1715 2843 misericor·

392 2874 444 2937 dia
472 2873 693 2948 mutavissent,
722 2882 828 2937 tamen
854 2872 886 2937 id
914 2871 963 2936 his
985 2891 1051 2936 non
1073 2872 1168 2935 licere
1191 2892 1248 2957 per
1269 2871 1436 2936 interdicta
1456 2873 1621 2957 potestatis
1640 2883 1715 2936 tuae

353 2968 587 3033 recrudelitatis
609 2975 676 3032 erat
696 2987 761 3031 non
781 2968 948 3032 ferendaez
974 2986 1046 3031 oum
1067 2986 1144 3030 vero
1164 2967 1197 3030 id
1218 2974 1348 3031 senatus
1369 2966 1520 3052 frequens
1541 2969 1715 3032 censuisset

391 3072 423 3128 et
443 3082 553 3129 omnes
574 3061 702 3126 ordines
729 3062 843 3147 reliqui
870 3063 932 3125 iam
954 3069 1029 3124 ante
1049 3058 1214 3137 fecissent,
1242 3069 1292 3136 tu,
1315 3081 1357 3124 ex
1377 3062 1574 3126 tenebricosa
1595 3061 1714 3146 popina

389 3158 503 3223 consul
524 3163 699 3232 extractus,
721 3176 792 3220 cum
814 3156 869 3220 illa
891 3155 1050 3219 saltatrice
1071 3162 1164 3219 tonsa
1184 3163 1329 3219 senatum
1349 3154 1460 3240 populi
1474 3156 1606 3221 Romani
1621 3174 1713 3220 occa·

390 3272 460 3317 snm
482 3261 578 3338 atque
599 3251 759 3315 interitum
780 3249 827 3313 rei
849 3249 995 3332 publicae
1017 3250 1124 3331 lugere
1146 3252 1282 3314 vetuisti.
1385 3253 1389 3258 '

473 3347 528 3410 lx.
549 3347 655 3429 Atque
676 3343 849 3428 quaerebat
870 3345 964 3407 etiam
984 3344 1080 3429 paulo
1100 3350 1175 3408 ante
1197 3346 1237 3410 de
1259 3367 1326 3421 me,
1349 3346 1427 3431 quid
1447 3365 1506 3410 suo
1528 3345 1606 3410 mihi
1627 3363 1709 3429 opus

351 3439 657 3515 utricularium
686 3458 744 3502 cur
770 3457 834 3501 non
861 3439 939 3501 meis
960 3438 1113 3512 inimicis,
1142 3440 1221 3503 meis
1244 3441 1345 3524 copiis
1367 3439 1564 3504 restitissem.
1608 3438 1710 3515 Quasi

388 3555 464 3599 vero
492 3554 556 3598 non
584 3533 678 3597 modo
706 3552 781 3616 ego,
812 3533 867 3617 qui
897 3532 1004 3595 multis
1031 3551 1126 3616 saepe
1147 3534 1270 3598 auxilio
1291 3535 1426 3610 fuerim,
1461 3533 1517 3598 sed
1539 3533 1708 3618 quisquam

389 3636 450 3693 tam
474 3629 566 3713 inops
586 3627 682 3692 fuerit
702 3647 869 3712 umquam,
891 3627 947 3711 qui
967 3627 1029 3691 isto
1050 3647 1116 3691 non
1137 3629 1232 3693 modo
1245 3638 1479 3716 propugnatore
1501 3629 1650 3693 tutiorem
1666 3644 1711 3699 se,

452 3951 477 4003 l.
494 3951 536 4002 ille
551 3951 572 4002 li
589 3977 617 3988 -
636 3950 661 4001 3.
679 3963 766 4002 moses
781 3952 813 4001 S:
830 3955 921 4002 4444444
938 3947 985 4003 El*
1003 3977 1029 3988 -
1049 3956 1206 4002 mortum
1221 3947 1353 4014 glossema
1370 3945 1512 4002 videbatur
1526 3945 1661 3999 Abramlo.
1682 3971 1709 3983 -

387 4023 446 4077 fort.
464 4025 587 4076 4444444444
602 4025 630 4077 ia
645 4025 751 4090 mser-tis
768 4051 795 4062 -·
821 4025 926 4090 44444444
940 4025 1062 4077 maulim
1077 4025 1138 4078 eod.
1156 4025 1330 4078 victorianus.
1351 4052 1378 4062 -
1397 4027 1422 4076 4.
1442 4027 1513 4088 Quod
1523 4052 1563 4066 --
1572 4023 1711 4085 marsim

386 4099 468 4152 habet
478 4101 623 4152 Arusleuus
639 4112 666 4164 p.
679 4100 728 4152 430
738 4101 767 4152 L.
781 4126 809 4137 -
827 4100 947 4151 4444444444
963 4101 1011 4152 l'G
1025 4127 1052 4139 -
1070 4101 1094 4152 7.
1112 4100 1274 4151 mucltetur:
1291 4097 1372 4151 solus.
1388 4126 1416 4137 -
1434 4101 1459 4151 9.
1472 4114 1504 4151 oc
1518 4098 1601 4164 4444444
1617 4097 1707 4147 EGP:

386 4187 439 4225 om.
459 4175 512 4226 FS.
536 4175 618 4226 Caute
636 4177 725 4226 tamen
742 4175 806 4228 diclt
822 4178 961 4228 Garatoni:
980 4177 1044 4228 44444
1061 4179 1119 4227 eret
1133 4177 1202 4240 [erro
1214 4175 1381 4239 (praesertim
1392 4187 1455 4226 cum
1464 4186 1545 4239 supra
1558 4174 1593 4225 sit
1603 4183 1710 4235 queam

384 4261 430 4312 opo
444 4250 548 4314 444444),
566 4252 596 4301 ut
612 4251 691 4302 moia
707 4264 734 4316 p.
753 4249 805 4304 llil.
824 4250 870 4313 ll,
889 4251 904 4314 5
922 4251 963 4304 30.
983 4279 1011 4288 -
1036 4253 1077 4303 44.
1095 4253 1139 4315 pul
1155 4250 1199 4302 ed.
1217 4251 1317 4301 Veneta
1335 4249 1413 4302 llll:
1436 4250 1514 4301 cuit}
1534 4275 1560 4285 -
1580 4249 1620 4299 lt.
1637 4259 1709 4296 444444

386 4335 439 4374 om.
458 4327 523 4374 G-
548 4324 731 4388 timeamus
751 4326 883 4390 4444444444
906 4328 924 4378 Ρ
941 4352 968 4362 -
994 4327 1035 4378 lt.
1055 4332 1109 4395 ..to
1126 4327 1296 4379 44444--4444
1311 4329 1335 4376 te
1351 4338 1378 4390 p.
1396 4325 1473 4388 4044,
1492 4326 1524 4376 ld
1541 4323 1622 4375 habel
1639 4322 1659 4372 'l'
1678 4347 1705 4358 -

666 4403 691 4435 444

385 4446 521 4497 salmom.
540 4447 603 4497 F-
621 4449 683 4500 illud
699 4451 719 4500 Τ
737 4473 764 4486 -
782 4455 811 4500 at
826 4453 926 4500 4444444
941 4449 1051 4502 comodo
1067 4463 1099 4501 ss
1115 4449 1295 4511 4444444444
1309 4447 1385 4499 TEF
1402 4447 1460 4513 (sed
1477 4448 1524 4498 EF
1540 4445 1706 4509 cummi:

383 4523 1093 4587 mmmmmeooruoneotaeeoperesso-
1120 4522 1416 4588 tl.tut.rroom.l'-
1442 4519 1705 4572 titulatum:-

384 4597 426 4648 20.
442 4596 500 4661 feeit
515 4597 549 4659 T,
569 4601 600 4648 ut
615 4598 733 4650 videtur:
754 4599 853 4663 sooltC
873 4626 898 4638 -
923 4599 964 4650 24.
981 4599 1103 4661 4444444444
1123 4599 1182 4649 Ts:
1206 4612 1257 4648 ooo
1272 4596 1393 4660 ratoque
1408 4597 1456 4648 EF
1474 4622 1502 4632 -
1525 4594 1566 4646 tl.
1584 4595 1622 4644 lis
1643 4593 1705 4643 TE:

383 4671 431 4721 4444
447 4671 479 4734 F,
497 4671 599 4724 lisso.
620 4674 658 4724 444
673 4672 744 4726 bene
761 4685 791 4725 se
808 4672 904 4733 hebet;
923 4687 986 4724 nam
1003 4673 1066 4725 dicit
1078 4675 1132 4726 cic.
1145 4673 1172 4722 lu
1189 4675 1292 4724 senatu.
1308 4699 1334 4709 -
1349 4667 1709 4734 poteatottstooeemdetttots's

384 4747 474 4799 TEP:
492 4748 647 4800 crudelitatis
662 4749 863 4813 tuoepolsstotta
879 4749 982 4800 Fuso
1002 4776 1030 4786 -
1048 4750 1089 4800 25.
1107 4753 1163 4799 erut
1179 4762 1230 4798 ooo
1245 4747 1365 4811 [4444444
1380 4760 1434 4798 om.
1452 4747 1510 4796 S-
1527 4744 1568 4796 26.
1587 4749 1610 4793 el
1625 4754 1708 4793 manes

383 4823 416 4872 T:
435 4833 488 4871 om.
507 4820 585 4873 codd.
604 4822 660 4875 rell.
679 4827 706 4874 et
722 4824 742 4875 0
761 4851 789 4863 ·-
812 4823 939 4875 4444444444
956 4825 1005 4875 Fe
1022 4849 1049 4859 -
1072 4824 1113 4874 27.
1129 4836 1191 4886 pop.
1209 4824 1238 4874 ll.
1256 4836 1372 4874 acconen
1392 4835 1447 4874 om.
1465 4821 1499 4882 Ἐς
1522 4819 1601 4872 Balio
1619 4815 1708 4883 popule
1817 4818 1820 4824 “

1555 4893 1577 4938 ll

382 4953 412 5007 lt.
424 4951 569 5005 delendum
584 4951 696 5004 videtur.
710 4977 737 4990 -·
756 4953 995 5019 aeconomia
1006 4980 1034 4992 -
1052 4953 1094 5006 29.
1111 4954 1190 5016 aueo
1206 4953 1341 5018 4444444444
1357 4966 1419 5006 nos:
1437 4952 1514 5015 Allo.
1531 4949 1658 5003 lutam
1670 4948 1704 5008 T,

381 5031 413 5081 At
433 5029 568 5093 4444444444
588 5028 638 5080 CO
657 5056 684 5068 -
708 5029 749 5079 34.
766 5029 858 5094 faetor
875 5031 908 5082 T:
933 5029 1034 5095 44444444
1054 5028 1133 5080 codd.
1151 5027 1208 5080 rell.
1227 5032 1254 5081 et
1277 5030 1307 5081 0.
1334 5025 1596 5093 «ln‘simpllcisslma
1619 5025 1703 5077 forma

382 5105 512 5157 renuntia
528 5104 567 5156 slc
583 5103 748 5155 enuncianda
765 5107 834 5156 erat:
857 5106 893 5156 lui
910 5117 990 5171 saepe
1008 5102 1102 5156 auxillo
1119 5102 1189 5168 aliis,
1208 5105 1286 5168 igitur
1301 5116 1354 5156 non
1370 5103 1497 5170 putabam
1514 5102 1539 5153 te
1557 5109 1706 5168 propugna-

382 5183 440 5231 tore
456 5181 581 5231 tutlorem
597 5191 642 5231 me
659 5179 728 5232 fors:
747 5179 861 5244 ideoque
878 5178 1022 5233 dleendum
1038 5180 1111 5243 quon
1125 5193 1181 5247 epo,
1199 5182 1267 5245 put-
1276 5181 1376 5248 4444444.
1395 5182 1491 5232 contra
1507 5191 1570 5231 mox
1587 5177 1645 5242 540
1663 5177 1705 5227 est

382 5257 425 5319 444
439 5255 614 5322 meam
628 5255 739 5324 prepter
755 5253 918 5310 antecedens
934 5255 998 5322 rtet.»
1015 5255 1095 5310 nme.
