4009 6159
93 759 137 2144 ἰἔέἶὲσὲἲτᾩΞέ-ἒΠῖἰ-ῗῗί

93 3352 115 4843 ειἹ-«ιι-τπεὲε““ᾮῖ“ᾒ-““Ρ““-““ῗ“

93 2474 124 2542 ot

94 2564 124 2610 4

93 2647 122 2698 se

93 2734 123 2785 4

93 2820 120 2871 ao

93 2918 121 2956 441·

93 2990 119 3042 u

93 3077 119 3127 4

97 3164 145 3212 41.

710 579 902 643 ΑΒΒΕΝΒΑ
922 578 975 641 ΕΤ
1001 576 1272 643 CORRIGENDA.
1577 574 1660 643 tt57

332 743 384 796 ulla
401 742 529 811 temporis
546 745 609 795 nota
626 744 715 810 (taen);
732 746 783 811 ipsi
800 747 872 798 enim
890 744 954 797 nihil
971 746 1087 810 cogitant
1101 746 1134 797 de
1146 746 1197 797 alio
1209 746 1330 811 tempore
1342 744 1442 810 (aurun
1461 746 1554 797 Cicero
1566 749 1658 798 eontra

333 831 407 880 recte
424 829 501 891 dicit,
520 829 593 894 quod
610 834 669 880 4444
685 830 785 881 iactum
801 832 848 892 eit,
864 832 1024 881 nuncetiam
1041 830 1099 880 fleri
1114 843 1204 895 posse.
1231 831 1324 893 ltaque
1338 830 1361 879 si
1372 829 1424 879 hoc
1436 828 1544 881 distare
1560 829 1656 895 placet,

332 913 411 964 buius
427 912 499 964 modi
517 914 567 964 erit
583 904 682 977 forma:
702 915 871 979 siemporis,
888 915 987 977 inquit,
1006 926 1087 966 causa
1104 913 1266 974 iaciebant„
1286 913 1419 976 concedo,
1438 914 1499 974 sed,
1518 916 1541 965 si
1551 917 1659 980 tempus

332 996 393 1057 luit,
412 998 453 1047 est
468 997 549 1047 etlam
566 1010 638 1049 nune
653 998 769 1063 tempus.
793 999 911 1063 Apparet
926 1002 979 1047 4444
994 995 1084 1049 locum
1100 997 1201 1049 habere
1218 998 1244 1048 in
1257 997 1429 1059 refutatione,
1448 996 1547 1049 nullum
1566 1000 1592 1049 in
1609 1012 1658 1050 ex-

332 1081 478 1131 cusatione.
500 1082 611 1132 4444444.

397 1173 413 1237 4
430 1174 461 1225 37
480 1187 508 1240 p.
526 1170 604 1237 4446,Ι
621 1175 661 1226 43.
685 1176 763 1237 lues,
781 1190 830 1239 quo
846 1190 878 1227 eo
891 1175 999 1238 peccota
1011 1176 1168 1239 peruenerit,
1185 1190 1236 1227 ooo
1252 1176 1303 1225 suis
1318 1177 1429 1239 propriis
1443 1176 1556 1237 44444444,
1573 1177 1616 1226 sed
1630 1178 1658 1225 44

331 1270 403 1309 recen
422 1258 496 1322 sectis
516 1260 679 1309 4444444444
698 1260 783 1311 sotem.
815 1260 907 1324 Neque
930 1260 961 1309 tis
981 1261 1024 1310 est
1041 1257 1109 1323 villa,
1133 1272 1186 1324 quo
1204 1272 1236 1310 ea
1257 1260 1369 1325 pecunia
1387 1260 1540 1325 pervenerit
1556 1260 1614 1323 (etsi
1630 1260 1657 1309 id

330 1341 457 1392 iudicium
474 1355 508 1393 ex
523 1342 607 1393 litium
619 1344 802 1394 aestimatione
814 1344 905 1406 444444)
917 1356 1005 1407 neque
1022 1344 1084 1405 lites,
1102 1342 1151 1395 sed
1166 1342 1287 1394 homines
1298 1343 1459 1393 condemnari
1469 1341 1563 1393 solent.
1582 1344 1656 1403 Quae

331 1428 422 1476 essent
436 1426 532 1477 4444444
546 1427 575 1476 to
589 1441 662 1478 reum
677 1427 761 1491 sacto,
785 1429 917 1478 contraria
932 1428 984 1477 4444
1001 1428 1128 1490 propriis,
1150 1440 1204 1477 non
1224 1425 1397 1490 intelligerem
1420 1428 1491 1490 (nam
1508 1427 1598 1477 omnia
1614 1428 1656 1477 iu-

330 1509 398 1560 dicia
414 1510 442 1561 ln
458 1523 535 1561 reum
552 1510 642 1575 ilunt),
667 1512 716 1563 nisi
740 1525 773 1563 ex
794 1513 850 1562 toto
866 1510 926 1561 loco
942 1516 1107 1576 suspicarer,
1130 1524 1162 1561 44
1185 1508 1292 1575 intelligi
1309 1509 1423 1573 debere,
1447 1524 1516 1575 quae
1533 1512 1560 1561 in
1577 1511 1656 1561 otium

329 1606 407 1645 reum
425 1595 650 1659 (repetundarum)
669 1596 731 1645 ante
746 1593 816 1646 iacta
828 1596 931 1655 essent,
949 1596 1018 1645 miro
1036 1608 1100 1645 sane
1118 1593 1244 1659 loquendi
1260 1608 1367 1659 genere.
1394 1594 1447 1645 Sed
1463 1592 1584 1645 vocabuli
1601 1594 1656 1645 44444

328 1688 363 1727 44
380 1679 520 1731 minimum
537 1679 646 1745 quidem
670 1681 698 1730 in
715 1678 853 1732 codicibus
869 1679 1010 1742 vestigium
1027 1680 1083 1739 est;
1106 1678 1218 1742 probis
1235 1680 1326 1729 autem
1341 1680 1383 1729 sed
1397 1680 1425 1729 io
1440 1692 1512 1729 reum
1526 1679 1602 1742 444444
1617 1678 1654 1729 ibi

329 1760 465 1824 scribitur,
483 1762 627 1827 particulae
643 1765 686 1814 sed
701 1762 773 1814 nullo
789 1764 900 1826 vestigio
917 1761 1024 1813 relicto:
1042 1764 1069 1813 io
1084 1776 1139 1813 rem
1154 1762 1224 1825 sacti.
1247 1764 1422 1827 Perspicuum
1440 1765 1481 1813 est
1497 1763 1655 1815 Ciceronem

329 1844 363 1895 de
379 1846 532 1899 bominibus
549 1847 654 1912 dicere,
676 1848 728 1899 bac
745 1848 871 1898 orationis
887 1846 986 1898 lot-ma:
1012 1848 1066 1910 Quo
1083 1860 1113 1897 eo
1126 1847 1234 1910 4444444
1248 1847 1388 1909 pevenese
1405 1846 1445 1909 (id
1462 1848 1517 1908 est,
1538 1848 1590 1898 hoc
1607 1860 1654 1897 ca-

328 1929 397 1993 pite,
414 1931 467 1982 hoc
484 1932 609 1995 crimine,
632 1932 705 1997 quod
721 1932 764 1982 bis
782 1929 871 1983 verbis
888 1930 1062 1995 significatur,
1087 1934 1117 1981 ut
1132 1943 1214 1997 saepe
1234 1930 1322 1981 iudicii
1339 1943 1436 1994 genus,
1460 1944 1513 1993 quo
1531 1932 1590 1996 quis
1606 1944 1654 1981 44-

327 2017 435 2066 cusatus
455 2015 630 2067 damnatusve
651 2017 699 2078 sit,
721 2016 800 2066 buius
823 2014 895 2066 modi
914 2013 980 2078 legis
995 2011 1086 2065 verbis
1103 2014 1273 2078 ostenditur),
1297 2029 1348 2065 oco
1363 2016 1415 2066 4444
1428 2016 1540 2078 propetis
1554 2017 1655 2067 44444444

327 2099 376 2150 rei
396 2098 481 2162 [4444
502 2102 664 2151 ooodemoom'
683 2100 761 2150 444444
783 2098 840 2161 (sed
862 2100 939 2163 quasi
960 2099 1108 2164 appendice
1130 2099 1275 2163 superioris
1294 2100 1503 2164 rqietundarum
1520 2099 1610 2151 iudicii
1627 2102 1654 2151 ia

326 2184 368 2233 ius
385 2184 470 2245 trahil.
495 2186 621 2249 lpsumne
639 2182 701 2234 illud
717 2184 755 2235 rei
769 2183 833 2247 [4444
850 2183 945 2233 Cicero
962 2184 1082 2248 posuerit
1098 2195 1132 2233 en
1143 2180 1214 2232 aliud
1226 2182 1345 2233 eiusdem
1357 2184 1463 2247 generis
1474 2185 1652 2250 participium,

326 2280 379 2317 non
396 2265 494 2317 definio
512 2266 593 2330 (velot
608 2271 699 2333 aptum
722 2266 755 2317 ed
773 2268 933 2319 sententiam
953 2269 1027 2318 esset
1042 2267 1165 2328 44444444).
1195 2264 1274 2317 Paulo
1296 2269 1372 2331 post,
1395 2267 1442 2318 ubi
1462 2268 1606 2320 Lambinus
1627 2272 1654 2319 et

326 2347 384 2412 alii,
406 2349 469 2415 quid
486 2352 616 2402 sententia
634 2353 662 2402 et
678 2352 847 2402 cohaerentia
863 2352 989 2401 orationis
1006 2350 1165 2415 postularet,
1184 2349 1321 2411 viderunt,
1345 2352 1394 2401 sed
1411 2354 1468 2403 sine
1484 2351 1537 2403 ulla
1587 2351 1653 2405 oba-

325 2434 426 2485 hilitete
443 2438 591 2501 posuerunt
607 2449 685 2498 qaam
699 2435 793 2499 ceperit
808 2435 843 2495 is,
861 2446 977 2499 quorum
987 2433 1133 2485 verborum
1150 2432 1251 2497 (saltem
1264 2434 1379 2486 duorum
1395 2438 1564 2501 postremoru
1593 2438 1600 2499 l
1616 2451 1650 2488 ne

325 2519 511 2572 tenuissimum
533 2520 643 2585 quidem
664 2522 692 2570 in
715 2518 851 2571 codicibus
873 2516 1000 2568 indicium
1022 2519 1078 2580 est,
1104 2518 1173 2569 banc
1194 2520 1290 2583 opinor
1311 2519 1392 2571 luisse
1413 2532 1506 2571 veram
1526 2521 1650 2571 orationis

326 2602 454 2654 iormam:
478 2610 507 2654 44
522 2605 626 2669 irrumpi
641 2605 715 2668 [44444
728 2604 820 2667 possit,
844 2602 960 2665 quodue
974 2615 1006 2652 eo
1019 2602 1141 2665 peceato,
1166 2616 1227 2666 444
1249 2616 1378 2653 reorum
1394 2604 1465 2667 quis
1480 2606 1651 2655 damnatos

324 2688 380 2749 sit,
401 2690 542 2750 pevenese
563 2683 603 2739 44
624 2690 766 2751 aliquem
788 2686 853 2749 (boc
869 2686 979 2737 codices
996 2685 1108 2747 addunt)
1130 2688 1157 2737 44
1172 2688 1216 2737 tlte
1229 2688 1314 2749 primo
1329 2688 1421 2737 4444444
1435 2688 1541 2750 ptoomn
1556 2690 1651 2751 sactum

323 2772 368 2833 stt,
387 2774 413 2822 id
428 2774 473 2823 444
488 2786 578 2837 penae
592 2774 679 2823 4444444
694 2773 775 2836 rediet
790 2772 875 2822 sotere.
902 2771 1016 2822 Codices
1037 2769 1138 2822 babent
1154 2784 1188 2822 44
1203 2784 1234 2821 ec
1247 2772 1369 2834 pecunia,
1387 2783 1453 2832 quae
1469 2773 1504 2822 44
1519 2786 1591 2835 queo
1607 2788 1650 2824 eo-

323 2869 382 2905 rum
399 2857 442 2918 qut
458 2857 594 2907 44444444
608 2861 657 2919 444,
681 2858 708 2906 44
725 2852 823 2920 qulbus
838 2856 873 2905 44
889 2868 962 2917 queo
978 2867 1070 2905 errore
1088 2868 1120 2904 ex
1137 2855 1182 2916 iis,
1201 2867 1270 2918 quae
1288 2856 1437 2919 sequuntur
1454 2855 1601 2919 (pesenae
1616 2858 1650 2907 44

323 2939 442 3005 mquam
458 2941 512 2991 buc
527 2942 674 2991 retractum
690 2942 764 3021 puto.
788 2941 897 2991 Minue.

389 3033 453 3096 §to
475 3047 502 3099 p.
520 3034 595 3097 4447,
613 3034 654 3085 43.
682 3036 711 3085 44
734 3033 875 3097 desperato
898 3030 957 3083 loco
973 3044 1056 3084 unum
1074 3032 1167 3093 video,
1186 3032 1254 3082 haec
1269 3033 1385 3097 primum
1402 3031 1485 3082 verba
1502 3031 1648 3083 cohaerere

323 3120 351 3167 et
366 3117 394 3167 id
410 3119 562 3180 continere,
586 3116 658 3183 qnod
676 3131 691 3167 a
709 3116 839 3168 contrarie
856 3117 932 3180 parte
950 3116 1043 3168 Cicero
1061 3115 1113 3166 dici
1129 3116 1217 3181 lingit:
1239 3116 1271 3167 At
1287 3120 1434 3179 permutato
1450 3116 1588 3177 aliquando
1602 3130 1649 3179 pe-

321 3203 397 3253 44444
414 3207 463 3262 444;
481 3203 570 3253 ductos
585 3200 758 3266 (4444444444)
773 3212 850 3250 noves
863 3200 971 3250 44444444
981 3200 1087 3250 motis
1103 3205 1174 3262 suat,
1193 3200 1295 3250 4444444
1308 3200 1426 3264 cecoque
1440 3212 1541 3251 merces.
1561 3200 1648 3259 (Dice-

320 3286 387 3336 bant
408 3286 544 3347 homines,
567 3286 725 3352 pecuniam,
750 3297 832 3349 quam
848 3282 970 3336 Rabirius
992 3285 1047 3349 regi
1066 3284 1236 3345 credidisset,
1260 3296 1314 3333 non
1331 3282 1401 3334 illem
1419 3282 1528 3347 quidem
1545 3284 1570 3334 ei
1586 3282 1649 3334 414-

320 3369 447 3419 xandriae
470 3372 638 3421 numeratam
660 3381 736 3429 esse,
759 3367 808 3419 sed
830 3369 921 3418 444444
948 3366 1127 3432 permutando
1149 3366 1277 3429 solutam,
1304 3379 1388 3431 quum
1410 3380 1491 3417 naves
1512 3366 1647 3417 mercibus

320 3453 455 3517 Aegyptiis
478 3456 588 3504 onustae
614 3452 711 3504 Rabirii
735 3454 843 3503 nomine
869 3450 1025 3502 Alexandria
1048 3452 1184 3502 venissent
1206 3463 1293 3514 exque
1314 3451 1346 3500 iis
1368 3449 1502 3501 mercibus
1524 3450 1647 3514 pretiosis

320 3539 433 3601 pecunia
454 3538 554 3588 reiecta
575 3539 656 3589 esset.
687 3537 755 3587 Nam
774 3536 826 3585 boc
848 3537 927 3587 etiam
947 3535 1109 3597 permutandi
1130 3534 1237 3585 nomine
1260 3535 1424 3596 continetur,
1449 3546 1532 3598 quum
1548 3547 1597 3599 pro
1615 3548 1647 3584 ea

320 3622 446 3685 pecnnia,
471 3634 539 3685 quae
557 3619 731 3672 Alexandriae
753 3618 919 3671 numeranda
940 3620 982 3670 est
1002 3618 1095 3683 (adeor
1111 3617 1307 3681 aesauzohtem)
1324 3631 1356 3668 44
1373 3618 1554 3681 assignantur,
1577 3630 1646 3681 quae

318 3707 346 3754 in
363 3703 435 3755 ltalia
452 3717 467 3754 e
486 3704 621 3755 mercibus
639 3704 797 3766 conficitur.)
822 3702 923 3755 Deinde
941 3703 1092 3766 adiungitur
1108 3716 1122 3752 e
1141 3702 1275 3752 Ciceronis
1294 3702 1376 3766 ipsius
1392 3702 1537 3752 sententia:
1559 3701 1646 3751 Falla-

318 3801 358 3839 ces
374 3789 472 3851 quidem
488 3792 512 3837 et
526 3788 641 3851 4444444,
659 3789 754 3839 44444444
764 3788 816 3837 444.
836 3784 1048 3850 (Elevattllarum
1060 3786 1199 3847 mercium,
1218 3798 1284 3848 quas
1296 3784 1392 3835 Rabirii
1404 3786 1512 3836 nomine
1523 3784 1646 3838 Puteolos

318 3871 444 3923 advectas
461 3868 553 3935 ibique
570 3872 692 3922 venditas
709 3884 807 3935 negare
825 3884 878 3921 non
895 3872 998 3935 potest,
1016 3870 1130 3934 pretium
1148 3870 1280 3933 negatque
1299 3882 1332 3920 ex
1347 3870 1379 3920 iis
1393 3870 1523 3933 quantum
1540 3870 1645 3921 Rabirio
1719 3889 1722 3895 ·

319 3951 464 4005 deberetur
483 3952 536 4005 ullo
560 3955 641 4007 modo
659 3955 755 4007 conilci
771 3954 897 4021 potuisse.
930 3954 967 4005 Ea
990 3951 1102 4003 elevatio
1123 3952 1273 4017 adiungitur
1293 3951 1421 4017 particula
1444 3954 1555 4017 quidem,
1582 3957 1645 4003 noto

318 4049 381 4099 usu,
400 4038 435 4089 de
452 4051 507 4103 quo
524 4038 577 4089 dixi
594 4039 629 4090 ad
646 4040 700 4091 Cic.
713 4039 747 4091 de
764 4040 819 4089 444.
835 4051 862 4104 p.
875 4038 916 4100 il,
935 4036 1033 4090 oblitus
1051 4039 1140 4087 tamen
1158 4036 1299 4097 adnotare,
1317 4041 1341 4087 et
1357 4037 1455 4099 4444444
1471 4036 1571 4087 habere
1589 4035 1646 4087 ele-

317 4124 453 4175 vationem
475 4136 509 4173 ex
530 4123 655 4175 adiuncta
676 4122 726 4173 alia
748 4136 793 4184 re,
816 4123 915 4183 4444444
935 4123 1037 4173 tautum
1059 4118 1252 4184 elevationem.)
1279 4120 1374 4172 Cetera
1396 4120 1494 4171 intacta
1512 4120 1643 4185 relinquo.

319 4206 428 4258 timue.

383 4288 399 4352 fi
414 4289 447 4340 42
464 4304 490 4355 p.
510 4291 587 4353 4448,
604 4291 638 4342 20
654 4297 712 4342 suot
727 4303 758 4341 44
774 4289 873 4352 4444444
887 4301 998 4353 mopttu,
1017 4290 1073 4352 quis
1087 4286 1181 4353 nepot?
1197 4289 1240 4339 sed
1254 4289 1353 4353 4444444
1369 4289 1482 4339 44444444
1496 4294 1552 4338 stat
1565 4302 1645 4351 proe-

315 4372 374 4422 miir
389 4374 424 4422 44
437 4374 586 4425 modom
601 4375 730 4426 4444444444
740 4374 923 4436 senpitemcm.
949 4372 1002 4423 Res
1015 4376 1103 4437 gestas
1114 4373 1279 4437 virtutesque
1291 4372 1326 4423 ad
1336 4374 1495 4423 memoriam
1505 4372 1645 4423 bominum

315 4457 457 4522 propagari
477 4457 541 4521 quid
562 4460 610 4521 sit,
633 4457 763 4522 intelltgo;
786 4456 835 4508 sed
856 4456 920 4520 quid
942 4457 976 4507 sit
999 4468 1045 4507 eas
1067 4456 1182 4507 excitare
1205 4454 1240 4507 ad
1261 4456 1420 4507 memoriam
1436 4457 1641 4520 sempiternam,

315 4540 422 4602 nescio;
446 4542 531 4605 magle
553 4543 656 4611 etiam,
671 4542 735 4607 quid
757 4541 803 4603 sit,
827 4540 953 4605 praemiis
974 4552 1007 4591 ea
1024 4540 1058 4590 od
1076 4539 1235 4590 memoriam
1252 4540 1381 4599 excitsre;
1404 4552 1467 4591 nam
1484 4541 1644 4591 memoriam

315 4626 454 4677 hominum
475 4627 522 4676 aut
541 4626 630 4690 ipsum
651 4626 801 4690 praemium
823 4636 883 4675 esse
904 4624 970 4688 puto
991 4624 1037 4675 444
1054 4636 1117 4676 cum
1133 4622 1260 4689 praemiis
1278 4623 1459 4685 coniunctam,
1482 4626 1512 4674 44
1528 4626 1641 4689 utroque

314 4707 437 4761 homines
453 4709 597 4759 incitentur
613 4708 648 4759 ad
664 4722 709 4759 res
726 4706 870 4772 gerendas,
893 4719 948 4758 non
969 4710 1000 4758 ut
1016 4709 1063 4757 aot
1080 4706 1206 4771 praemiis
1223 4706 1258 4757 ed
1275 4708 1433 4758 memoriam
1450 4710 1496 4759 aut
1512 4708 1640 4759 memorie

314 4792 349 4842 ad
365 4793 484 4857 praemla
501 4792 659 4844 excitentur.
686 4791 796 4857 Scripsit
806 4790 900 4841 Cicero
914 4790 1036 4854 44444444
1052 4804 1089 4841 44
1104 4790 1237 4841 mecurio
1252 4790 1379 4841 44444444
1394 4792 1563 4855 4444444444.
1588 4792 1641 4845 Sed

312 4872 384 4927 aliud
404 4878 545 4941 praeterea
567 4876 696 4927 mendum
716 4888 777 4927 esse
798 4877 876 4940 puto;
901 4873 1078 4938 nequeenim
1100 4875 1127 4924 in
1143 4874 1195 4925 laec
1212 4871 1327 4938 generali
1344 4876 1474 4926 sententia
1490 4873 1560 4925 ullus
1576 4888 1642 4940 per·

313 4956 382 5010 tecto
398 4958 474 5011 locus
491 4962 547 5022 est;
564 4962 654 5025 itaque
669 4972 721 5025 pro
737 4958 850 5009 wettoto
865 4962 923 5009 suot
939 4958 1068 5024 scriptum
1084 4958 1165 5010 itrisse
1183 4957 1267 5011 credo
1284 4960 1436 5010 ecctmotw.
1456 4960 1565 5011 illuvio.

377 5051 395 5116 s
411 5052 444 5104 to
465 5065 491 5117 p.
511 5052 584 5117 4449,
601 5053 644 5104 so.
664 5051 720 5103 litei
736 5050 873 5103 offendere
889 5052 978 5116 potest
992 5052 1036 5102 ter
1051 5050 1211 5103 brevissimo
1227 5050 1365 5103 intervallo
1381 5063 1523 5104 recurrens
1540 5064 1639 5103 nomen

311 5135 370 5199 44444,
390 5137 479 5187 umen
496 5137 603 5200 iniuria,
622 5138 732 5203 opinor,
750 5136 887 5187 Emestios
903 5134 932 5186 id
948 5148 1048 5187 nomen
1066 5137 1186 5187 extremo
1201 5134 1260 5187 loco
1277 5134 1391 5187 sustulit.
1417 5136 1483 5187 Nam
1500 5147 1584 5200 quum
1600 5138 1640 5188 sie

312 5218 420 5270 44444444
445 5218 472 5271 G.
490 5219 586 5271 44444444
607 5221 701 5272 iudicio
716 5225 740 5272 et
754 5220 882 5271 4444444444
899 5220 979 5284 titios,
1001 5224 1097 5271 444444
1114 5221 1221 5283 sectis,
1245 5219 1358 5273 eillcitur
1373 5222 1403 5271 ut
1419 5220 1551 5272 contraria
1569 5219 1639 5273 iuter

354 5319 444 5366 4444
459 5320 485 5367 4.
496 5320 519 5368 u
1355 5320 1396 5388 qq
