4009 6159
768 613 842 679 co.
863 613 888 677 1.
916 609 962 696 sc
986 607 1091 678 i-a.
1502 599 1584 672 acci

347 785 373 847 Ι.
395 781 424 845 4.
447 777 496 816 ⁴¹*
518 783 625 846 lamna
645 782 752 858 vides,
774 781 884 857 belua,
908 785 1012 847 iamne
1033 783 1143 856 santis
1166 800 1249 866 quae
1270 781 1311 844 sit
1332 781 1495 843 hominnm
1510 798 1587 862 que-
1690 781 1712 849 4

262 879 342 943 ralla
368 878 481 940 frontis
507 880 603 941 tuac‘l
634 879 734 941 Nemo
764 879 906 960 queritur
938 879 1053 960 Syrum
1079 878 1186 940 nescio
1208 897 1302 960 qnam
1324 875 1364 938 de
1385 893 1478 958 grege
1500 872 1589 937 novi-

263 975 385 1038 ciorum
412 970 529 1036 factum
557 991 625 1035 assa
660 972 831 1037 consulam.
860 959 944 1044 (Non
974 972 1059 1034 enim
1082 990 1140 1034 nos
1162 971 1250 1035 color
1272 971 1331 1034 iste
1353 968 1494 1042 servilis,
1522 985 1588 1029 non
1721 1038 1725 1051 Ι

262 1067 387 1152 pilosae
408 1083 523 1147 genae,
552 1086 616 1130 non
638 1068 749 1130 dentes
770 1064 891 1149 putridi
913 1062 1123 1153 deceperunt]
1150 1064 1251 1139 oculi,
1282 1063 1469 1148 supercilia,
1490 1059 1588 1134 bons,
1666 1067 1749 1126 W

262 1160 369 1224 vultus
391 1159 528 1242 denique
550 1166 650 1235 totars,
674 1161 729 1248 qni
752 1180 854 1224 sermo
876 1161 1006 1244 quidam
1028 1161 1142 1224 tacitus
1163 1160 1278 1223 mentis
1293 1166 1357 1242 ast,
1378 1157 1431 1220 bic
1450 1155 1484 1218 in
1505 1153 1613 1218 trau-c
1709 1185 1726 1246 Α

263 1255 336 1320 dem
362 1255 509 1317 bominac
537 1244 761 1337 impulit;'‘bic
789 1275 860 1330 cos,
890 1255 1006 1342 quibus
1031 1262 1098 1317 erat
1119 1255 1261 1337 ignotus,
1291 1255 1431 1335 decepit,
1459 1251 1589 1324 fefellit,

262 1350 398 1413 induxit.
430 1348 523 1411 Pauci
545 1348 606 1411 ista
627 1355 679 1412 tua
701 1349 856 1412 lutulenta
871 1349 947 1412 vitia
963 1367 1132 1423 notamus3
1153 1349 1248 1430 panai
1268 1348 1446 1411 tarditatem
1460 1345 1590 1429 ingenii,

262 1453 423 1529 amporam
453 1441 708 1526 debilitatemque
739 1443 875 1525 linguae.
918 1445 1098 1526 Numquam
1127 1451 1194 1506 erat
1221 1442 1331 1506 audita
1358 1461 1422 1505 vox
1448 1441 1481 1502 in
1509 1437 1589 1511 toro,

263 1555 434 1620 numquam
456 1537 633 1619 periculum
653 1535 767 1601 lactum
790 1537 932 1614 consilii;
958 1538 1082 1601 nullum
1104 1557 1170 1600 non
1192 1537 1287 1600 modo
1309 1537 1448 1611 illustra,
1471 1536 1526 1598 sed
1548 1550 1589 1594 ne

262 1637 373 1695 notum
395 1630 524 1714 quidam
545 1630 662 1694 factum
684 1638 739 1694 aut
761 1631 893 1695 militiae
914 1639 969 1695 aut
992 1631 1088 1693 domi.
1122 1631 1300 1715 Obrepsisti
1322 1631 1362 1694 ad
1384 1630 1522 1692 bonores
1541 1635 1628 1688 ento

262 1743 333 1788 rora
365 1723 543 1798 bominum,
574 1725 845 1788 commendatione
873 1723 1069 1789 fumosarum
1099 1727 1288 1808 imaginum,
1324 1743 1457 1811 quarum
1489 1717 1590 1786 simile

262 1819 361 1882 babes
391 1817 472 1880 nibil
500 1827 625 1901 praeter
646 1819 795 1882 colorem.
839 1816 869 1881 2.
893 1821 923 1882 ls
945 1819 1024 1883 mibi
1046 1820 1142 1906 etiam
1164 1820 1318 1902 gloriatur
1339 1839 1373 1882 se
1395 1837 1504 1882 omnes
1526 1835 1592 1879 ma·

262 1913 410 1995 gistratus
432 1912 500 1975 sine
521 1913 650 1994 repulsa
670 1917 871 1977 assecutum?
904 1914 982 1979 ltibi
1005 1915 1065 1977 ista
1086 1914 1163 1977 licet
1185 1915 1225 1976 de
1247 1934 1297 1976 ma
1311 1933 1386 1978 vera
1407 1933 1478 1976 cum
1492 1911 1591 1994 gloria

262 2007 462 2091 praedicara;
492 2025 600 2070 omnes
628 2008 711 2071 enim
741 2007 879 2072 bonores
905 2008 1044 2090 populus
1073 2010 1234 2072 Romanus
1260 2006 1421 2090 mihiipsi
1445 1999 1590 2089 [bomini]

263 2099 386 2164 detulit.
427 2102 506 2164 Nam
533 2107 568 2163 tu
589 2119 659 2164 cum
681 2109 886 2184 quaestores
908 2102 1026 2176 factus,
1056 2101 1153 2165 etiam
1178 2103 1233 2186 qui
1256 2108 1288 2164 tc
1310 2117 1482 2183 numquam
1504 2097 1629 2161 vioe-c

263 2203 350 2269 rant,
378 2200 484 2256 tamen
509 2194 598 2258 iilum
627 2194 779 2258 bonoram
808 2195 929 2260 nomini
963 2195 1155 2259 mandabant
1175 2202 1240 2260 tuo.
1275 2194 1397 2258 aedilis
1418 2214 1452 2258 as
1474 2193 1591 2256 iactus:

263 2290 335 2353 Piso
366 2297 416 2352 est
443 2307 462 2350 a
486 2288 606 2372 populo
627 2289 768 2353 Romano
790 2289 910 2366 iactus,
941 2309 1005 2353 non
1028 2290 1090 2353 iste
1113 2290 1195 2354 Piso.
1226 2291 1375 2354 Praetura
1396 2288 1471 2351 item
1494 2287 1592 2349 maio·

262 2383 349 2447 ribos
371 2380 476 2445 delata
497 2389 544 2445 ast
565 2383 647 2446 tuis:
675 2384 742 2447 noti
765 2390 854 2446 erant
876 2383 923 2446 illi
945 2385 1080 2458 mortui3
1114 2391 1146 2447 te
1169 2385 1276 2448 virnrn
1298 2382 1440 2447 nondum
1460 2386 1593 2444 noverat

264 2479 443 2561 quisquam.
474 2478 524 2538 lia
548 2495 619 2539 cum
642 2482 845 2560 quaestorem
868 2479 1049 2561 inprimis,
1073 2478 1209 2542 aedilem
1230 2479 1386 2563 priorem,
1413 2483 1590 2560 praetorem

262 2572 398 2655 primunr
421 2572 543 2633 cunctis
564 2570 721 2654 suffragiis
751 2571 888 2656 populus
910 2575 1072 2635 Romanus
1093 2572 1245 2647 iaciebat,
1271 2571 1394 2635 bomini
1413 2570 1469 2633 ille
1489 2569 1631 2632 hono-sc

262 2685 343 2740 rem,
365 2683 430 2727 non
455 2664 579 2747 generi,
601 2664 752 2740 moribus,
774 2686 836 2729 non
860 2665 1032 2730 maioribus
1053 2667 1149 2749 meis,
1170 2667 1280 2729 virtuti
1302 2671 1503 2748 perspectae,
1525 2681 1591 2724 non
1702 2726 1712 2744 θ

261 2759 387 2824 auditae
420 2758 577 2823 nobilitati
610 2758 779 2823 deserebat
829 2756 858 2822 3.
887 2762 965 2825 Nam
994 2759 1071 2843 quid
1104 2779 1165 2843 ago
1198 2759 1238 2822 de
1267 2758 1436 2822 consulatu
1457 2757 1591 2841 loquart

263 2861 353 2939 parto
377 2853 425 2917 vis
448 2871 530 2916 anne
551 2857 663 2935 gesto?
695 2853 844 2917 Miserum
868 2855 934 2918 mel
958 2874 1031 2917 cum
1053 2852 1120 2934 bac,
1133 2874 1183 2917 me
1198 2873 1283 2917 nunc
1304 2858 1394 2936 peste
1409 2858 1505 2934 atque
1519 2849 1591 2913 labe

262 2947 416 3014 contero?
457 2947 518 3010 Sed
540 2947 621 3011 nibil
643 2947 845 3032 comparandi
869 2967 963 3012 cause
984 2949 1114 3032 loquar,
1141 2967 1179 3012 ac
1199 2955 1305 3010 teman
1328 2965 1383 3019 aa,
1414 2962 1495 3027 quae
1518 2951 1591 3006 sunt

262 3041 445 3125 longissime
467 3041 641 3118 disiuncta,
664 3043 937 3124 comprehendam.
981 3045 1031 3105 Tu
1051 3041 1162 3106 consul
1184 3063 1218 3106 es
1240 3041 1436 3104 renuntiatus
1451 3068 1492 3083 -
1511 3038 1629 3100 nihilne

263 3137 366 3201 dicam
390 3135 530 3218 gravium
553 3155 647 3218 quam
670 3137 756 3220 quod
772 3155 881 3201 omnes
896 3137 1034 3201 fatentur
1048 3171 1091 3184 -
1105 3135 1267 3219 impeditis
1281 3135 1328 3198 rai
1349 3133 1496 3218 publicae
1512 3140 1591 3196 tem-

263 3229 409 3314 poribus,
432 3228 659 3293 dissidentibus
682 3231 863 3294 consulibus
888 3229 1034 3314 [Caesare
1056 3238 1089 3293 at
1109 3225 1252 3312 Bibulo],
1281 3248 1353 3292 cnm
1373 3228 1435 3291 boc
1456 3248 1520 3291 non
1542 3247 1592 3290 re·
1704 3203 1722 3292 (a

264 3342 392 3388 cusares
422 3323 477 3398 iis,
508 3325 665 3407 equibus
688 3324 831 3388 dicebare
854 3325 981 3399 consul,
1007 3323 1086 3408 quin
1113 3333 1145 3387 te
1167 3324 1238 3387 lnce
1260 3324 1392 3406 dignum
1412 3342 1476 3386 non
1499 3331 1592 3406 puta·

263 3427 349 3494 rant,
373 3418 435 3482 nisi
456 3419 592 3501 nequior
607 3438 701 3503 quam
716 3419 869 3482 Gabinius
884 3418 1070 3483 exstitisses.
1082 3407 1152 3503 (lde
1167 3425 1279 3482 cuncta
1294 3417 1395 3493 ltalia,
1417 3437 1467 3479 me
1482 3435 1591 3480 omnes

259 3664 319 3726 ipso
333 3661 460 3712 tantitas
476 3662 559 3723 affut.
584 3659 623 3709 Au
638 3674 695 3710 cum
711 3661 813 3710 dicitis
829 3663 941 3712 Fumant
955 3662 1039 3711 Cicero
1052 3674 1129 3710 acum
1146 3659 1193 3710 tibi
1210 3661 1263 3709 tota
1280 3661 1401 3723 cognatio
1417 3673 1526 3710 serraco
1542 3658 1592 3708 ad-

261 3737 399 3796 vehatur»,
416 3735 530 3785 medusa
544 3735 643 3784 uidetur
658 3737 686 3784 io
701 3736 830 3785 sordidum
845 3749 943 3796 umam,
954 3750 1005 3785 ooo
1018 3749 1047 3786 eo
1057 3740 1223 3798 mammam
1231 3735 1346 3796 bombis,
1359 3748 1432 3796 mem
1442 3736 1592 3785 dsumctsmi

261 3811 369 3869 volebat,
388 3811 497 3861 musa.
515 3811 548 3860 Et
564 3810 640 3860 olibi:
661 3812 756 3874 «caput
772 3813 884 3875 opponis
901 3824 962 3862 cum
980 3825 1013 3861 eo
1031 3811 1204 3861 carnificans·
1223 3811 1267 3874 [sic
1282 3811 1414 3861 emmas
1429 3825 1463 3861 ec
1478 3812 1531 3861 lect.
1545 3823 1593 3860 co·

262 3885 392 3951 nitlcans].
408 3909 435 3921 -
453 3897 555 3936 amaea
571 3883 665 3936 Bamb.
679 3887 706 3935 et
723 3884 800 3935 codd.
814 3885 920 3950 optimi:
938 3897 1046 3936 sorraco
1061 3888 1092 3935 0.
1116 3887 1250 3936 incertum
1262 3887 1312 3948 est,
1330 3898 1395 3937 num
1406 3886 1474 3938 alter
1484 3899 1591 3952 qnoque

262 3961 336 4013 iocre
357 3975 371 4011 a
390 3961 478 4021 Quint.
496 3959 589 4010 altatus
606 3973 638 4009 ex
655 3961 792 4012 Pisoniana
809 3962 852 4011 sii.
872 3987 899 4000 -
920 3961 962 4012 iil.
981 3963 1113 4012 Dunense
1135 3975 1161 4027 p.
1180 3960 1241 4012 loe:
1268 3964 1380 4025 «ineps
1399 3973 1480 4024 prope
1493 3974 1547 4020 uie,
1564 3966 1594 4012 ot

262 4037 322 4086 dicit
337 4035 432 4087 clauo.
454 4036 483 4086 ln
498 4037 609 4086 Pomm·
625 4036 691 4085 dicit
706 4036 782 4085 idem
807 4037 942 4099 proximus
964 4037 1120 4100 Pompeium
1138 4035 1294 4087 sedebam.»
1317 4038 1401 4089 Fert:
1418 4042 1447 4088 ut
1463 4037 1523 4086 dicit
1538 4037 1589 4087 Cic.

261 4114 289 4162 lo
305 4112 430 4162 flauum:
452 4112 519 4162 dicu
533 4112 612 4161 iden:
634 4111 767 4173 propensas
783 4113 834 4162 cat.
856 4137 883 4148 -
907 4113 1027 4176 Denique
1043 4111 1121 4161 ailert
1136 4113 1164 4162 P.
1182 4112 1307 4164 Pitboeus
1330 4114 1357 4163 ln
1379 4109 1502 4175 exemplo
1518 4109 1590 4174 qnod

264 4186 420 4253 possederat
437 4185 481 4237 ed.
499 4185 687 4236 Lambinianae
705 4185 774 4236 banc
795 4184 911 4249 glossam
932 4187 1021 4236 nescio
1038 4186 1109 4236 unda
1127 4185 1308 4251 desumptam:
1336 4185 1451 4255 ιτίλμα
1466 4185 1590 4238 audentia

263 4267 289 4314 in
306 4264 455 4314 Pisonem.»

328 4338 352 4387 4.
370 4337 455 4386 lomes
474 4339 505 4386 S:
529 4337 582 4387 ium
604 4338 650 4387 EF
673 4337 734 4400 tum
753 4337 810 4386 inde
825 4335 906 4386 bellua
930 4334 1060 4386 mendose
1077 4333 1156 4385 codd.
1173 4335 1295 4386 drusiam
1311 4336 1390 4388 ltess.
1409 4351 1436 4402 p.
1455 4338 1522 4398 257,
1545 4338 1590 4401 qul

262 4412 345 4462 verba
362 4423 448 4474 usque
471 4411 505 4461 ad
527 4412 691 4476 [contutans
706 4411 801 4471 auara.)
822 4439 848 4448 -
871 4413 989 4463 adimo
1009 4437 1036 4448 -
1058 4412 1184 4462 tuum
1200 4412 1303 4474 qwreto
1321 4413 1365 4461 is
1389 4414 1418 4462 at
1432 4413 1589 4463 Annianus:

262 4488 364 4550 prorue
384 4487 511 4537 musso
532 4488 553 4538 a:
573 4515 599 4524 -
625 4487 650 4538 t.
667 4489 750 4550 puros
769 4489 843 4538 ors
861 4514 888 4524 -
908 4489 932 4538 a.
950 4487 1191 4537 quw-accron
1211 4485 1294 4537 nabet
1310 4485 1406 4538 esitius
1422 4489 1453 4537 ra.
1470 4489 1502 4538 Α.
1520 4487 1590 4547 xiii,

262 4566 294 4615 25
313 4562 375 4626 (it),
394 4562 410 4626 fi
427 4563 468 4614 23.
488 4588 516 4598 -
535 4563 559 4614 6.
578 4575 635 4614 eros
650 4563 750 4627 tpuotus
766 4563 834 4613 coni.
853 4561 1037 4614 ballemandns
1054 4565 1081 4612 et
1097 4564 1194 4612 iterum
1211 4561 1281 4612 Bate
1297 4574 1324 4626 p.
1342 4561 1400 4612 298.
1420 4587 1448 4597 -
1467 4565 1492 4613 7.
1509 4575 1591 4612 aoro-

261 4651 317 4690 mau
328 4639 419 4690 EGS:
437 4652 590 4690 sosarmus
607 4640 639 4700 Ἐς
657 4651 806 4688 sumamus
823 4640 883 4688 0-
903 4641 929 4688 9.
945 4640 1050 4690 inlustra
1065 4639 1086 4689 E
1101 4665 1129 4676 -
1147 4639 1188 4688 44.
1206 4639 1362 4702 [masuram
1378 4639 1437 4687 S·-
1456 4638 1496 4687 42.
1514 4637 1593 4688 nictit

261 4715 335 4766 tabas
348 4720 452 4778 prester
467 4715 561 4766 colores
577 4717 598 4765 G
617 4741 643 4751 -
666 4714 791 4778 punctae
810 4713 854 4764 ad.
872 4713 950 4765 tiit:
972 4714 1132 4779 piceum
1149 4714 1184 4771 C,
1206 4713 1357 4778 poectum
1373 4712 1416 4764 ad.
1435 4714 1507 4764 Crat.
1526 4716 1554 4762 et
1570 4715 1592 4764 0

265 4817 291 4826 -
310 4790 391 4839 omols
407 4789 455 4839 EF
474 4815 501 4827 -
521 4791 560 4840 43.
580 4790 724 4840 mun
739 4789 786 4839 EF
805 4815 832 4825 -
857 4787 897 4840 tt.
915 4789 1009 4840 tonum
1026 4792 1061 4840 c:
1085 4790 1179 4840 mul
1200 4804 1265 4839 uoco
1281 4791 1301 4840 0
1318 4802 1380 4840 cum
1397 4788 1441 4840 ed.
1460 4787 1589 4852 llervag.;

261 4877 312 4914 coe
331 4864 427 4914 comana
450 4863 535 4914 codar
547 4865 576 4926 (4)
602 4865 700 4924 Ursini,
724 4862 797 4927 quod
817 4865 1174 4916 commendantwunderns
1191 4867 1310 4930 pxiiii
1328 4868 1355 4916 at
1371 4865 1466 4916 balius
1482 4877 1508 4926 p.
1526 4865 1589 4925 2983

262 4938 339 4990 nobis
355 4939 449 4988 comui
465 4937 552 5000 potius
568 4935 701 5000 glossema
718 4936 824 4988 videtur
840 4951 872 4988 ex
888 4951 915 4988 v.
927 4939 968 4990 20.
984 4966 1012 4976 -
1031 4942 1072 4991 45,
1091 4944 1119 4991 ta
1134 4953 1192 4990 eum
1208 4941 1251 4990 ed.
1264 4939 1371 4991 Aldina:
1390 4944 1443 4989 aas
1458 4941 1547 4990 usuc
1562 4965 1589 4976 -

263 5013 303 5064 48.
315 5013 376 5078 nott]
394 5025 445 5062 coo
461 5014 478 5061 S
497 5038 524 5046 -
542 5011 579 5061 illi
596 5013 615 5062 E
635 5037 662 5049 -·
680 5013 721 5063 it.
736 5019 880 5076 perspectos
897 5013 939 5065 ad.
956 5017 1041 5066 Crat:
1057 5015 1182 5079 pefectae
1198 5015 1232 5074 (ἔς
1252 5015 1285 5066 ci.
1303 5027 1360 5065 var.
1378 5013 1439 5065 lect.
1457 5013 1491 5064 sd
1508 5027 1547 5065 or.
1562 5027 1588 5078 p.

262 5087 344 5138 Balbo
361 5087 428 5150 5⁴6.
442 5113 470 5124 -
488 5086 607 5137 idem
623 5091 742 5150 sepau
757 5102 788 5138 oc
804 5087 859 5138 lobs
875 5089 922 5139 44-
941 5089 982 5140 24.
995 5101 1027 5139 oo
1043 5089 1171 5140 meoli:
1189 5095 1301 5142 umen
1317 5091 1430 5140 lusu.
1450 5089 1488 5141 Ct.
1502 5089 1587 5141 ltadv.

263 5161 298 5212 ad
315 5163 365 5214 cic.
384 5161 413 5211 de
429 5159 501 5211 Flac.
519 5175 546 5226 p.
565 5163 622 5213 289.
640 5161 697 5214 iao.
715 5163 772 5215 874.
793 5190 821 5201 -
839 5167 975 5215 coemit
993 5189 1020 5200 -·
1039 5165 1081 5214 25.
1098 5166 1260 5228 mmpmuom
1277 5166 1589 5230 premendoque?

265 5259 293 5274 -·
312 5238 353 5288 27.
366 5236 473 5288 cauare
488 5241 512 5287 et
528 5235 615 5288 Bibulo
632 5235 765 5301 glossema
782 5251 842 5292 essa
859 5240 989 5292 Manutius
1005 5239 1085 5299 vidit;
1104 5239 1138 5290 ct.
1150 5239 1217 5305 inpr.
1231 5239 1329 5292 Wund.
1343 5254 1368 5304 p.
1381 5241 1444 5290 bili.
1458 5263 1486 5275 —
1504 5240 1590 5291 betis

263 5327 282 5366 o
298 5313 506 5377 quacunque
522 5317 545 5365 ts
562 5314 582 5365 C
600 5313 759 5378 (sediliis,
777 5315 795 5365 F
811 5327 866 5365 om.
883 5315 936 5380 ital:
955 5315 1306 5382 quedam-deo
1326 5339 1352 5354 ··
1371 5325 1490 5367 mom.
1509 5314 1537 5369 F.
