4009 6159
625 582 699 648 444».
720 584 1025 653 xxm-xxvia.
1053 582 1099 668 ti
1121 581 1266 650 eu-eo.
1553 580 1611 649 444

290 750 381 817 nulla
407 750 526 817 iniuria
553 758 811 828 commemorata,
840 754 936 817 nuliis
962 754 1057 817 rebus
1084 754 1227 836 repetitis
1256 772 1327 818 enm
1355 754 1448 819 bonis
1469 755 1616 819 omnihus

290 844 512 929 publicaretur.
555 847 685 909 XXVII.
707 844 759 908 58.
781 847 880 911 ldulta
902 848 1031 922 acerba,
1053 846 1152 911 multa
1173 847 1295 930 turpia,
1317 848 1415 912 multa
1435 847 1616 912 turbulenta

288 936 401 1001 hahuit
424 937 480 1001 ille
508 958 632 1005 annus:
664 948 769 1003 4444444
799 941 847 1003 iiii
875 940 1003 1015 sceleri,
1035 939 1121 1025 quod
1147 941 1179 1004 in
1210 962 1262 1004 me
1289 940 1417 1005 illorum
1439 941 1616 1005 immanitas

289 1032 400 1109 edidit,
421 1032 507 1098 haud
529 1034 597 1097 scio
619 1054 659 1099 an
681 1041 767 1099 recte
788 1034 850 1097 lroc
876 1035 1055 1118 proximum
1072 1054 1143 1097 esse
1158 1034 1309 1099 dicamus.
1337 1033 1528 1098 Antiochum
1549 1035 1616 1097 lia·

288 1146 385 1209 guum
407 1127 499 1191 iilum
520 1128 656 1191 maiores
678 1128 777 1191 nostri
801 1148 914 1211 magna
934 1128 1011 1192 belii
1035 1128 1237 1193 contentione
1258 1135 1343 1194 terra
1359 1127 1502 1210 mamque
1523 1146 1640 1211 supe-a

287 1228 391 1287 ratum
412 1221 496 1286 intra
516 1228 655 1286 montem
678 1224 815 1288 Taurum
838 1242 971 1305 regnare
993 1222 1169 1297 iusserunt;
1191 1222 1318 1296 Asiam,
1341 1238 1404 1304 qua
1423 1219 1515 1283 illum
1536 1218 1617 1283 mul·

287 1321 411 1389 tanini,
440 1314 563 1390 Attalo,
593 1323 628 1379 ut
649 1316 676 1379 is
698 1322 844 1398 regnaret
864 1318 899 1379 in
920 1337 975 1390 ea,
998 1315 1265 1380 condonaverunt.
1297 1315 1377 1379 Cum
1396 1313 1617 1378 Armeniorum

286 1430 363 1493 rege
384 1410 521 1491 Tigrane
543 1428 637 1493 grave
658 1409 778 1474 beilum
799 1429 903 1493 nuper
924 1411 986 1493 ipsi
1009 1408 1259 1493 diuturnumque
1281 1408 1453 1491 gessimus,
1474 1427 1547 1472 cum
1560 1406 1616 1470 iile
1719 1393 1746 1488 A

287 1502 413 1569 iniuriis
434 1494 470 1567 iu
491 1503 595 1567 socios
616 1511 743 1567 nostros
764 1502 939 1571 inferendis
960 1503 1046 1567 hello
1067 1522 1168 1586 prope
1189 1522 1249 1566 nor
1270 1501 1460 1566 lacessisset.
1502 1500 1563 1563 llic
1584 1506 1617 1564 et

286 1600 357 1684 ipse
378 1618 438 1682 per
458 1617 494 1662 se
516 1595 686 1662 vehemens
707 1596 768 1661 fuit
790 1605 823 1661 et
843 1598 1030 1661 acerrimum
1051 1596 1176 1679 hostem
1197 1596 1292 1661 huius
1314 1596 1439 1680 imperii
1452 1593 1654 1665 Mithrida-so
1707 1596 1734 1677 ί

286 1698 367 1767 tem,
395 1689 523 1775 pulrnm
549 1692 667 1766 Ponto,
697 1691 811 1774 opibus
833 1693 899 1755 suis
920 1708 1085 1775 regnoque
1109 1690 1265 1765 defendit,
1293 1696 1326 1753 et
1352 1690 1394 1753 alr
1413 1690 1450 1752 L.
1472 1687 1616 1764 Lucullo,

285 1805 410 1851 summo
431 1783 506 1869 virg
521 1791 618 1868 atque
639 1784 847 1869 imperatore,
869 1785 997 1868 pulsus,
1019 1785 1127 1848 animo
1149 1792 1256 1847 tamen
1272 1782 1381 1847 hostili
1395 1802 1467 1847 cum
1480 1777 1616 1865 reliquie
1708 1766 1736 1850 r<

284 1877 353 1943 ruis
375 1877 477 1960 copiis
497 1878 530 1939 in
553 1877 686 1961 pristina
708 1886 813 1941 menie
835 1879 959 1943 mansit.
994 1878 1086 1941 Hunc
1110 1876 1168 1939 Cn.
1187 1875 1375 1960 Pompeius,
1401 1896 1474 1939 eum
1494 1876 1616 1940 insuia

286 1971 399 2035 eastris
420 1971 596 2054 supplicem
620 1972 776 2037 abiectum
798 1972 946 2047 vidisset,
977 1971 1080 2035 erexit
1100 1978 1196 2055 atque
1217 1968 1342 2052 insigne
1364 1970 1503 2052 regium,
1529 1968 1616 2053 quod

283 2065 338 2129 iile
361 2064 401 2129 de
422 2084 480 2129 suo
502 2066 604 2149 capite
627 2066 803 2140 abiecerat,
831 2066 991 2151 reposuit,
1016 2070 1047 2129 et
1068 2064 1162 2129 certis
1183 2062 1280 2127 rebus
1302 2063 1461 2147 imperatis
1483 2081 1655 2147 regnarem

285 2160 396 2236 iussit,
417 2178 477 2223 nee
498 2160 605 2223 minus
626 2168 659 2224 et
679 2159 739 2227 sihi
763 2168 795 2223 et
818 2158 893 2224 huic
915 2160 1050 2241 imperio
1073 2158 1245 2240 gloriosum
1267 2157 1392 2238 putarit
1411 2159 1615 2223 constitutum

284 2276 304 2321 a
326 2275 362 2319 se
382 2274 489 2338 regem
511 2273 607 2337 quam
631 2254 836 2319 constrictum
857 2254 968 2319 videri.
995 2248 1064 2329 59.
1086 2250 1148 2286 st*
1171 2251 1244 2313 tulit
1264 2252 1380 2333 gessii,
1409 2253 1520 2335 quiet
1547 2250 1616 2335 ipse

284 2349 385 2415 bostis
407 2347 468 2412 fuit
488 2348 600 2432 populi
623 2348 756 2413 Romani
778 2355 809 2411 et
830 2349 1017 2412 acerrimum
1038 2347 1164 2411 hostem
1185 2347 1217 2409 in
1239 2364 1373 2427 regnum
1393 2347 1529 2430 recepit,
1558 2345 1615 2431 qui

284 2443 444 2519 condixit,
466 2443 522 2527 qui
545 2444 636 2527 signa
650 2443 799 2517 contulit,
821 2443 877 2525 qui
900 2441 939 2506 de
961 2442 1097 2525 imperio
1111 2458 1214 2523 paene
1228 2439 1373 2514 certavit,
1394 2438 1615 2523 regnathodie

284 2548 316 2604 ei
343 2538 499 2604 amicitiae
528 2558 645 2603 nomen
667 2557 703 2601 ac
725 2538 901 2610 societatis,
930 2538 1019 2619 quod
1041 2537 1136 2600 armis
1157 2532 1307 2607 violarat,
1335 2533 1369 2595 id
1397 2534 1546 2617 precibus
1567 2540 1654 2605 estse

284 2638 493 2697 consecutur:
519 2632 574 2697 iiie
597 2631 731 2715 Cyprius
753 2632 867 2706 miser,
889 2630 945 2715 qui
967 2648 1093 2712 semper
1113 2630 1250 2703 amicus,
1274 2646 1399 2713 semper
1419 2630 1524 2695 socius
1544 2627 1615 2704 fuit,

284 2727 324 2789 de
346 2745 411 2810 quo
434 2724 521 2789 nulla
545 2745 695 2809 umquam
716 2726 854 2808 suspicio
870 2724 979 2787 durior
993 2722 1106 2788 autad
1125 2730 1270 2785 senatum
1284 2729 1341 2786 aut
1355 2722 1396 2786 ad
1410 2723 1614 2807 imperatores

283 2819 381 2883 allata
401 2826 529 2883 nostros
551 2827 619 2895 est,
647 2820 756 2894 vivus,
785 2827 821 2885 ut
848 2818 955 2893 aiunt,
986 2826 1036 2883 est
1055 2825 1089 2881 et
1107 2816 1221 2881 videns
1242 2836 1315 2879 cum
1336 2818 1422 2881 victu
1441 2836 1479 2883 ac
1501 2818 1615 2883 vestitu

283 2934 342 2979 suo
362 2912 553 2997 publicetur.
585 2915 650 2990 En,
672 2934 729 2980 cur
751 2915 849 2979 ceteri
870 2934 962 2997 reges
984 2914 1130 2979 stabilem
1152 2931 1222 2977 esse
1244 2931 1334 2977 suam
1353 2911 1514 2977 fortunam
1530 2910 1614 2975 arlri·

282 3014 422 3083 trentur,
445 3028 516 3071 cum
537 3010 598 3073 hoc
618 3010 704 3074 illius
726 3009 844 3075 funesti
866 3012 941 3073 anni
962 3008 1089 3093 prodito
1112 3007 1261 3091 exemplo
1276 3005 1421 3082 rideant,
1443 3023 1501 3089 per
1513 3005 1651 3078 tribu-n

282 3121 360 3165 num
380 3101 522 3185 aliquem
545 3110 577 3166 et
598 3110 758 3168 sescentas
781 3122 895 3187 operas
911 3122 945 3166 se
959 3101 1096 3168 fortunis
1111 3102 1244 3186 spoliari
1257 3108 1291 3165 et
1304 3120 1402 3184 regno
1416 3101 1503 3165 omni
1517 3120 1613 3185 posse

282 3194 416 3259 nudarii
461 3196 607 3260 xxviii.
630 3195 680 3261 60.
702 3197 745 3261 At
765 3198 861 3261 etiam
883 3216 922 3261 ec
944 3197 1072 3281 negotio
1104 3198 1147 3261 li.
1170 3194 1301 3259 Catonis
1321 3196 1526 3278 splendorem
1546 3214 1613 3259 ma·

283 3288 390 3353 culare
412 3284 740 3373 voluerunt,(ignari,
762 3290 838 3373 quid
860 3290 1016 3374 gravitas,
1038 3290 1117 3375 qnid
1131 3290 1312 3373 integritas,
1334 3288 1412 3373 quid
1426 3290 1611 3374 magnimdc

281 3382 396 3457 animi,
418 3384 496 3465 quid
519 3382 659 3467 denique
681 3385 779 3448 virtus
801 3376 948 3479 valeret)
961 3403 1044 3468 quae
1066 3384 1099 3448 in
1122 3389 1310 3466 tempestate
1328 3401 1423 3447 saera
1437 3383 1548 3467 quieta
1563 3389 1612 3447 est

282 3482 315 3541 et
334 3476 420 3539 lacet
449 3478 484 3539 in
511 3478 651 3543 tenebris
679 3487 711 3543 et
739 3478 830 3562 pulsa
857 3478 927 3543 loeo
949 3485 1056 3543 manet
1075 3487 1182 3542 tamen
1203 3484 1300 3561 atque
1321 3476 1432 3541 haeret
1452 3477 1487 3541 in
1506 3477 1648 3561 patriam

346 3783 370 3833 4.
387 3782 460 3833 redas
474 3784 586 3846 repertos
601 3785 634 3834 i’:
652 3782 726 3835 440444
742 3796 796 3835 om.
815 3785 850 3842 G3
867 3789 945 3847 repei.
962 3782 1037 3835 rebar
1052 3784 1098 3835 a0
1118 3810 1144 3821 -
1162 3784 1189 3834 2.
1207 3781 1300 3833 acardo
1316 3784 1336 3834 i>
1352 3782 1379 3833 in
1395 3794 1449 3834 rar.
1466 3780 1557 3834 habat.
1578 3811 1606 3822 -

278 3855 304 3909 i.
317 3857 471 3907 diemsoal’:
489 3858 574 3909 dicam
585 3858 668 3909 GO—
686 3871 808 3922 4444444444
823 3858 894 3910 4444444
910 3861 942 3910 P:
961 3857 1232 3924 idummepnsaodo.
1250 3855 1609 3923 Antiocmiiommiiirm

279 3959 315 3971 --
325 3933 499 3984 moderamur
515 3932 593 3983 aiicri
605 3930 702 3985 Gellius
718 3934 749 3983 N.
762 3934 813 3985 444.
825 3935 884 3995 iiii,
902 3934 944 3995 43,
956 3934 1001 3996 4ος
1020 3935 1166 3986 Andosinoi
1180 3944 1303 3997 4444444444
1317 3932 1400 3985 hahet
1415 3936 1437 3985 Α
1450 3960 1477 3971 -
1496 3935 1521 3987 i.
1538 3937 1608 3988 44444

280 4002 310 4060 G¹
329 4032 357 4043 -
370 4013 404 4059 1444
418 4008 440 4058 44
455 4010 483 4058 444
499 4018 530 4057 ca
544 4011 663 4071 4444444444
678 4007 852 4058 condonarunt
869 4005 974 4060 Gellius.
995 4036 1023 4046 -
1051 4012 1131 4074 (4444444
1147 4010 1179 4069 Ρ,
1203 4009 1316 4071 Qucum
1331 4010 1353 4059 (i
1370 4034 1398 4045 -
1420 4010 1608 4063 marim

278 4085 340 4135 1>-
358 4083 385 4134 0.
396 4088 503 4149 marcos
514 4085 536 4133 G
548 4107 575 4117 -
595 4081 684 4133 44444444
699 4084 1054 4146 aspendensium
1069 4085 1182 4149 scripsi:
1200 4082 1290 4135 04444444
1305 4088 1351 4134 cot
1362 4096 1412 4147 per
1425 4085 1475 4148 ipsi
1486 4085 1607 4150 (vocibus

278 4164 324 4210 out
334 4171 382 4222 per
394 4158 444 4222 ipsi
455 4158 601 4222 expunctis)
613 4157 808 4220 diutwmsnooe
823 4158 842 4209 P
860 4158 967 4222 (puncta
983 4162 1046 4211 sunt
1061 4174 1077 4210 a
1089 4162 1100 4211 4
1116 4160 1176 4222 44),
1195 4158 1285 4211 dodun
1299 4158 1540 4222 maeroremque
1556 4162 1606 4212 iio

280 4259 307 4269 -
322 4234 362 4285 id.
379 4232 452 4283 4444444
467 4232 566 4295 inermi
581 4231 734 4283 4404444444
746 4232 780 4293 G;
799 4245 853 4301 om.
866 4234 899 4293 Ρ,
918 4233 1024 4285 videtur
1040 4236 1129 4299 potius
1144 4234 1218 4284 4444444
1232 4231 1482 4286 accuratiores
1496 4234 1606 4287 interci-

278 4308 364 4370 disse,
382 4310 412 4359 ui
427 4309 539 4373 apparet
555 4320 587 4357 er
604 4306 749 4358 imitatione
766 4304 862 4359 Valerii
879 4308 983 4359 liarirni
1000 4310 1032 4370 V,
1050 4310 1076 4371 4,
1094 4310 1122 4359 9:
1145 4309 1234 4372 iteam
1248 4306 1383 4358 ,4444444444
1398 4308 1544 4373 liorem,
1561 4312 1606 4372 orsi

277 4380 1606 4448 mmmmmaempopuua.oeuepuermerotaaumsritmsaceiotatiuas

277 4454 888 4521 mpuameieimuasproaseruteet.-
903 4459 943 4509 44.
956 4458 1199 4524 4444444444ωο-
1212 4456 1364 4521 compsi:
1383 4457 1471 4519 udP¹3
1485 4458 1603 4524 oi¹²eo;

278 4532 311 4585 ei.
324 4533 396 4599 adp.
407 4532 465 4595 433,
478 4533 520 4585 ii.
535 4556 562 4569 -
581 4532 610 4583 i..
624 4532 920 4597 addiditiiadvigius.-
939 4534 1022 4584 iccaio
1038 4536 1097 4585 i>—
1117 4533 1158 4584 ii.
1172 4531 1274 4595 44444444
1290 4533 1348 4594 PG,
1366 4533 1606 4597 quaerideturre·

277 4609 367 4675 petitio
377 4622 412 4659 ex
422 4622 449 4659 v.
457 4609 498 4669 44,
512 4619 563 4672 qua
576 4620 670 4661 verum
682 4607 795 4660 verbum
806 4621 856 4660 suo
867 4607 926 4660 loeo
937 4610 1041 4661 motum
1052 4609 1133 4661 444-
1152 4607 1193 4657 43.
1205 4608 1257 4658 44444
1266 4607 1344 4671 copiis
1354 4609 1373 4658 Ρ
1383 4610 1417 4659 G:
1434 4622 1489 4673 cop.
1501 4610 1604 4664 4444440

278 4708 305 4719 -
318 4681 359 4734 ii.
376 4682 499 4734 4404444444
514 4684 577 4734 PG:
596 4682 766 4747 abiseiompue
781 4685 826 4735 40
845 4710 872 4720 -
891 4685 932 4735 ie.
945 4685 1019 4735 444444
1033 4683 1106 4734 redsa
1120 4683 1286 4746 amre:
1303 4682 1364 4746 iore.
1381 4684 1456 4734 coriis
1470 4684 1602 4739 redsrao

279 4784 306 4795 -
324 4756 365 4808 46.
382 4756 524 4809 4444444)-
544 4757 584 4808 i'i.
598 4757 654 4808 tulit
669 4758 742 4821 pessit
759 4757 802 4821 cat
819 4758 878 4808 PG²
895 4759 913 4822 (4
928 4760 990 4822 post
1005 4758 1016 4809 4
1031 4759 1059 4809 in
1073 4758 1130 4809 444444
1145 4760 1164 4809 Ρ
1181 4769 1241 4822 sup.
1253 4756 1298 4807 lin.
1311 4756 1406 4820 habet,
1423 4758 1548 4811 sedam.
1562 4762 1599 4824 ti:

276 4831 331 4882 iulii
344 4832 467 4897 4444444444
483 4832 527 4895 G¹3
551 4834 670 4898 Tiprcmr
689 4834 768 4898 4444444
789 4834 832 4896 ool
851 4834 900 4885 Lo
918 4847 950 4885 er
968 4834 1030 4885 eod.
1048 4832 1173 4886 ilemmii.
1200 4830 1276 4883 Scias
1293 4833 1312 4882 Ρ
1329 4833 1390 4884 anie
1405 4834 1463 4885 444444
1477 4832 1601 4887 hennam

275 4904 356 4957 habet
372 4907 524 4971 qrdndeeim
541 4908 597 4961 iere
613 4907 774 4969 litterarum,
793 4919 875 4971 quam
886 4905 991 4971 iiaehiy
1008 4908 1080 4960 haud
1097 4903 1307 4971 improbabiliter
1317 4906 1356 4958 sic
1366 4906 1471 4973 expiet:
1490 4910 1601 4973 (4444444-

275 4980 327 5032 isan
341 4982 415 5034 444444
429 4983 524 5046 44444444,
541 4985 616 5049 posci
631 4987 682 5036 cat.
709 4981 827 5047 Koechly
843 4985 949 5034 autem:
975 4984 1022 5035 isse
1038 4984 1082 5047 qus·
1097 4982 1205 5033 44444444
1220 4980 1318 5045 44444444,
1343 4984 1387 5045 uss
1402 4984 1538 5048 4444444444,
1555 4987 1600 5047 cst

275 5058 431 5121 4444444444.
450 5086 478 5096 -
498 5058 947 5113 tamesin-iecissem
966 5084 993 5096 -
1012 5058 1596 5121 ii.ctpn'oaaP-a.omiesss.acetaai³:

274 5134 648 5187 nroemeomiaaeo-
667 5136 708 5187 23.
727 5131 1599 5195 uummtrosrzceeaesuiiusceo-ii.iimcarr;iim

274 5224 321 5261 car
335 5211 535 5264 liommsanius.
555 5238 582 5248 -
603 5212 644 5263 te.
661 5224 718 5263 eam
733 5212 1043 5274 sidemrpsr--eperus
1059 5208 1172 5260 iraiseta
1185 5234 1212 5245 -
1231 5206 1274 5258 16.
1290 5214 1411 5262 munior
1426 5212 1519 5263 APG:
1536 5222 1597 5261 rea>-

273 5286 433 5339 maso-
452 5284 914 5353 ia.pooe··aceon·rnaireiii-
935 5281 1085 5350 noemae
1105 5286 1224 5340 -mo
1240 5282 1269 5334 P·
