4009 6159
614 610 687 674 m».
709 607 962 673 ιιι-χιιι
989 604 1036 691 ss
1059 601 1249 670 ιιι-ιιι
1523 602 1605 671 rara

368 777 440 844 l08.
463 779 525 872 Qui
547 799 623 844 vero
643 779 718 843 inde
739 778 859 842 reditus
881 777 1030 840 Romami
1060 796 1142 860 quae
1163 777 1360 859 perturbatio
1381 777 1479 841 totius
1499 777 1606 842 urbisi

282 876 526 941 ldemineramus
542 875 674 938 Cinnam
695 871 789 936 nimis
807 878 982 955 potentem,
1007 871 1126 934 Sullam
1140 877 1252 954 postea
1267 871 1490 945 dominantem,
1512 871 1607 935 modo

282 977 465 1054 regnantem
488 968 652 1031 Caesarem
667 966 854 1030 videramus
887 965 985 1028 Erant
1005 964 1138 1029 fortasse
1153 965 1263 1048 gladii,
1285 966 1341 1028 sed
1356 964 1534 1030 absconditi
1548 983 1608 1028 nec

282 1066 325 1128 ita
349 1063 449 1126 multi.
480 1062 543 1124 Ista
564 1081 640 1124 vero
662 1081 743 1143 quae
766 1066 798 1123 et
819 1066 939 1145 quanta
960 1059 1104 1124 barbaria
1124 1059 1191 1123 estl
1213 1059 1347 1142 Agmine
1368 1058 1523 1143 quadrato
1536 1078 1606 1122 cum

282 1157 394 1240 gladiis
418 1161 610 1239 sequuntur:
633 1161 791 1216 scutorum
814 1153 941 1217 lecticas
962 1153 1081 1237 portari
1096 1153 1249 1217 videmus.
1279 1155 1383 1237 Atque
1403 1152 1454 1216 his
1476 1152 1631 1236 quidemn

282 1252 345 1316 iam
366 1249 565 1323 inveteratis,
593 1254 698 1332 patres
728 1247 913 1331 conscripti,
947 1247 1175 1311 consuetudine
1197 1245 1414 1311 obduruimus.
1456 1246 1608 1312 Kalendis

282 1344 381 1409 lunii·
403 1363 474 1407 cum
495 1343 530 1405 in
552 1348 714 1416 senatum,
735 1347 771 1404 ut
792 1349 859 1404 erat
874 1341 1096 1416 constitutum,
1119 1341 1227 1405 venire
1241 1340 1408 1415 vellemus,
1430 1348 1516 1404 metu
1537 1361 1609 1424 per-

282 1438 382 1503 territi
405 1444 535 1519 repente
558 1435 749 1516 diffugimus.
792 1430 865 1497 409.
886 1436 927 1498 At
948 1435 1023 1508 iste,
1059 1436 1115 1519 qui
1138 1440 1248 1497 senatu
1270 1453 1335 1497 uon
1358 1442 1480 1519 egeret,
1502 1456 1608 1520 neque

283 1532 474 1596 desiderarit
488 1548 696 1614 quemquam,¹
712 1529 768 1592 sed
790 1529 894 1612 potius
914 1529 1056 1592 discessu
1078 1536 1187 1592 nostro
1207 1529 1338 1591 laetatus
1357 1536 1415 1604 est,
1437 1531 1608 1613 statimque

282 1625 337 1690 illa
358 1625 511 1689 mirabilia
532 1624 673 1688 facinora
695 1623 807 1687 effecit
845 1622 907 1698 Qui
929 1622 1141 1706 chirographa
1155 1622 1301 1686 Caesada
1319 1622 1514 1687 defendisset
1528 1622 1647 1686 luerim

283 1721 332 1784 sui
354 1738 465 1794 causa,
486 1720 514 1782 is
535 1719 620 1800 leges
643 1718 785 1781 Caesaris
809 1735 927 1800 easque
949 1718 1142 1799 praeclaras,
1163 1725 1200 1779 ut
1220 1735 1287 1778 rem
1309 1716 1465 1797 publicam
1494 1737 1610 1782 concu-

282 1823 349 1878 tere
378 1820 500 1896 posset,
530 1813 652 1876 evertit
693 1813 866 1874 Numerum
894 1829 1049 1874 annorum
1081 1810 1248 1895 provinciis
1281 1811 1479 1893 prorogarit,
1508 1811 1609 1874 idem·

283 1928 361 1992 que,
393 1927 462 1970 cum
494 1912 633 1970 actorum
664 1905 807 1970 Caesaris
841 1903 989 1968 defensor
1020 1923 1090 1968 esse
1122 1903 1268 1979 deberet,
1300 1913 1333 1967 et
1357 1905 1391 1967 in
1416 1904 1552 1988 publicis
1578 1909 1610 1968 et

282 2007 315 2069 in
337 2002 466 2087 privatis
488 2001 582 2064 rebus
604 2006 673 2064 acta
696 1999 837 2063 Caesaris
867 1997 1006 2062 rescidit.
1052 2000 1088 2062 ln
1118 1998 1253 2082 publicis
1278 1998 1358 2061 nibil
1379 2007 1428 2062 est
1450 1999 1518 2081 lege
1540 2017 1610 2081 gra·

282 2099 370 2170 vius,
393 2096 425 2159 in
448 2095 577 2178 privatis
598 2091 813 2156 firmissimum
835 2099 884 2155 est
905 2099 1137 2156 testamentum.
1170 2093 1271 2174 Leges
1292 2092 1409 2156 alias'
1384 2111 1452 2155 erue
1469 2092 1609 2174 promul·
1594 2103 1647 2152 -ιι

282 2193 408 2276 gatione
436 2189 577 2262 sustulit,
610 2187 689 2252 alias
718 2193 754 2250 ut
785 2185 924 2259 tolleret,
953 2186 1174 2270 promulgarit
1218 2188 1452 2250 Testamentum
1486 2187 1609 2249 irritum

281 2287 375 2360 fecit,
408 2283 495 2367 quod
517 2283 611 2346 etiarn
633 2279 749 2344 intimis
771 2280 890 2343 civibus
913 2299 1037 2364 semper
1059 2280 1222 2343 obtentum
1244 2287 1301 2343 est.
1323 2268 1457 2364 (Signa,
1477 2274 1609 2356 tabulas,
1696 2302 1821 2413 st&

281 2399 361 2474 quas
388 2376 508 2460 populo
537 2365 741 2468 Caesar)una
771 2393 842 2438 cum
864 2373 964 2437 hortis
979 2369 1131 2458 (legavit)
1155 2393 1209 2437 ess
1237 2373 1289 2436 bie
1309 2374 1455 2458 partim
1445 2394 1479 2436 rn
1499 2373 1610 2438 hortm

281 2456 411 2555 Pompei
434 2471 628 2552 deportavit,
650 2469 822 2551 partimin
845 2466 950 2532 villam
974 2467 1143 2550 Scipionis.

367 2565 477 2630 XLlll.
500 2558 570 2625 440.
592 2565 633 2626 Et
654 2571 688 2626 tu
710 2563 744 2624 in
761 2562 904 2626 Caesaris
926 2562 1078 2624 memoria
1093 2560 1250 2644 diligens‘t
1271 2569 1305 2625 tu
1321 2561 1411 2625 illum
1426 2582 1512 2625 ames
1526 2583 1611 2626 mor·
1596 2577 1648 2626 -sc

200 2725 202 2731 ,
282 2661 393 2723 tuuml
426 2657 566 2735 Quem
558 2677 585 2720 ιι
612 2656 765 2720 bonorem
795 2657 947 2720 maiorem
969 2663 1159 2719 consecutus
1182 2663 1264 2731 erat,
1295 2674 1390 2739 quam
1419 2662 1455 2719 ut
1479 2656 1611 2721 baberet

282 2752 444 2836 pulvinar,
474 2752 693 2826 simulacrum,
723 2751 899 2834 fastigium,
928 2752 1111 2815 tlaminem‘l
1141 2751 1199 2814 Est
1220 2771 1296 2834 ergo
1317 2751 1450 2825 llamen,
1474 2752 1610 2827 alleri,

282 2853 317 2911 ut
338 2848 446 2922 Marti,
473 2853 509 2910 ut
532 2845 683 2922 Quirino,
711 2847 757 2910 sic
784 2846 857 2910 diso
888 2845 968 2910 lulio
990 2847 1033 2910 bl.
1054 2847 1220 2909 Antonius.
1260 2845 1345 2921 Quid
1366 2844 1461 2927 igitur
1482 2849 1610 2909 cessas?
1674 2835 1681 2851 ’

282 2962 339 3004 cur
359 2962 423 3006 non
444 2942 664 3024 inaugurarist
688 2941 784 3003 Sume
798 2939 892 3013 diem,
915 2940 987 3002 vide
1002 2942 1058 3023 qui
1078 2946 1109 3003 te
1124 2940 1307 3022 inauguret:
1329 2939 1469 3023 collegae
1484 2959 1609 3013 sumus:

283 3055 377 3100 nemo
398 3036 535 3118 negabit
570 3034 596 3097 0
620 3033 837 3098 detestabilem
858 3034 1036 3108 homiuem,
1059 3035 1126 3099 sive
1141 3034 1227 3117 quod
1242 3033 1385 3098 Caesaris
1405 3034 1550 3098 sacerdos
1565 3049 1648 3109 ee,so

281 3131 349 3195 sire
371 3131 457 3214 quod
480 3129 610 3192 mortuil
634 3128 760 3204 Quaero
777 3129 942 3210 deinceps,
964 3148 1041 3191 num
1065 3127 1236 3192 bodiemus
1251 3127 1320 3192 dies
1335 3147 1391 3220 Qu
1409 3126 1610 3210 sitignorest
1733 3125 1759 3193 e

280 3224 390 3287 Nescis
418 3223 487 3286 heri
511 3229 658 3306 quartum
689 3225 722 3285 in
745 3224 826 3286 circo
851 3222 934 3286 diem
958 3223 1104 3285 ludorum
1128 3223 1342 3286 Romanorum
1362 3221 1482 3285 fuisset
1503 3228 1534 3285 te
1555 3242 1612 3285 au·

280 3325 344 3380 tem
366 3318 470 3399 ipsum
495 3317 534 3380 ad
557 3317 710 3400 populum
731 3317 842 3380 tulisse
865 3325 901 3379 ut
923 3318 1055 3401 quintus
1077 3324 1241 3400 praeterea
1262 3316 1331 3381 dies
1343 3316 1471 3380 Caesari
1491 3316 1612 3381 tribue·

281 3414 389 3473 retur?
413 3410 476 3473 Cur
496 3431 562 3474 non
584 3431 693 3474 sumus
717 3411 929 3497 praetextati?
951 3432 1007 3474 cur
1024 3410 1177 3474 honorem
1193 3411 1335 3476 Caesaris
1350 3418 1404 3474 tua
1418 3410 1489 3494 lege
1503 3411 1611 3475 datum

282 3506 386 3568 deseri
408 3506 566 3587 patimurt
597 3525 637 3568 an
659 3505 906 3590 supplicationes
929 3504 1075 3568 addendo
1097 3506 1181 3568 diem
1204 3505 1408 3570 contaminari
1432 3526 1544 3589 passus
1566 3521 1649 3582 esso

282 3599 687 3683 pulvinariacoutaminari
711 3599 864 3662 noluisti?
885 3603 950 3662 Aut
969 3599 1112 3682 undique
1134 3599 1320 3684 religionem
1342 3599 1419 3663 tolle
1438 3607 1610 3684 nutusque

282 3711 410 3777 quaque
432 3711 591 3758 conserva.
635 3688 707 3756 tlt.
724 3693 859 3770 Quaeris
881 3693 1046 3777 placeatne
1067 3692 1146 3757 mibi
1167 3693 1316 3777 pulvinar
1337 3714 1417 3770 esse,
1438 3694 1610 3778 fastigium,

347 4050 370 4100 4.
389 4049 446 4099 inde
461 4049 555 4099 reditus
570 4048 607 4098 V:
630 4048 724 4098 reditio
739 4047 796 4098 iude
812 4049 834 4098 Ι)
852 4073 880 4083 -
903 4048 929 4098 2.
947 4048 964 4098 l.
982 4048 1066 4098 clama
1082 4048 1106 4095 V
1125 4073 1151 4084 -
1171 4047 1263 4109 sullam
1281 4047 1319 4110 (Vl
1337 4045 1380 4098 vel
1396 4048 1483 4098 :taces
1498 4049 1560 4100 mci.
1580 4075 1608 4086 -

281 4125 304 4176 3.
323 4137 450 4176 caesareus
465 4129 611 4188 repueutam
627 4136 668 4186 ag
686 4150 714 4159 -
733 4129 788 4172 erut
803 4125 908 4188 sortasse
924 4124 1016 4188 ptedtts
1031 4125 1054 4173 V
1073 4149 1099 4160 -
1122 4123 1165 4173 sed
1180 4123 1217 4172 V:
1241 4123 1284 4173 sed
1301 4128 1383 4173 musea
1399 4124 1434 4182 l);
1453 4125 1495 4175 sed
1509 4125 1529 4173 44
1546 4123 1608 4175 cod.

281 4199 365 4253 Colot.
375 4227 403 4237 -
422 4199 543 4250 aecocditi
559 4201 570 4249 t
587 4224 615 4235 -
634 4197 659 4248 4.
678 4197 819 4248 barbariora
834 4199 858 4248 V
871 4225 897 4235 -
917 4201 941 4250 5.
959 4197 1180 4250 secenturVobt
1195 4224 1228 4236 -
1243 4199 1333 4249 seetett
1348 4199 1437 4250 milites
1453 4199 1552 4250 tecttcm
1568 4212 1611 4263 ag

283 4303 310 4313 -
331 4277 355 4326 6.
374 4275 518 4325 Marianae
532 4274 556 4323 V
573 4298 600 4309 -
621 4273 646 4323 l.
664 4278 721 4323 ater
741 4273 775 4323 od
792 4275 950 4324 constitutum
975 4275 997 4322 V
1020 4301 1047 4311 —
1069 4275 1095 4325 8.
1111 4279 1194 4336 repete
1213 4274 1250 4332 V:
1277 4286 1330 4323 om.
1348 4275 1360 4324 t
1384 4300 1411 4310 -
1435 4273 1460 4325 9.
1478 4274 1519 4324 sed
1542 4274 1609 4324 scri·

280 4350 335 4415 psl:
354 4355 389 4400 est
406 4349 440 4408 V:
458 4354 482 4399 et
498 4349 558 4399 Do.
577 4347 605 4397 lu
622 4348 761 4412 partitione
778 4347 828 4399 sibi
847 4347 1009 4414 respondent
1024 4355 1124 4411 eecce
1139 4349 1287 4399 moderavit
1303 4361 1452 4412 quempiam
1469 4353 1496 4400 et
1511 4351 1612 4400 statius-

281 4439 339 4488 pea
356 4427 447 4490 effectu
467 4423 500 4476 cl.
521 4422 614 4473 llandii
630 4423 705 4474 Turs.
724 4424 767 4486 lV,
785 4438 811 4489 p.
831 4425 887 4476 437.
908 4451 936 4459 -
955 4426 1040 4474 steten
1057 4438 1122 4487 paee
1137 4426 1149 4474 t
1167 4450 1195 4461 -
1214 4424 1254 4474 te.
1272 4425 1409 4489 cproprm
1424 4424 1447 4473 V
1465 4451 1491 4462 -
1513 4426 1553 4474 44.
1571 4438 1613 4476 eas

284 4513 349 4564 puae
364 4501 387 4549 V
403 4525 437 4536 -
454 4501 494 4550 ts.
510 4499 641 4563 prouincia
656 4498 679 4547 V
697 4525 724 4534 —
744 4499 784 4551 43.
804 4501 941 4565 defensores
955 4502 998 4552 sad
1015 4500 1080 4551 beret
1096 4500 1119 4550 V
1132 4527 1159 4537 -
1178 4499 1274 4550 deberet
1290 4513 1348 4549 cem
1360 4500 1466 4564 publicis
1482 4506 1505 4551 ct
1517 4502 1586 4564 pria.
1602 4503 1614 4553 t

282 4602 309 4613 -
329 4575 371 4627 44.
389 4575 506 4625 romualt
521 4575 544 4622 V
556 4601 583 4611 -
601 4575 628 4625 le
641 4574 748 4638 publicis
763 4576 800 4626 V:
818 4577 845 4627 a'e
859 4575 964 4639 publicis
985 4577 1047 4626 actis
1064 4577 1126 4626 D·
1146 4575 1186 4625 lb.
1198 4575 1388 4639 βιιιίιίιιιιιιιιιι
1403 4577 1415 4626 4
1431 4602 1458 4612 -
1478 4581 1513 4626 eat
1529 4588 1612 4626 om.a

282 4677 310 4687 -
322 4650 388 4699 altos
405 4650 438 4699 D:
456 4663 504 4700 ecs
514 4650 545 4712 V:
565 4649 624 4701 tort.
643 4650 742 4712 clipeus
753 4675 779 4688 -·
799 4653 839 4702 46.
851 4651 945 4702 tollerat
958 4651 1135 4714 promulgatas
1147 4650 1319 4714 monelpeeit
1335 4665 1349 4700 a
1359 4665 1377 4715 g
1388 4678 1415 4687 -
1430 4652 1470 4702 44.
1487 4656 1613 4714 optentum

281 4725 344 4774 v-
364 4723 404 4773 48.
423 4726 564 4775 ortisv-
582 4725 763 4788 porctmmee
783 4752 809 4763 -
828 4727 870 4777 ιθ.
889 4723 990 4777 licente
1009 4727 1111 4777 wama
1135 4753 1161 4762 -
1188 4731 1297 4775 mortem
1313 4727 1335 4774 V
1359 4754 1387 4764 -
1414 4725 1455 4776 st.
1474 4739 1574 4776 oaorem
1590 4727 1613 4776 V

282 4801 411 4862 (malorem
427 4801 484 4850 boe.
503 4800 599 4864 agl-
626 4801 668 4852 ii.
686 4801 754 4865 erpo]
772 4801 837 4850 enlm
854 4803 910 4851 t
930 4801 970 4851 23.
989 4801 1058 4850 sicV
1075 4813 1144 4853 corr.
1164 4815 1197 4852 es
1213 4807 1260 4859 set:
1278 4803 1342 4853 simet
1358 4801 1417 4852 b
1435 4813 1523 4852 cemos
1537 4802 1611 4852 V¹-

281 4875 321 4927 il
341 4876 506 4938 inauguraris
522 4887 583 4925 nos:
602 4876 776 4940 inauguraras
792 4875 827 4934 V
847 4875 1003 4939 inaugurare
1019 4875 1112 4926 DO-
1130 4876 1187 4927 etde
1203 4877 1225 4926 V
1242 4890 1311 4928 corr.
1325 4889 1358 4928 ex
1373 4877 1450 4927 ut-
1417 4878 1610 4943 -coutepeV3

281 4951 432 5001 collect
452 4951 493 5001 25.
511 4950 613 5013 aspecit
630 4950 738 5000 Vat-
758 4949 1053 5012 destobslemv-qeod
1069 4952 1108 5001 D
1127 4964 1155 5002 eo
1172 4953 1314 5014 ccodv-
1331 4953 1503 5004 θιιιιαιιιιι
1509 4954 1613 5016 tarcum

281 5027 377 5077 DO-
394 5039 407 5076 e
425 5025 496 5076 Vm
510 5025 565 5076 lin
582 5037 646 5082 ras:
664 5015 786 5075 ιιιῦ-
803 5025 844 5076 26.
861 5025 1003 5088 dedetuccps
1018 5025 1082 5072 V-
1102 5027 1153 5077 dtes
1169 5040 1222 5078 om
1235 5031 1295 5078 t
1311 5029 1352 5079 ιι
1369 5033 1487 5090 quartam
1503 5027 1612 5078 tddmrco

281 5099 350 5150 b-
366 5113 472 5151 romoao
494 5101 552 5150 t
577 5099 617 5150 28.
637 5101 702 5151 dices
716 5101 789 5150 V-
804 5101 846 5151 29.
865 5101 942 5150 amco
959 5103 1018 5151 4
1037 5101 1151 5152 cossarts
1167 5102 1253 5154 Vbi:
1277 5103 1379 5155 Caesari
1400 5104 1467 5154 0
1486 5101 1612 5152 adtemV

281 5202 315 5212 -
331 5175 372 5226 30
391 5175 578 5238 supplicationis
594 5174 681 5225 bt-
697 5189 722 5226 ce
739 5189 792 5226 om.
811 5189 898 5239 ag-
898 5175 958 5228 34.
977 5177 1147 5227 cemamiaors'
1163 5177 1264 5228 ιιοὶιιιιιι
1280 5179 1315 5228 V
1333 5180 1434 5230 uoluisti
1451 5178 1552 5230 DO-
1566 5180 1613 5228 otc

281 5251 316 5300 cd
331 5263 409 5313 ιιιιιιι
425 5263 526 5313 quaque
541 5250 577 5312 V:
596 5255 785 5316 satrapasque
801 5264 817 5318 g
834 5276 867 5288 -
883 5249 924 5301 32.
943 5251 1044 5316 queem
1060 5251 1096 5301 V:
1116 5265 1221 5316 queem
1237 5253 1320 5326 Do„
