4009 6159
248 3847 305 3929 „L

427 548 509 616 loeo
686 557 836 624 ORATIO
857 555 910 624 llll
931 560 1157 625 PROVINCIIS
1181 561 1477 629 consumemus

426 725 642 789 nenessitatem
665 726 879 809 pertinerent?
902 729 1167 813 Supplicationem
1190 732 1368 816 quindecim
1383 730 1504 795 dierum
1520 732 1645 796 decrevi
1663 755 1733 798 sen-

426 821 522 882 tentia
543 839 621 884 mea.
653 821 874 903 Reipublicae
895 825 971 887 satis
992 831 1059 889 erat
1079 833 1125 889 tot
1146 824 1283 901 dienrm,
1305 834 1383 909 quot
1406 826 1439 888 C.
1461 827 1577 900 blario;
1608 829 1658 891 dis
1678 831 1733 893 im·

425 913 607 979 mortalibus
635 934 698 978 non
721 924 788 979 erat
808 917 923 1000 exigua
948 919 1057 981 eadem
1079 919 1266 1001 gratulatio,
1295 938 1377 1002 quae
1398 939 1440 990 ex
1461 920 1605 984 maximis
1625 920 1733 984 bellis:

427 1026 499 1090 ergo
523 1007 577 1071 ille
598 1009 743 1072 cumulus
765 1010 885 1074 dierum
908 1011 1044 1075 bominis
1064 1020 1114 1075 cst
1128 1011 1269 1093 dignitati
1290 1013 1434 1076 tributus.
1468 1009 1518 1074 27.
1534 1015 1570 1076 ln
1584 1033 1651 1098 quo
1666 1035 1734 1097 ego,

402 1113 490 1182 equo
523 1102 651 1166 consule
683 1103 837 1167 reserante
869 1105 1002 1187 primum
1036 1104 1143 1168 decem
1171 1105 1290 1168 dienrm
1319 1114 1368 1170 est
1397 1106 1583 1190 supplicatio
1611 1109 1735 1172 decreta

426 1193 482 1256 Cn.
498 1195 646 1278 Pompeio
665 1198 843 1261 Mithridate
865 1198 1028 1263 interfecto
1050 1208 1083 1262 et
1103 1199 1246 1262 coniecto
1261 1200 1472 1264 Mithridatico
1485 1200 1580 1276 bello,
1601 1211 1634 1265 et
1647 1202 1735 1264 euius

425 1289 581 1352 sententia
600 1290 734 1374 primum
757 1291 915 1374 duplicata
937 1302 985 1355 est
1006 1293 1192 1377 supplicatio
1214 1294 1388 1357 consularis
1409 1327 1452 1342 -
1472 1295 1549 1358 mibi
1563 1297 1648 1360 enim
1661 1297 1735 1359 estis

425 1382 560 1455 assensi,
583 1403 654 1446 cum
676 1384 815 1449 eiusdem
832 1386 973 1468 Pompeii
988 1387 1100 1451 litteris
1116 1387 1263 1464 recitatis,
1285 1389 1436 1452 coniectis
1455 1388 1598 1453 omnibus
1620 1391 1737 1453 mariti·

425 1474 482 1536 mis
504 1479 767 1563 terrestribusque
781 1479 881 1554 bellis,
901 1481 1160 1565 supplicationem
1175 1481 1296 1546 dierum
1309 1482 1476 1546 duodecim
1491 1481 1675 1548 decrevistis
1685 1517 1735 1557 -,

388 1587 494 1635 rosum
519 1570 573 1634 Cn.
587 1573 727 1656 Pompeii
748 1574 894 1637 virtutem
916 1583 948 1638 et
969 1575 1065 1638 animi
1080 1578 1326 1659 magnitudinem
1340 1576 1521 1650 admiratus,
1545 1579 1643 1661 quod,
1664 1599 1735 1641 cum

424 1661 493 1746 ipse
513 1666 625 1730 ceteris
647 1667 792 1731 omnibus
814 1675 898 1730 esset
919 1669 1004 1731 omni
1026 1669 1146 1732 bonore
1171 1671 1343 1745 antelatus,
1374 1671 1558 1754 ampliorem
1584 1673 1735 1736 bonorem

425 1757 514 1821 alteri
540 1759 696 1824 tribuebat
723 1779 818 1842 quam
846 1762 913 1845 ipse
943 1770 1009 1825 erat
1029 1773 1227 1828 consecutus.
1261 1750 1344 1848 liigo
1366 1765 1400 1826 in
1421 1765 1475 1830 illa
1495 1765 1734 1848 supplicatione,

425 1869 520 1933 quam
542 1872 600 1935 ego
622 1855 764 1929 decrevi,
785 1875 836 1919 ros
858 1856 927 1938 ipsa
949 1856 1065 1921 tribute
1087 1866 1134 1921 est
1156 1857 1205 1922 dis
1226 1859 1453 1923 immortalibus
1468 1867 1500 1922 et
1520 1859 1673 1923 maiorum
1687 1861 1735 1923 in·

425 1945 540 2011 stitutis
562 1956 594 2011 et
615 1949 740 2014 utilitati
763 1952 809 2014 rei
831 1950 989 2034 publicae,
1012 1948 1225 2036 sed(dignitas
1246 1953 1430 2028 verborum,
1449 1952 1553 2016 bonos
1567 1959 1598 2016 et
1614 1954 1734 2016 novitm

389 2060 416 2108 u
425 2047 458 2102 et
477 2060 626 2106 numerus
642 2042 761 2107 dierum
778 2043 919 2110 Caesaris
934 2046 1033 2128 ipsius
1047 2045 1132 2111 laudi
1148 2047 1330 2132 gloriaeque
1345 2036 1583 2131 concessuscst)
1612 2045 1662 2110 28.
1677 2049 1735 2112 lte·

424 2134 522 2196 latum
545 2137 652 2200 estad
674 2157 732 2202 nos
756 2159 857 2222 nuper
878 2138 917 2201 de
939 2140 1096 2223 stipendio
1119 2141 1292 2206 exercitus:
1315 2162 1378 2205 uon
1401 2141 1525 2207 decrevi
1546 2140 1658 2215 solum,
1679 2141 1735 2204 sed

425 2227 535 2302 etiam,
557 2236 592 2291 ut
606 2250 661 2294 vos
676 2231 901 2307 decerneretis,
925 2233 1073 2311 laboravi,
1093 2236 1192 2299 multa
1207 2237 1464 2300 dissentientibus
1479 2235 1639 2319 respondi,
1661 2237 1736 2300 scri·

425 2323 529 2387 bendo
551 2325 647 2390 admi.
680 2331 758 2394 Tum
782 2351 909 2414 quoque
931 2330 1051 2395 bomini
1073 2329 1144 2414 plus
1166 2331 1260 2393 tribui
1282 2350 1376 2413 quam
1397 2329 1505 2392 nescio
1527 2329 1578 2391 eui
1598 2329 1736 2392 necessi-

424 2417 499 2480 tati:
529 2419 616 2484 illum
646 2424 729 2486 enim
758 2425 928 2488 arbitrabar
955 2425 1048 2488 etiam
1078 2424 1144 2486 sine
1165 2424 1227 2486 boc
1255 2422 1395 2486 subsidio
1421 2423 1572 2506 pecuniae
1599 2422 1735 2486 retinere

388 2512 597 2576 mexercitum
617 2518 734 2598 praeda
754 2524 827 2582 ante
854 2527 942 2602 parta
971 2528 1001 2582 et
1028 2518 1146 2581 bellum
1168 2515 1321 2582 conficere
1342 2536 1451 2600 posse,
1473 2511 1639 2594 sed(decus
1656 2516 1734 2580 illud

425 2611 457 2668 et
469 2618 684 2675 ornamentum
699 2613 849 2697 triumphi
863 2613 1067 2677 minuendum
1082 2603 1190 2676 nostm
1203 2611 1393 2694 parsimonia
1407 2629 1471 2672 non
1485 2598 1607 2700 putavi)
1624 2612 1735 2675 Actum

425 2708 473 2762 est
494 2699 534 2763 de
556 2701 664 2767 decem
685 2705 813 2788 legatis,
836 2728 916 2791 quos
938 2707 990 2770 alii
1015 2707 1142 2770 omuino
1163 2725 1228 2769 non
1249 2705 1383 2779 dabant,
1405 2704 1460 2767 alii
1481 2705 1625 2788 exempla
1638 2724 1735 2788 quae-

424 2792 550 2869 rebant,
572 2796 624 2859 alii
646 2803 771 2881 tempus
793 2799 991 2875 differebant,
1021 2801 1075 2863 alii
1096 2801 1166 2863 sine
1187 2799 1261 2861 ullis
1283 2799 1447 2862 verborum
1468 2800 1662 2863 ornamentis
1682 2800 1736 2865 da·
1838 2876 1842 2881 ⁸

424 2886 516 2950 bant:
547 2889 579 2954 io
608 2910 646 2955 ea
668 2911 795 2977 quoque
823 2913 857 2957 re
879 2895 924 2957 sic
945 2914 1016 2958 sum
1037 2895 1177 2968 locutus,
1206 2900 1242 2956 ut
1263 2912 1372 2957 omnes
1393 2891 1602 2974 intelligerent
1621 2914 1671 2957 me
1693 2893 1735 2968 id,

387 2981 512 3092 eoquod
534 2985 579 3046 rei
603 2985 748 3067 publicae
770 3005 865 3050 causa
887 2988 1052 3062 sentirem,
1073 2985 1177 3050 facere
1197 2987 1326 3050 uberius
1340 2992 1471 3070 propter
1482 2986 1581 3069 ipsius
1596 2986 1736 3052 Caesaris

425 3075 649 3245 drrnqtqtlcnqa
677 3175 718 3238 bt
750 3194 808 3257 ego
840 3173 921 3238 idem
950 3194 1035 3239 nuuc
1064 3175 1098 3238 in
1126 3175 1297 3259 provinciis
1331 3171 1552 3247 decernendis,
1586 3174 1641 3257 qui
1666 3173 1737 3238 illas

425 3283 534 3328 omnes
555 3285 606 3330 res
629 3266 679 3350 egi
703 3268 845 3342 silentio,
872 3268 1070 3353 interpellor,
1092 3290 1163 3332 cum
1185 3270 1218 3332 in
1240 3267 1454 3352 superioribus
1476 3265 1580 3331 causis
1601 3266 1737 3330 bominis

425 3368 607 3423 ornamenta
634 3361 766 3436 luerint,
795 3363 828 3424 in
857 3362 916 3424 bac
929 3367 996 3446 (me
1024 3362 1104 3426 nibil
1126 3363 1211 3427 aliud
1234 3361 1295 3425 uisi
1316 3359 1394 3424 ratio
1415 3359 1507 3435 belli,
1536 3359 1598 3422 nisi
1619 3380 1738 3424 summa

241 3456 291 3536 nel
386 3451 541 3520 motilitas
563 3456 608 3518 rei
630 3454 775 3538 publicae
797 3458 938 3546 moveat)
963 3458 1043 3521 Num
1063 3458 1131 3540 ipse
1149 3457 1262 3519 Caesar
1283 3454 1359 3538 quid
1380 3461 1428 3516 est
1450 3473 1506 3516 cur
1526 3454 1559 3515 in
1578 3456 1739 3536 provincia

426 3549 613 3611 commorari
635 3549 710 3612 velit
731 3549 792 3613 nisi
815 3557 850 3614 ut
872 3569 923 3624 ea,
946 3570 1027 3633 quae
1049 3571 1106 3633 per
1127 3571 1201 3614 eum
1223 3550 1335 3612 allecta
1356 3554 1445 3621 sunt,
1466 3547 1664 3629 perlectarei
1679 3569 1738 3631 pu-

425 3639 528 3703 blicae
556 3641 680 3705 tradat‘l
704 3633 896 3720 (amoenitas
926 3664 1015 3717 eum,
1048 3645 1160 3719 credo,
1190 3644 1348 3716 locorum,
1380 3641 1503 3703 urbium
1528 3641 1737 3724 pulchritudo,

291 3729 311 3794 ἶ
426 3733 843 3828 bominum)nationumque
872 3737 995 3818 illarum
1009 3731 1203 3820 (humanitas
1225 3744 1257 3799 et
1276 3735 1382 3820 lepos,
1404 3733 1554 3798 victoriae
1574 3737 1738 3820 cupiditas,

426 3827 537 3892 finium
567 3828 690 3912 imperii
719 3832 903 3914 propagatio
931 3831 1068 3919 retinet.)
1094 3830 1178 3908 Quid
1202 3830 1266 3893 illis
1289 3830 1379 3894 terris
1401 3828 1564 3910 asperius?
1594 3830 1670 3912 quid
1692 3831 1739 3892 in·

389 3921 541 3990 secultius
573 3923 721 4007 oppidisl
756 3924 831 4008 quid
867 3925 1048 3988 nationibus
1077 3925 1267 3988 immanius?
1300 3922 1376 4007 quid
1406 3940 1500 4004 porro
1527 3927 1573 3985 tot
1600 3923 1739 3986 victoriis

427 4017 667 4096 praestabilius?
691 4019 768 4102 quid
783 4019 911 4082 Oceano
932 4019 1058 4102 longius
1072 4019 1206 4083 inveniri
1221 4021 1345 4101 potest?
1366 4017 1415 4078 Au
1428 4013 1547 4078 reditus
1560 4015 1594 4078 in
1607 4016 1740 4099 patriam

426 4106 522 4173 babet
548 4110 686 4195 aliquam
716 4114 946 4177 offensionem?
973 4119 1077 4176 utrum
1107 4113 1190 4196 apud
1218 4111 1387 4196 populum,
1413 4129 1515 4192 aquo
1544 4109 1674 4183 missus,
1700 4128 1740 4172 an

492 4429 515 4478 t.
531 4429 732 4490 pertineutG-
751 4429 859 4482 decreuia
877 4430 936 4479 Ρ-
955 4429 1204 4494 2.quot]uuod1³-
1224 4427 1261 4493 c]
1278 4427 1387 4491 potetis
1406 4425 1511 4476 G.E-
1528 4426 1643 4477 sues:
1663 4426 1740 4477 dtiso

429 4531 454 4539 -
473 4503 498 4554 3.
516 4504 735 4569 cmqrotalotiot}
755 4529 780 4540 -
800 4506 823 4554 b.
843 4504 899 4569 quo]
919 4504 1064 4566 quodem
1082 4517 1136 4554 om.
1155 4504 1175 4554 E
1195 4531 1219 4541 -
1240 4507 1275 4553 est
1292 4503 1329 4553 C:
1349 4501 1435 4552 om.0
1455 4527 1481 4537 -·
1500 4499 1524 4550 6.
1542 4500 1739 4564 etcootectoc:

425 4580 582 4642 confectoque
599 4580 658 4630 0-
677 4581 701 4629 7.
719 4585 756 4629 est
770 4580 916 4642 sacppttcctto
932 4585 967 4630 est
982 4579 1121 4629 consularis
1135 4582 1153 4630 Ρ
1166 4605 1194 4614 -
1212 4580 1237 4630 8.
1251 4577 1347 4627 mouri
1363 4580 1422 4627 1>—
1438 4575 1537 4637 pompei
1548 4575 1581 4635 C;
1600 4575 1663 4624 item
1679 4588 1705 4623 v.
1714 4575 1739 4625 8.

428 4678 455 4689 -
469 4655 493 4703 a.
506 4655 608 4704 morum
624 4657 657 4712 P;
677 4654 741 4705 used
758 4654 884 4707 mendum
902 4658 955 4714 est;
973 4652 1036 4704 nibil
1053 4657 1110 4705 erat
1127 4655 1188 4705 novi
1204 4655 1232 4703 et
1247 4650 1382 4703 honorifici
1394 4649 1420 4700 in
1432 4647 1544 4700 deorum
1555 4663 1676 4711 numero,
1693 4647 1740 4699 sed

427 4728 453 4778 ln
470 4727 586 4788 dierum,
605 4743 655 4780 uec
672 4732 745 4800 certp
762 4731 874 4780 deorum
892 4742 1003 4780 numero
1020 4729 1175 4794 supplicatio
1187 4725 1395 4783 decernebatur,
1414 4723 1549 4776 diversum
1560 4721 1741 4774 estlectister-

427 4803 525 4853 niumm
543 4803 651 4855 bisons.
673 4830 698 4842 -
720 4803 759 4854 ts.
778 4805 816 4855 dis
831 4807 905 4856 PG¹:
924 4804 971 4853 dliv
986 4804 1007 4853 0
1026 4829 1053 4840 —
1073 4806 1113 4854 45.
1132 4803 1162 4868 et]
1180 4805 1210 4854 ed
1225 4804 1253 4853 Ρ1
1271 4828 1298 4838 -
1319 4799 1480 4866 gloriaequos
1496 4803 1515 4851 P
1533 4825 1560 4836 —
1579 4812 1707 4850 concussae
1722 4801 1741 4850 P

429 4903 456 4912 -
476 4877 517 4928 td.
535 4877 642 4929 diem
659 4876 688 4930 P¹
707 4904 731 4917 -
754 4880 794 4928 47.
812 4883 839 4928 ut
855 4884 879 4930 et
894 4891 939 4928 uos
956 4878 1005 4928 GE
1024 4905 1051 4914 —
1071 4879 1111 4930 ⁴8.
1129 4879 1205 4929 scotto
1222 4880 1241 4928 P
1260 4901 1286 4913 -
1305 4877 1346 4927 at.
1362 4877 1560 4940 psrmmoetoP
1579 4903 1606 4912 -
1623 4875 1665 4924 ii.
1682 4887 1742 4937 qas-

427 4951 515 5004 rcbout
530 4954 550 5003 P
566 4980 600 4990 -
619 4952 660 5005 sl.
679 4954 845 5016 semperne
860 4957 879 5005 P
897 4980 924 4989 -
947 4953 988 5004 ab.
1006 4952 1089 5016 fucere
1108 4965 1162 5004 om.
1181 4955 1202 5004 G
1219 4978 1245 4988 —
1273 4953 1315 5002 ιι.
1333 4950 1412 5001 orum
1427 4953 1476 5000 PG
1495 4977 1521 4988 -
1539 4951 1566 5000 tu
1582 4949 1739 5001 Lambinus:

428 5038 481 5076 om.
500 5026 519 5076 C
541 5053 565 5064 -
592 5027 632 5079 30.
650 5029 717 5080 Nom
737 5031 788 5090 ipre
799 5055 836 5066 --
847 5029 933 5079 tradet
953 5027 1036 5079 habet
1058 5026 1154 5078 Gellius
1170 5028 1224 5087 XV,
1242 5029 1267 5088 s,
1285 5028 1309 5077 l.
1328 5029 1355 5077 et
1370 5026 1468 5077 Nonius
1485 5023 1622 5077 ltarcellus
1640 5039 1665 5090 p.
1684 5025 1740 5084 ιιι,

428 5104 460 5155 82
477 5114 518 5165 sq.
541 5103 615 5154 Conl.
634 5103 649 5168 g
667 5105 706 5154 ιι.
726 5129 753 5140 -
776 5105 802 5155 tu
826 5116 858 5156 so
874 5105 1007 5168 procincto
1027 5100 1123 5154 Gellius
1146 5104 1173 5153 et
1191 5103 1298 5153 Nouius.
1323 5127 1350 5137 —
1374 5101 1415 5151 3⁴.
1432 5101 1565 5164 adsectal’
1588 5129 1616 5138 -
1638 5100 1678 5151 33.
1695 5112 1743 5160 aaa

428 5179 530 5229 ιιιαηιιιι
552 5177 693 5230 emunitas
714 5191 793 5245 supra
814 5191 923 5232 versum
939 5178 1021 5230 habet
1036 5181 1055 5230 P
1074 5203 1102 5215 -
1125 5175 1166 5229 tl.
1183 5177 1282 5240 umens
1297 5178 1330 5228 c:
1358 5174 1456 5239 mspes't
1470 5177 1549 5226 uorat
1564 5176 1585 5226 0
1603 5201 1629 5212 -
1644 5191 1742 5242 prope-

429 5253 516 5324 μασι
541 5250 570 5306 a.
