4009 6159
429 581 511 652 4444
550 563 553 572 ’
816 593 966 658 omaro
988 593 1067 659 444
1091 592 1152 658 44.
1172 592 1345 660 4444444

427 760 620 837 Laterensis,
642 768 674 825 et
692 761 796 845 ipsum
817 765 988 846 gratiosum
1009 784 1079 828 esse
1101 764 1172 828 dico
1195 770 1228 829 et
1247 762 1395 827 babuisse
1409 761 1443 828 44
1457 761 1611 846 petitione
1625 763 1742 828 multos

427 852 560 935 cupidos
589 856 639 918 sui
666 856 839 939 gratiosos,
866 877 947 941 quos
974 866 1008 922 tu
1036 861 1062 922 si
1091 857 1215 922 sodales
1236 877 1346 931 vocas,
1378 857 1551 920 officiosam
1573 858 1743 922 amicitiam

426 947 554 1010 nomine
576 948 725 1032 inquinas
746 951 929 1016 criminoso:
959 952 1025 1026 sin,
1053 953 1128 1036 quia
1154 951 1283 1034 gratiosi
1312 951 1391 1026 sint,
1420 950 1614 1015 accusandos
1644 961 1746 1036 putas,

427 1040 493 1104 noli
515 1043 620 1106 mirari
642 1051 674 1107 44
695 1043 746 1119 44,
768 1045 853 1129 quod
877 1053 927 1110 tua
950 1044 1085 1129 dignitas
1107 1046 1289 1129 postularit,
1312 1043 1515 1127 repudiandis
1536 1046 1745 1127 gratiosorum

402 1135 573 1200 5444444ίί44
594 1157 659 1200 444
681 1158 750 1201 4444
771 1146 960 1203 assecutum.
1003 1135 1054 1203 47.
1076 1143 1154 1204 Nam
1176 1148 1211 1203 ut
1232 1159 1291 1222 ego
1308 1140 1406 1203 doceo
1429 1139 1599 1220 gratiosum
1621 1157 1692 1202 esse
1714 1140 1747 1201 in

426 1247 483 1292 sua
504 1229 587 1292 tribu
609 1231 785 1308 Plancium,
806 1234 891 1317 quod
913 1233 1020 1298 multis
1039 1235 1174 1317 benigne
1189 1233 1314 1308 iecerit,
1336 1252 1393 1316 pro
1409 1232 1515 1296 multis
1530 1232 1747 1317 spoponderit,

427 1324 460 1386 in
489 1343 605 1407 operas
633 1324 786 1408 plurimos
814 1327 912 1410 patris
940 1330 1123 1394 auctoritato
1152 1335 1184 1392 44
1211 1327 1309 1409 gratia
1331 1325 1468 1399 miserit,
1500 1325 1587 1409 quod
1608 1326 1748 1408 denique

426 1417 571 1481 omnibus
599 1416 711 1482 officiis
738 1439 797 1502 per
818 1440 868 1497 44,
897 1442 955 1505 per
973 1431 1113 1505 patrem,
1141 1441 1199 1504 per
1220 1421 1354 1484 maiores
1376 1439 1450 1482 suos
1471 1426 1569 1482 totam
1590 1420 1748 1484 Atinatem

426 1511 654 1592 praefecturam
683 1515 971 1598 comprehenderit,
999 1517 1045 1580 sic
1074 1523 1109 1579 tu
1137 1515 1216 1578 doce
1244 1521 1438 1595 sequestrem
1458 1512 1573 1587 luisse,
1601 1513 1747 1596 largitum

390 1615 418 1663 44
427 1625 511 1679 esse,
534 1607 774 1689 conscripsisse,
803 1609 936 1673 tribules
957 1609 1179 1673 decuriavisse.
1219 1607 1311 1683 Quod
1334 1606 1361 1669 si
1383 1626 1447 1670 non
1468 1613 1578 1688 potes,
1599 1608 1666 1670 4444
1688 1608 1748 1672 444-

425 1698 492 1762 4444
513 1720 555 1764 err
575 1700 687 1764 ordine
708 1711 817 1767 nostro
838 1703 1075 1776 liberalitatem,
1097 1703 1162 1766 noli
1185 1697 1371 1764 maleficium
1394 1707 1505 1782 putare
1520 1719 1590 1764 4444
1605 1702 1747 1784 gratiam,

426 1793 493 1858 noli
515 1794 745 1857 observantiam
767 1797 890 1860 sancire
912 1817 1025 1880 poena.

512 1889 624 1972 ltaque
645 1888 850 1953 haesitantem
872 1898 903 1953 te
925 1891 958 1953 in
979 1891 1040 1954 boc
1060 1889 1281 1954 sodaliciorum
1296 1887 1447 1953 tribuario
1462 1888 1594 1952 crimine
1607 1890 1649 1954 ad
1662 1910 1748 1954 com·

427 2002 555 2046 munem
576 1982 711 2045 ambitus
732 2003 859 2047 causam
881 1985 1057 2059 contulisti,
1087 1983 1121 2047 in
1143 2002 1206 2066 qua
1236 1982 1416 2046 desinamus
1438 1983 1624 2066 aliquando,
1653 1985 1680 2046 si
1701 1984 1748 2046 vi-

391 2076 535 2149 sedetur,
563 2075 683 2157 vulgari
710 2083 742 2138 et
769 2086 936 2160 pervagata
965 2077 1193 2141 declamatione
1222 2075 1423 2140 contendere.
1461 2075 1513 2165 Sic
1538 2078 1623 2140 enim
1644 2086 1748 2141 tecum

427 2188 498 2251 ago.
540 2166 591 2231 48.
615 2167 718 2244 Quam
744 2170 802 2233 tibi
833 2170 1110 2235 commodum·est
1138 2171 1254 2234 tribum
1276 2189 1371 2232 unam
1395 2170 1517 2252 deliget
1545 2177 1579 2233 tu
1600 2171 1678 2234 doce
1705 2171 1749 2247 id,

428 2263 514 2345 quod
536 2263 646 2336 debes,
674 2284 847 2349 perquem
874 2272 1088 2349 sequestrem,
1118 2284 1182 2348 quo
1205 2263 1342 2326 divisore
1363 2272 1510 2346 corrupta
1532 2265 1587 2326 sit:
1619 2283 1692 2346 ego,
1720 2266 1748 2328 si

428 2356 461 2422 id
482 2356 586 2420 facere
607 2375 671 2420 non
692 2359 850 2439 potueris,
881 2360 985 2442 quod,
1014 2369 1051 2421 ut
1072 2358 1180 2442 opinio
1203 2377 1273 2420 mea
1292 2355 1370 2430 fert,
1393 2377 1434 2420 ne
1455 2357 1586 2440 incipies
1609 2357 1749 2440 quidem,

427 2471 602 2535 perquem
623 2450 745 2527 tulerit,
768 2451 899 2516 docebo.
933 2454 1031 2516 Estne
1052 2453 1131 2546 baec
1151 2471 1225 2516 vera
1247 2450 1429 2514 coutentio‘l
1451 2450 1595 2535 placetne
1617 2453 1661 2516 sic
1674 2453 1748 2535 agii

390 2559 504 2608 sonum
532 2564 661 2629 possum
690 2548 789 2630 magis
818 2546 932 2630 pedem
959 2547 1119 2622 conferre,
1146 2555 1181 2609 ut
1208 2546 1312 2619 44444,
1342 2553 1395 2608 444
1422 2545 1553 2629 propius
1573 2547 1747 2610 accederet

429 2638 515 2715 Quid
535 2642 641 2702 taces‘l
664 2641 741 2725 quid
757 2640 962 2704 dissimulas?
985 2640 1061 2725 quid
1080 2640 1315 2723 tergiversaris?
1338 2639 1432 2702 etiam
1447 2644 1541 2722 atquc
1556 2639 1651 2703 etiam
1664 2641 1747 2705 44444

428 2737 524 2815 44444
552 2751 667 2815 urgeo,
693 2736 848 2810 insector,
877 2754 976 2818 posco
1005 2740 1099 2817 atque
1122 2733 1201 2798 adeo
1222 2734 1330 2815 flagito
1353 2733 1486 2796 crimen:
1515 2753 1748 2818 quamcumque

429 2826 565 2900 tribum,
589 2827 735 2911 inquam,
767 2827 937 2911 delegeris,
960 2848 1055 2913 quam
1079 2828 1185 2892 tulerit
1206 2828 1369 2902 Plancius,
1390 2834 1425 2890 tu
1447 2827 1622 2902 ostendito,
1643 2828 1670 2890 si
1691 2849 1747 2910 po-

428 2921 520 2994 teris,
543 2921 669 2985 vitium:
699 2943 774 3006 ego,
796 2943 861 3006 qua
881 2923 1004 2986 ratione
1035 2922 1157 2996 tulerit,
1180 2922 1311 2985 docebo.
1354 2924 1464 3006 Neque
1495 2921 1554 2983 erit
1578 2921 1657 2984 baec
1685 2921 1747 2985 alia

390 3015 509 3079 4444444
531 3014 658 3080 Plancio
680 3037 718 3080 ac
739 3017 812 3092 tibi,
834 3017 1023 3080 Laterensis.
1060 3019 1138 3080 Nam
1160 3023 1211 3091 ut,
1233 3035 1311 3100 quas
1333 3016 1433 3080 tribus
1454 3023 1489 3079 tu
1507 3015 1621 3090 tulisti,
1642 3015 1748 3080 eiiam

428 3129 469 3173 ex
491 3118 522 3173 te
543 3113 721 3194 requiram,
750 3112 871 3195 possis,
899 3131 1035 3196 quorum
1058 3109 1162 3174 studio
1184 3110 1311 3185 tuleris,
1340 3109 1514 3193 explicare,
1541 3108 1586 3172 sic
1608 3129 1667 3191 ego
1687 3110 1748 3174 boc

429 3204 604 3280 contendo,
633 3226 685 3269 me
714 3206 772 3270 tibi
793 3206 853 3289 ipsi
875 3205 1074 3280 adversario,
1105 3205 1332 3288 cuiuscumque
1353 3204 1453 3267 tribus
1474 3204 1630 3268 rationem
1650 3223 1749 3288 popo-

429 3299 542 3374 sceris,
563 3297 772 3363 redditurum.

512 3393 584 3456 XX.
606 3388 657 3456 49.
685 3393 747 3456 Sed
777 3414 832 3457 eur
854 3394 899 3457 sie
921 3397 1002 3476 agot
1033 3393 1124 3477 quasi
1146 3412 1211 3455 non
1232 3391 1368 3456 comitiis
1390 3391 1452 3454 iam
1474 3391 1688 3474 superioribus
1710 3391 1751 3456 444

285 3544 292 3571 ,
390 3488 574 3551 aoPlancius
597 3487 779 3571 designatus
801 3488 933 3573 aedilis:
960 3507 1043 3572 quae
1066 3487 1192 3549 comitia
1213 3485 1348 3568 primum
1369 3485 1486 3549 babere
1507 3485 1612 3568 coepit
1631 3484 1749 3559 consul,

429 3603 501 3645 oum
529 3583 675 3645 omnibus
701 3583 735 3644 in
766 3582 859 3646 rebus
888 3602 1010 3645 summa
1039 3580 1238 3654 auctoritate,
1267 3587 1334 3642 tum
1355 3579 1466 3642 barum
1486 3580 1624 3663 ipsarum
1645 3579 1748 3660 legum

429 3677 563 3741 ambitus
584 3683 714 3753 auctor;
736 3677 851 3740 deinde
872 3677 989 3739 babere
1013 3676 1119 3757 eoepit
1139 3674 1242 3738 subito
1264 3681 1389 3757 praeter
1403 3674 1583 3756 opinionem
1598 3673 1749 3746 omnium,

428 3778 465 3833 ut
484 3790 526 3834 no
548 3771 575 3835 si
596 3769 765 3852 cogitasset
785 3770 913 3853 quidem
935 3769 1039 3853 largiri
1056 3769 1224 3853 quispiam,
1247 3767 1374 3832 daretur
1389 3769 1524 3852 spatium
1539 3765 1749 3850 comparandi.

428 3866 565 3928 Vocatae
587 3865 703 3939 tribus,
732 3864 829 3927 latum
852 3864 1052 3946 suffragium,
1075 3862 1219 3928 diribitae
1241 3862 1378 3936 tabellae,
1400 3862 1606 3926 renuntiatae.
1642 3860 1750 3942 Longe

392 3959 600 4043 ttplurimum
622 3959 720 4023 valuit
748 3958 911 4021 Planciusz
939 3957 1028 4021 nulla
1049 3957 1223 4039 largitionis
1245 3975 1305 4019 nec
1325 3955 1386 4020 fuit
1405 3975 1464 4045 nec
1486 3975 1555 4020 esse
1577 3955 1678 4039 potuit
1698 3973 1751 4016 su-

429 4052 539 4136 spicio.
574 4053 634 4116 444
664 4053 815 4116 tandem?
844 4072 907 4114 una
936 4052 1079 4115 centuria
1106 4051 1325 4134 praerogativa
1351 4057 1474 4113 tantum
1500 4049 1597 4114 babet
1616 4049 1751 4112 auctori-

428 4147 516 4221 tatis,
546 4155 582 4210 ut
611 4168 703 4212 nemo
732 4166 884 4230 umquam
908 4145 998 4229 prior
1018 4165 1088 4209 eam
1108 4144 1229 4220 tulerit,
1257 4145 1335 4227 quin
1355 4143 1552 4206 renuntiatus
1573 4143 1617 4207 sit
1637 4143 1751 4206 antiis

497 4421 521 4470 4.
536 4413 654 4482 4444444444
672 4418 691 4468 Τ
709 4443 735 4455 -
756 4417 781 4467 2.
799 4415 892 4466 4444444
907 4415 966 4464 Τ-
985 4413 1010 4464 3.
1029 4415 1078 4464 stet
1093 4414 1156 4465 TE:
1174 4417 1232 4462 44444
1247 4412 1307 4462 0-
1326 4412 1350 4462 b.
1369 4411 1512 4462 4444444444
1528 4411 1588 4462 Τ-
1606 4411 1673 4461 Nam
1689 4410 1749 4461 TE:

431 4495 522 4547 14440
541 4517 568 4530 -·
587 4491 811 4557 4444444444-
831 4490 996 4554 &plectae
1012 4490 1032 4539 T
1050 4514 1077 4525 —
1094 4487 1311 4552 4444444444·-
1330 4487 1354 4537 8.
1370 4489 1608 4550 perantepctrem
1624 4487 1752 4538 4444·-

430 4577 508 4622 totam
528 4583 574 4632 per
595 4573 713 4618 44444444
729 4568 749 4618 Τ
764 4593 798 4604 -
820 4567 844 4618 9.
864 4568 934 4617 doces
952 4571 1088 4629 equestrem
1111 4566 1145 4624 E3
1169 4565 1239 4614 coece
1260 4566 1413 4625 4444444444
1429 4563 1449 4612 T
1464 4589 1497 4600 -
1514 4563 1554 4613 40.
1572 4561 1669 4612 44444444
1684 4563 1704 4612 T
1718 4588 1752 4599 -

432 4648 472 4696 ta.
490 4646 542 4696 nott
561 4644 743 4695 4444444444
762 4643 861 4692 sonare
878 4655 962 4704 444444
982 4640 1064 4692 hahet
1083 4640 1227 4690 Arusianus
1246 4639 1280 4688 bt.
1299 4638 1619 4700 castramentatus
1633 4637 1752 4700 4444444444

431 4737 458 4788 p.
476 4722 525 4772 26³
542 4722 584 4772 ed.
604 4719 722 4770 bindem.
740 4744 773 4754 -
790 4719 830 4769 43.
848 4718 957 4768 44444444
972 4721 995 4766 te
1012 4718 1031 4767 Τ
1047 4743 1080 4754 —-
1096 4714 1272 4765 444444444444
1288 4714 1321 4762 T:
1348 4713 1521 4764 sodattttonea
1535 4713 1585 4764 ΕΟ
1600 4739 1634 4750 -
1651 4714 1691 4763 46.
1708 4713 1751 4778 est]

430 4800 462 4849 stt
478 4800 623 4862 (superscr.
635 4797 678 4858 est)
691 4795 711 4844 Ε
727 4822 761 4831 -
777 4794 870 4844 44444444
883 4807 963 4844 neom
979 4793 1044 4844 TE:
1068 4805 1147 4842 444444
1162 4788 1255 4840 tribum
1271 4790 1291 4839 0
1307 4816 1341 4826 -
1356 4789 1454 4853 4444444,
1467 4793 1495 4840 444
1510 4789 1568 4840 doce
1584 4789 1749 4840 Wunderus:

431 4874 509 4938 delige
525 4879 567 4924 ta:
584 4872 643 4922 doce
659 4871 680 4921 0
696 4897 730 4908 -
751 4871 791 4920 ta.
808 4871 877 4935 44444
894 4870 913 4919 T
929 4895 963 4907 ·-
984 4869 1024 4919 49.
1039 4865 1161 4931 placetne]
1182 4865 1265 4914 Ptocet
1280 4865 1301 4914 st
1317 4861 1333 4915 4
1351 4865 1371 4914 E
1387 4891 1421 4902 -
1444 4865 1485 4915 40.
1502 4865 1588 4926 pedem
1602 4865 1668 4928 ferre
1684 4864 1704 4913 T
1718 4891 1752 4900 -

432 4949 484 5010 cut]
501 4951 530 4997 44
545 4947 565 4996 T
581 4974 615 4982 —
630 4947 672 4995 22.
690 4945 796 4996 44444444
812 4947 844 5001 Τ;
861 4945 978 5006 4444444444
993 4944 1013 4994 E
1031 4969 1064 4980 -
1080 4943 1133 4992 ideo
1150 4943 1170 4992 T
1185 4967 1219 4978 -
1235 4940 1275 4990 43.
1292 4941 1403 5003 potueris
1419 4940 1483 4990 E-
1498 4939 1645 4992 4444444444
1661 4941 1753 4990 ΤΕ-

431 5026 517 5086 Neque
532 5023 598 5073 TE:
615 5035 660 5072 444
676 5022 740 5071 0-
755 5023 797 5072 ab.
814 5027 843 5072 444
859 5027 898 5084 444,
917 5033 982 5083 ques
997 5019 1076 5069 tribus
1092 5017 1168 5068 4444444
1185 5015 1310 5067 Halmius.
1326 5043 1353 5054 -
1372 5017 1393 5066 44
1409 5016 1470 5078 tom]
1487 5016 1634 5066 44444444-
1648 5015 1689 5065 at.
1707 5028 1753 5064 ms·

431 5101 518 5162 4444444
533 5098 626 5148 TE—
642 5097 683 5147 49.
702 5110 748 5146 eur
763 5096 826 5147 TE:
844 5109 891 5146 4444·
906 5097 982 5160 4440
998 5121 1032 5131 -
1048 5093 1162 5154 comdiis]
1179 5093 1387 5142 4444444444-
1402 5093 1442 5158 stt]
1458 5093 1480 5142 st
1496 5092 1585 5143 TE—
1601 5091 1641 5142 34.
1659 5091 1754 5153 optato·

431 5172 693 5224 4444444444-
708 5169 749 5220 33.
766 5170 859 5234 4444444
876 5171 999 5232 quispim
1015 5169 1079 5219 TE:
1099 5167 1223 5230 4444444444
1238 5167 1330 5230 largiri
1346 5169 1410 5218 0—-
1425 5167 1538 5231 4444444444
1553 5167 1646 5218 ΤΕ-
1662 5179 1753 5228 coapo-

431 5248 508 5298 reedt
522 5251 611 5298 4444444
626 5247 645 5296 T
660 5271 694 5282 -
717 5245 757 5297 tt.
775 5245 891 5296 4444444444
906 5244 971 5295 TE:
998 5245 1135 5306 4444444444
1151 5242 1171 5293 0
1188 5269 1221 5278 -
1241 5241 1345 5294 44444444
1360 5243 1527 5295 Wunderus:
1550 5254 1604 5293 om.
1621 5241 1699 5294 TEo
1719 5269 1753 5281 -·-

433 5323 657 5377 4444444444·-
678 5321 718 5373 344.
735 5319 865 5377 aare:
881 5317 1063 5375 440-44.
1080 5318 1160 5374 snt:
1178 5317 1215 5371 4444
1230 5317 1260 5370 Ε.
