4009 6159
396 561 479 636 l098
817 581 968 646 ORATIO
989 583 1031 646 id
1053 583 1088 646 L.
1109 583 1286 650 risouuu

394 748 508 822 natim,
541 769 674 833 quorum
708 748 788 814 nihil
818 759 883 826 est,
916 753 1001 837 quod
1031 773 1096 815 non
1129 753 1171 816 sit
1199 753 1269 836 lege
1301 753 1380 817 lulia
1413 750 1472 837 [ne
1501 749 1569 817 lieri
1601 750 1712 838 liceat]

393 841 547 906 sancitum
577 843 752 926 diligenter.
804 842 854 907 ai.
890 845 1063 920 Aetoliam,
1093 866 1175 930 quae
1208 848 1316 931 procul
1345 868 1364 911 a
1391 847 1531 911 barbaris
1554 849 1714 912 disiuncta

393 935 538 1016 gentibus
566 939 600 1001 iu
628 940 699 1004 sinu
730 941 816 1024 pacis
843 943 946 1024 posita
974 943 1079 1006 medio
1108 942 1175 1006 lere
1203 942 1352 1005 Graeciae
1382 942 1501 1025 gremio
1523 943 1713 1016 continetur,

392 1031 538 1095 oPeena
566 1039 599 1096 et
626 1035 720 1097 Furia
749 1036 924 1099 socioruml
959 1037 1117 1100 decedens
1146 1037 1290 1100 miseram
1319 1035 1496 1118 perdidisti.
1539 1035 1713 1110 Arsinoen,

261 1111 292 1220 l
369 1122 546 1200 lStratum,
569 1130 783 1210 Naupactum,
812 1137 848 1192 ut
870 1129 963 1193 modo
986 1137 1053 1193 tute
1076 1129 1239 1202 indicasti,
1266 1130 1390 1192 nobiles
1413 1129 1506 1191 urbes
1527 1136 1624 1213 atque
1646 1130 1714 1212 ple·

242 4045 263 4096 «i

209 4095 262 4140 ra

393 1237 465 1292 nas,
497 1220 604 1285 fateris
634 1223 674 1285 ab
702 1222 844 1286 hostibus
866 1243 936 1286 esse
958 1233 1074 1306 captas.
1119 1223 1243 1298 Quibus
1264 1230 1370 1286 autem
1390 1201 1557 1286 hostibus?
1593 1225 1713 1305 Nempe

393 1309 448 1385 iia,
479 1334 559 1397 quos
581 1323 631 1390 tu,
659 1317 845 1380 Ambraciae
867 1317 1001 1391 sedens,
1031 1318 1133 1398 primo
1156 1325 1212 1379 tuo
1235 1317 1369 1381 adventu
1394 1338 1435 1380 ex
1457 1316 1582 1400 oppidis
1604 1317 1714 1399 Agria-

392 1423 466 1466 num
499 1415 594 1491 atque
622 1409 779 1492 Dolopum
809 1411 983 1493 demigrare
1016 1419 1048 1473 et
1076 1430 1145 1473 aras
1176 1418 1207 1472 et
1238 1410 1326 1472 iocos
1357 1410 1536 1494 relinquere
1571 1411 1712 1493 coegisti.

392 1495 458 1560 Hoc
479 1507 513 1562 tu
534 1503 567 1563 in
590 1504 693 1578 exitu,
727 1504 885 1587 praeclare
907 1507 1092 1588 imperator,
1121 1525 1191 1567 cum
1222 1504 1278 1566 tibi
1300 1503 1339 1566 ad
1363 1505 1511 1586 pristinas
1532 1505 1639 1568 clades
1661 1525 1713 1568 ac·

355 1591 492 1654 recessio
514 1593 626 1660 fuisset
646 1598 789 1661 Aetoliae
809 1600 995 1680 repentinus
1024 1599 1186 1672 interitus,
1220 1599 1393 1661 exercitum
1415 1598 1578 1671 dimisisti,
1608 1619 1712 1682 neque

391 1683 488 1748 ullam
502 1709 654 1771 poenam,
675 1712 758 1775 quae
780 1698 867 1755 tanto
888 1692 1021 1756 facinori
1043 1692 1224 1766 deberetur,
1247 1714 1310 1755 non
1332 1693 1468 1755 maluisti
1490 1692 1595 1757 subire
1617 1713 1710 1776 quam

391 1796 556 1847 numerum
578 1794 704 1848 tuorum
727 1786 861 1862 militurn
882 1786 1096 1871 reliquiasque
1118 1806 1317 1869 cognoscere.

475 1878 650 1943 xxxviu.
682 1877 733 1943 92.
767 1882 869 1964 Atque
896 1889 932 1944 ut
960 1883 1093 1946 duorum
1115 1881 1342 1965 Epicureorum
1364 1880 1599 1946 similitudinem
1621 1883 1654 1944 in
1676 1902 1711 1944 re

339 1943 341 1952 Α
392 1968 519 2033 militari
545 1972 745 2058 imperioque
767 1975 917 2049 videatis,
949 1974 1117 2049 Albucius,
1150 1995 1221 2037 cum
1251 1975 1283 2036 in
1307 1975 1452 2038 Sardinia
1479 1976 1712 2059 triumphasset,

355 2063 508 2128 tillomac
530 2064 696 2131 damnatus
718 2076 785 2132 eat:
807 2068 858 2131 hic
881 2089 950 2131 cunr
973 2069 1108 2132 similem
1130 2071 1250 2133 exitum
1273 2076 1484 2152 exspectaret,
1511 2072 1545 2134 in
1566 2068 1713 2132 Maccdo-

392 2157 445 2219 nia
446 2165 588 2266 'tropaea
601 2163 724 2245 posuit;
740 2183 866 2258 eaque,
889 2183 970 2246 quae
984 2163 1117 2226 bellicae
1133 2162 1234 2226 laudis
1249 2164 1463 2247 victoriaeque
1478 2183 1588 2226 omnes
1602 2170 1712 2245 gentes

392 2248 529 2334 insignia
551 2263 582 2317 et
602 2263 803 2320 monumenta
824 2276 894 2319 esse
916 2255 1100 2330 voluerunt,
1133 2265 1242 2319 noster
1260 2255 1313 2318 bic
1334 2257 1588 2365 praeposterus
1578 2275 1713 2338 impera·

391 2350 440 2406 tor
460 2347 645 2412 amissorum
668 2350 876 2434 oppidorum,
905 2370 1067 2414 caesarum
1090 2349 1268 2433 legionum,
1296 2351 1479 2432 provinciae
1500 2349 1659 2458 praesidio
1680 2357 1714 2412 ct

391 2435 522 2522 reliquis
545 2443 696 2507 militibus
717 2444 843 2508 orbatae
865 2444 905 2507 ad
929 2445 1155 2526 sempiternum
1177 2442 1314 2507 dedecus
1337 2447 1386 2508 sui
1408 2445 1534 2527 generis
1555 2452 1588 2507 et
1608 2444 1711 2507 nomi·

278 2533 281 2538 '
355 2532 441 2595 unis
461 2533 587 2600 funesta
607 2537 727 2602 indicia
749 2539 925 2602 constituit:
954 2538 1121 2620 idemque,
1148 2545 1184 2599 ut
1205 2546 1289 2601 esset
1314 2539 1400 2621 quod
1422 2538 1455 2600 in
1476 2538 1545 2602 basi
1566 2547 1713 2620 tropaeo-

390 2646 459 2690 rum
480 2630 608 2694 inscribi
629 2633 789 2716 incidique
812 2639 938 2716 posset,
972 2631 1175 2715 Dyrrachium
1197 2640 1232 2695 ut
1253 2633 1340 2694 venit
1360 2632 1535 2706 decedens,
1564 2634 1712 2696 obsessus

392 2728 439 2783 est
460 2722 542 2784 ab''
521 2743 560 2786 us
582 2725 661 2808 ipsis
683 2727 851 2800 militibus,
886 2745 966 2809 quos
988 2725 1084 2808 paulo
1105 2732 1178 2788 ante
1200 2728 1360 2810 Torquato
1382 2725 1548 2809 respondit
1567 2722 1711 2790 beneficii

392 2835 486 2879 causa
508 2837 526 2881 a
548 2839 582 2883 se
605 2838 674 2884 esse
697 2821 854 2884 dimissos
899 2817 949 2883 93.
988 2819 1111 2896 Quibus
1133 2840 1203 2882 cum
1227 2821 1346 2882 iuratus
1368 2818 1552 2884 affirmasset
1572 2841 1607 2884 se
1629 2838 1711 2902 quae

391 2898 580 2992 deberentur
607 2922 735 2996 postero
764 2915 815 2979 die
836 2915 1097 3008 persoluturum,
1133 2913 1262 2977 domum
1290 2933 1325 2976 se
1353 2913 1489 2989 abdidit;
1522 2913 1596 2977 inde
1618 2919 1710 2976 nocte

354 3003 580 3089 ainrempests
612 3010 790 3093 crepidatus
825 2989 912 3073 v'este
946 3007 1053 3072 servili
1086 3028 1198 3072 navem
1231 3007 1416 3071 conscendit
1446 3005 1711 3090 Brundisiumque

391 3099 501 3163 vitavit
528 3109 560 3164 et
588 3101 715 3166 ultimas
743 3102 894 3166 Hadriani
924 3103 1020 3165 maris
1042 3121 1113 3165 oras
1135 3101 1267 3186 petivit:
1305 3123 1374 3164 cum
1401 3102 1527 3165 interim
1548 3099 1712 3184 Dyrrachii

391 3193 505 3257 milites
535 3195 720 3272 domum,'
710 3217 744 3260 ru
772 3217 836 3280 qua
865 3199 959 3262 istum
988 3216 1057 3260 esse
1086 3196 1327 3269 arbitrarentur,
1357 3195 1503 3259 obsidere
1532 3201 1711 3278 coeperunt,

391 3295 438 3362 et,
471 3309 541 3352 curn
572 3291 669 3355 latere
696 3292 854 3355 hominem
881 3298 1044 3376 putarent,
1075 3291 1164 3373 ignes
1194 3289 1477 3353 circumdederunt
1532 3288 1605 3363 Quo
1626 3294 1711 3350 metu

392 3384 538 3448 commoti
566 3385 750 3468 Dyrrachini
779 3386 955 3470 profugisse
986 3393 1084 3448 noctu
1112 3385 1308 3466 crepidatum
1339 3385 1559 3467 imperatorem
1592 3381 1712 3445 indica·

354 3484 512 3538 arverunt.
556 3479 604 3540 lili
625 3486 732 3542 autem
763 3487 896 3542 statuam
924 3481 1015 3543 istius
1044 3478 1253 3561 persimilem,
1283 3498 1378 3560 quam
1399 3485 1482 3542 stare
1505 3477 1710 3542 celeberrimo

392 3569 423 3630 in
447 3568 518 3633 loco
541 3572 696 3647 voluerat,
718 3593 759 3636 ne
782 3573 958 3636 suavissimi
981 3572 1118 3635 hominis
1140 3571 1292 3636 memoria
1314 3579 1504 3646 mereretur,
1533 3569 1710 3642 deturbant,

391 3663 550 3747 affligunt,
572 3669 807 3743 comminuunt,
829 3667 991 3751 dissipant.
1037 3668 1087 3729 Sic
1109 3667 1237 3741 odium,
1260 3665 1344 3749 quod
1367 3667 1400 3728 in
1415 3668 1519 3750 ipsum
1532 3661 1711 3736 attulerant,

391 3760 422 3822 id
451 3761 485 3823 in
513 3761 582 3823 eius
609 3761 776 3844 imaginem
805 3782 842 3825 ac
875 3761 1078 3825 simulacrum
1106 3760 1321 3844 profuderunt
1365 3756 1416 3822 ai.
1449 3760 1538 3836 Quae
1566 3778 1640 3823 cum
1667 3758 1711 3821 ita

391 3854 454 3917 sint
474 3887 516 3901 -
538 3856 708 3918 nonenim
731 3849 841 3918 dubito
871 3857 964 3938 quin,
996 3877 1066 3918 cum
1094 3856 1186 3924 baec,
1221 3862 1305 3937 quae
1335 3854 1507 3928 excellunt,
1539 3873 1589 3916 me
1617 3873 1712 3917 nossa

354 3948 515 4024 arrideas,
531 4002 534 4011 .
550 3968 614 4011 non
637 3950 799 4013 existimes
821 3949 957 4012 mediam
979 3949 1064 4012 illam
1087 3955 1208 4033 partem
1231 3956 1264 4011 et
1286 3949 1407 4012 turbam
1429 3946 1620 4031 flagitiorum
1641 3955 1712 4010 tuo·

392 4063 461 4106 rum
490 4042 567 4106 mihi
596 4063 666 4107 esse
692 4042 867 4107 inauditam
887 4077 945 4118 -,
978 4042 1058 4106 nihil
1089 4050 1137 4106 est
1169 4043 1254 4126 quod
1283 4061 1333 4105 me
1361 4042 1504 4116 hortere,
1538 4042 1617 4105 nihil
1639 4037 1710 4127 [esti

458 4317 481 4364 t.
499 4315 572 4365 liceat
588 4314 679 4365 EFG:
700 4314 776 4375 possit
797 4314 863 4374 MS;
888 4327 930 4363 vv.
953 4329 983 4365 aa
1004 4315 1060 4379 teri
1077 4315 1149 4364 itcrat
1165 4312 1261 4378 (posui)
1278 4311 1410 4376 glossema
1428 4313 1563 4371 videntum
1587 4327 1649 4367 nam
1672 4319 1713 4368 esi

391 4391 514 4440 sancitum
530 4391 557 4440 h.
570 4389 586 4440 Ι.
601 4391 720 4440 nostrum
738 4393 884 4451 everardum
904 4390 937 4440 ct.
951 4391 984 4440 de
996 4390 1071 4441 Oitic.
1084 4391 1126 4451 ΙΙΙ,
1145 4389 1212 4454 569,
1228 4416 1255 4425 -
1274 4391 1299 4438 t.
1311 4389 1434 4438 sanatum
1449 4388 1592 4439 Diomedes
1609 4403 1636 4454 p.
1649 4391 1710 4443 368:

392 4469 504 4515 sanctum
519 4467 537 4516 C
552 4491 578 4501 -
598 4465 721 4515 disiuncta
738 4464 780 4515 ed.
793 4465 858 4514 Ven.
874 4464 953 4516 trra:
973 4465 1096 4515 disiuncta
1111 4470 1146 4515 ert
1163 4465 1192 4523 C,
1211 4464 1283 4528 qued
1300 4465 1323 4513 si
1340 4463 1452 4528 probes,
1471 4461 1565 4527 copula
1581 4467 1642 4528 post
1655 4480 1713 4530 gerr-

392 4539 456 4589 tibus
470 4540 592 4590 addenda
611 4542 660 4591 est.
675 4567 702 4576 -
721 4539 746 4591 Ι.
764 4544 787 4589 et
803 4540 882 4590 Furia
898 4541 918 4589 E
928 4541 946 4590 F
956 4541 999 4591 PS
1009 4553 1015 4588 ι
1033 4541 1139 4589 oFmia
1151 4540 1230 4589 (ΙΙΙΟ
1244 4565 1272 4576 -
1284 4539 1415 4600 dramatis,
1433 4539 1547 4589 Stratum
1558 4541 1710 4593 Turnebus:

392 4616 511 4667 arrianam
528 4617 665 4679 (arescam
681 4617 707 4678 F)
725 4617 839 4666 mramm
856 4617 875 4666 C
895 4641 921 4651 -
942 4617 966 4666 a.
983 4620 1131 4676 asspectum
1147 4616 1198 4665 bis
1212 4642 1238 4650 -
1258 4615 1282 4663 Ι.
1300 4614 1440 4678 Agrianum
1454 4613 1606 4666 Turnebus:
1624 4619 1713 4681 aggri-

391 4692 514 4741 uarumc
530 4719 557 4727 —
577 4692 616 4741 it.
635 4691 706 4740 ittam
716 4692 737 4740 G
750 4717 776 4726 -
796 4691 836 4740 ia.
848 4689 975 4753 reliquisse
989 4703 1060 4753 cogn.
1074 4690 1094 4739 E
1107 4693 1167 4752 (non
1180 4690 1208 4750 G)
1223 4715 1250 4724 -
1268 4701 1442 4753 recoquamus
1452 4687 1550 4739 malim.
1565 4717 1592 4725 —
1612 4691 1651 4740 id.
1663 4693 1714 4754 epi-

391 4767 519 4817 curierum
537 4767 554 4817 F
572 4793 599 4802 -
620 4765 660 4816 ΙΙ.
678 4765 787 4815 abircius
803 4767 823 4816 E
840 4767 901 4826 (non
919 4765 948 4826 G)
969 4787 995 4800 -
1016 4766 1055 4814 Ι5.
1074 4769 1228 4826 aamectaret
1244 4764 1254 4813 t
1272 4763 1331 4813 cod.
1345 4764 1436 4813 Fe'erni
1448 4765 1612 4815 etioronn.
1626 4768 1656 4828 (C
1665 4768 1710 4830 ΙΙ);

391 4847 512 4906 spectaret
528 4843 547 4893 C
566 4841 622 4906 (sed
640 4845 675 4892 G:
698 4842 801 4892 iimitem
816 4841 874 4891 cudi
888 4841 917 4890 ia
932 4853 960 4889 rc
975 4841 1104 4903 spectarat)
1124 4865 1151 4874 —
1171 4841 1210 4888 re.
1229 4843 1317 4901 tropea
1334 4841 1365 4895 P;
1389 4839 1492 4902 trophea
1508 4839 1613 4892 EFMS
1630 4845 1658 4891 et
1673 4843 1712 4892 sic

393 4920 467 4970 intra.
488 4947 514 4956 -
533 4933 612 4982 caque
629 4931 691 4981 quaa
707 4917 751 4977 ed.
770 4919 855 4969 Cret:
874 4929 953 4979 eaque
968 4913 1010 4966 vel
1027 4928 1057 4964 aa
1073 4927 1138 4976 quas
1155 4916 1174 4965 C
1195 4941 1222 4950 -
1242 4915 1363 4965 victoriae
1379 4928 1443 4976 quas
1458 4916 1506 4967 ΕΡ
1524 4938 1552 4951 -
1573 4917 1611 4965 47.
1630 4915 1712 4966 mosi-

391 4999 475 5045 merria
491 4996 551 5044 G-
570 4995 612 5044 ΙΙΙ.
626 4995 724 5057 memte
740 4994 858 5045 EFGP:
877 5006 930 5043 orn.
944 4992 993 5042 DS
1007 5016 1034 5026 -
1052 4989 1141 5039 imbari
1157 4990 1177 5040 Ε
1191 5015 1218 5025 -
1238 4991 1279 5039 ti.
1291 4989 1367 5038 incidi
1383 4990 1567 5052 inscribiquebt
1580 5018 1607 5028 -
1626 4993 1667 5042 22.
1680 4990 1712 5041 ab

392 5070 451 5132 ipsis
465 5069 540 5132 tyrii
554 5097 581 5106 -
599 5067 640 5119 23.
654 5081 671 5118 e
686 5081 712 5118 se
723 5069 830 5120 EGPS:
849 5072 894 5117 aut
909 5080 934 5116 rs
946 5067 976 5122 Ι’;
995 5064 1028 5113 ab
1043 5078 1068 5114 se
1080 5065 1129 5115 ΙΙΟ
1145 5091 1169 5100 -
1184 5065 1226 5114 ¹25.
1239 5064 1454 5125 Bmaadasimnque
1465 5065 1589 5115 reus·
1608 5067 1649 5116 26.
1661 5067 1712 5117 Ha-

392 5145 477 5194 driaui
496 5145 582 5195 EPS:
606 5144 708 5194 adrtmri
728 5142 808 5193 FGbl
826 5169 853 5178 -
878 5141 1167 5192 enumerarentur&
1195 5140 1354 5189 arbitrantur
1374 5140 1498 5199 ΕΙῦΙΙς
1521 5140 1712 5190 arbitrabantur

394 5219 455 5269 edd.
472 5246 498 5255 -
516 5219 557 5270 29.
574 5219 681 5270 couurott
692 5221 713 5270 G
725 5243 752 5254 -
771 5222 845 5268 noctu
857 5217 997 5281 profugisse
1014 5221 1034 5268 G
1048 5244 1075 5254 -
1093 5217 1134 5266 3Ι.
1152 5216 1180 5264 ia
1195 5229 1249 5265 om.
1262 5217 1311 5265 EG
1326 5241 1352 5250 —
1371 5215 1411 5266 3Ι.
1424 5217 1542 5266 semiim
1553 5217 1587 5275 C;
1607 5216 1640 5268 ci.
1652 5229 1709 5268 var.

394 5293 455 5349 lect.
473 5309 500 5364 p.
514 5294 586 5366 toti,
598 5295 640 5352 27.
654 5320 680 5332 ·-
700 5295 741 5353 35.
758 5293 789 5366 rt]
806 5298 834 5344 ut
851 5297 911 5345 G-
932 5294 973 5348 36.
991 5292 1052 5345 nihii
1067 5297 1103 5343 est
1118 5291 1184 5355 quod
1199 5291 1287 5342 incitas
1302 5291 1406 5343 EFGS:
1425 5297 1461 5342 art
1476 5304 1530 5343 om.
1542 5290 1558 5343 l
1570 5292 1708 5344 Oxxaldo.
