4009 6159
611 626 684 690 οη.
705 624 1017 690 xxvnr-xxrx.
1044 623 1090 708 ss
1112 621 1261 690 sr-rs.
1514 619 1591 688 root

274 815 368 880 quem
398 794 438 860 ad
467 793 596 858 modum
623 796 727 870 aiunt,
759 795 874 878 pilam:
915 796 1053 860 retinere
1089 795 1176 880 quod
1204 801 1384 880 acceperet,
1418 795 1596 871 testificari,

270 888 402 954 tabellas
425 889 590 970 obsignare
611 889 708 964 velle,
741 889 912 972 Epicurum
943 888 1101 953 desemum
1130 890 1253 964 dicere;
1289 889 1404 952 etenim
1434 889 1526 964 dicit,
1563 898 1597 953 ut

270 983 400 1064 opinor,
423 1004 457 1046 se
478 982 601 1047 nullum
623 982 742 1046 bonum
761 983 937 1066 intelligere
955 1003 1049 1065 posse
1065 981 1200 1066 demptis
1216 982 1357 1065 eorporis
1372 982 1596 1066 voluptatibus.

269 1074 320 1138 70.
344 1075 428 1152 Quid
451 1077 571 1142 multat
597 1077 734 1140 Graecus
756 1076 858 1139 facilis
881 1084 912 1139 et
933 1077 1026 1140 raldo
1047 1084 1199 1140 venustus
1221 1077 1315 1140 nimis
1337 1097 1466 1160 pugnax
1488 1084 1598 1141 contra

270 1172 489 1254 imperatorem
510 1171 620 1255 populi
643 1171 777 1234 Romani
800 1189 869 1234 esso
894 1171 1007 1234 noluit.
1042 1171 1169 1233 ΧΧΙΧ.
1191 1172 1249 1234 Est
1262 1179 1370 1234 autem
1384 1170 1454 1246 hie,
1477 1171 1517 1234 de
1533 1182 1621 1255 quot

270 1264 398 1348 loquor,
431 1286 495 1328 non
525 1265 727 1348 philosophia
749 1264 869 1339 solum,
903 1267 959 1328 sed
989 1265 1085 1328 etiam
1114 1266 1227 1327 ceteris
1256 1263 1384 1339 studiis,
1420 1284 1502 1348 quae
1531 1262 1598 1328 iere

271 1353 415 1442 [ceteros]
438 1359 612 1444 Epicureos
634 1361 793 1441 negligere
816 1358 941 1433 dicunt,
964 1359 1151 1443 perpolitus.
1207 1359 1323 1421 Polima
1345 1378 1438 1442 porro
1459 1358 1534 1422 lacit
1554 1360 1598 1422 ita

269 1452 434 1528 festivum,
463 1453 507 1516 ita
529 1453 735 1526 concinnum,
764 1453 808 1515 ita
831 1453 974 1536 elegans,
996 1453 1076 1515 nihil
1098 1459 1132 1515 ut
1154 1450 1221 1515 lieri
1242 1451 1343 1534 possit
1364 1453 1517 1535 argutius.
1561 1455 1598 1515 ln

270 1566 334 1629 quo
354 1546 566 1629 reprehendat
588 1568 660 1611 eum
690 1547 765 1610 lieet
793 1547 820 1608 si
845 1548 901 1629 qui
924 1547 1027 1620 volet,
1062 1547 1155 1610 modo
1176 1546 1306 1621 leviter,
1340 1566 1404 1609 non
1426 1554 1461 1609 ut
1480 1547 1598 1630 impro-

268 1639 360 1714 bum,
382 1660 447 1703 non
469 1648 505 1704 ut
525 1641 694 1715 audacem,
716 1661 780 1704 non
802 1649 838 1703 ut
859 1641 1035 1724 impurum,
1049 1637 1119 1703 'sed
1141 1647 1176 1702 ut
1198 1640 1401 1715 Graeculum,
1435 1646 1471 1702 ut
1491 1655 1635 1703 asson-ro

271 1741 417 1809 latorem,
446 1741 482 1797 ut
502 1742 638 1818 potitam.
689 1735 822 1798 Devenit
843 1741 948 1798 autem
971 1755 1029 1796 seu
1051 1735 1157 1818 potius
1181 1734 1293 1797 incidit
1313 1734 1346 1796 in
1368 1734 1464 1796 istum
1485 1734 1598 1796 eodem

269 1826 420 1910 deceptus
449 1828 619 1912 supercilio
642 1829 780 1891 Graccus
809 1836 904 1910 alque
932 1828 1071 1902 advena,
1104 1847 1168 1911 quo
1198 1835 1244 1890 tot
1273 1825 1431 1911 sepientes
1461 1834 1493 1888 et
1512 1835 1599 1890 tanta

270 1920 391 1984 civitae.
433 1922 594 1987 Revocare
621 1943 654 1984 so
683 1943 747 1984 non
777 1930 900 2005 poterat
920 1921 1132 1985 familiaritate
1153 1921 1349 2004 implicatus,
1382 1928 1415 1983 et
1435 1921 1530 1985 simul
1550 1923 1599 1984 in·

270 2015 463 2080 constantiae
485 2016 601 2079 lamam
624 2017 801 2078 verebatur.
845 2017 1002 2099 Rogatus,
1026 2016 1194 2088 invitatus,
1224 2022 1352 2078 coactus
1373 2017 1419 2078 ita
1439 2014 1538 2076 multa
1558 2014 1598 2076 ad

271 2107 365 2171 istum
381 2106 421 2170 de
443 2110 506 2172 isto
523 2129 653 2193 quoquo
676 2110 819 2192 scripsit,
841 2118 877 2172 ut
899 2129 1009 2189 omnes
1031 2109 1195 2183 libidines,
1218 2109 1325 2194 omnia
1343 2116 1470 2192 stupra,
1492 2108 1635 2172 omniate
1751 2092 1801 2202 j..

271 2221 420 2265 cenerum
442 2203 725 2286 conviviorumque
754 2223 885 2286 genera,
917 2202 1073 2266 adulteria
1101 2203 1239 2286 denique
1268 2204 1337 2266 eius
1365 2202 1599 2266 delicatissimis

273 2296 413 2359 versibus
434 2299 637 2379 expresserit.
680 2293 732 2359 711.
765 2299 801 2358 lu
832 2297 948 2381 quibus
970 2299 997 2360 si
1022 2296 1078 2380 qui
1099 2295 1177 2360 volit
1197 2297 1296 2380 possit
1317 2298 1408 2360 istius
1438 2306 1599 2382 tamquam

271 2391 305 2452 in
334 2390 464 2472 speculo
496 2390 592 2453 vitam
623 2391 761 2454 intueri:
795 2413 836 2454 ex
866 2391 981 2474 quibus
1011 2390 1111 2453 multa
1137 2410 1156 2454 a
1183 2391 1291 2454 multis
1320 2391 1403 2455 lacta
1429 2401 1462 2456 ot
1490 2391 1599 2456 audita

270 2483 451 2558 recitarem,
473 2484 507 2546 ni
529 2503 658 2547 vererer
678 2505 719 2548 ne
740 2485 801 2550 hoo
822 2485 926 2568 ipsum
949 2505 1050 2567 genus
1074 2485 1241 2558 orationis,
1264 2504 1329 2568 quo
1350 2493 1536 2561 nuncutor,
1558 2485 1598 2548 ab

271 2576 362 2640 umus
384 2577 446 2640 loci
468 2598 554 2642 more
575 2577 775 2642 abhorreret:
799 2588 831 2642 et
853 2579 944 2642 simul
966 2579 1008 2642 de
1029 2581 1116 2662 ipso,
1139 2579 1195 2662 qui
1217 2578 1360 2662 scripsit,
1381 2578 1506 2642 domiti
1519 2577 1636 2646 nihilro

271 2670 353 2733 volo.
406 2669 468 2746 Qui
491 2672 653 2736 siluisset
674 2673 707 2735 in
730 2673 886 2757 discipulo
908 2674 1121 2757 comparando
1143 2671 1275 2736 meliore
1295 2673 1439 2748 fortuna,
1464 2673 1598 2737 fortasse

270 2765 427 2828 austerior
448 2773 480 2829 ot
501 2767 627 2849 gravior
647 2787 718 2829 esse
740 2769 912 2850 potuisset:
945 2767 1000 2830 scd
1023 2786 1096 2831 oum
1117 2787 1210 2830 cesus
1236 2768 1271 2829 in
1291 2767 1376 2830 hanc
1396 2765 1598 2830 eonsuetudi-

271 2878 343 2920 ncm
365 2859 525 2922 scribendi
546 2861 690 2933 induxit,
719 2860 909 2945 philosopho
931 2860 1024 2924 valde
1046 2858 1226 2944 indignam:
1257 2861 1284 2923 si
1308 2860 1436 2944 quidem
1458 2860 1598 2944 philoso-

271 2951 361 3033 phia,
395 2961 431 3015 ut
450 2953 565 3029 fertur,
599 2954 721 3018 virtutis
744 2956 885 3017 continet
906 2962 938 3016 et
961 2952 1057 3017 officii
1079 2962 1111 3018 et
1131 2954 1213 3017 bene
1233 2955 1360 3018 vivendi
1382 2955 1596 3039 disciplinam:

272 3065 367 3130 quam
399 3048 455 3131 qui
490 3048 672 3131 prolitetnr,
716 3048 931 3130 gravissimam
964 3048 1120 3111 sustinere
1154 3046 1232 3109 milri
1263 3067 1431 3132 personam
1463 3049 1633 3120 videturne

272 3137 323 3206 72.
351 3141 415 3203 Sed
436 3141 522 3204 idem
544 3163 635 3205 casus
667 3142 756 3205 illum
784 3143 928 3224 ignarum
957 3140 1036 3224 quid
1058 3138 1276 3224 profiteretur,
1307 3163 1379 3206 oum
1400 3163 1435 3207 se
1455 3142 1597 3227 philoso-

274 3233 372 3316 plrum
387 3251 457 3298 esse
473 3234 609 3311 diceret,
631 3236 721 3299 istius
744 3235 978 3320 impurissimae
994 3244 1090 3321 atque
1111 3237 1451 3320 intemperantissimae
1465 3237 1596 3324 peorrdir

272 3345 371 3391 caeno
394 3336 426 3391 et
446 3330 593 3393 sordibus
614 3330 800 3414 inquinarit.

356 3421 420 3498 Qui
442 3423 537 3487 modo
567 3441 637 3486 oum
664 3444 716 3486 res
739 3431 842 3506 gestas
865 3425 1050 3487 consulatus
1071 3427 1134 3489 mei
1156 3427 1384 3501 collaudasset,
1419 3447 1503 3510 quae
1525 3429 1596 3510 qui·

273 3517 342 3578 dem
369 3515 560 3580 collaudatio
589 3517 726 3580 hominis
754 3519 925 3600 turpissimi
954 3519 1032 3581 mihi
1062 3520 1122 3603 ipsi
1144 3529 1211 3584 erat
1231 3541 1331 3603 paene
1357 3523 1478 3604 turpis,
1513 3539 1633 3588 «nonae

272 3609 326 3673 illa
348 3610 444 3684 tibio,
467 3611 587 3694 inquit,
613 3612 750 3674 «invidia
771 3614 895 3686 nocuit,
918 3611 974 3674 sed
995 3632 1107 3676 versus
1127 3615 1204 3677 tui.»
1249 3614 1349 3678 Nimis
1364 3633 1478 3697 magna
1491 3635 1595 3698 poena

272 3713 302 3767 te
320 3703 450 3768 consule
465 3705 635 3768 constituta
656 3714 705 3768 est
726 3707 793 3792 siue
816 3707 898 3769 malo
922 3713 1035 3790 poetae
1057 3708 1125 3770 sive
1146 3708 1257 3771 libero.
1298 3709 1478 3792 «scripsisti
1491 3711 1593 3774 enim:

336 4051 361 4102 ἱ.
381 4049 485 4101 teidlua
501 4050 566 4100 VC:
586 4049 683 4100 toletus
700 4050 761 4100 edd.
774 4053 837 4102 iveti.
853 4078 880 4088 -
898 4053 1041 4115 epicureum
1057 4053 1114 4103 vlt
1126 4079 1153 4089 -
1172 4055 1294 4104 desertura
1309 4055 1404 4114 dicare,¹
1420 4057 1509 4106 alesin
1524 4057 1596 4109 llud·

271 4127 356 4192 vigies
373 4125 417 4190 (ad
434 4126 488 4176 Cio.
507 4125 541 4175 dc
558 4126 630 4176 Finn.
650 4139 676 4190 p.
695 4125 765 4189 titt:
784 4128 902 4178 doctrici
917 4129 1007 4178 dicere.
1025 4132 1159 4177 esttamen
1175 4129 1241 4185 νος
1259 4131 1379 4181 (Μαι)
1393 4131 1493 4195 (douo
1508 4133 1594 4199 EGl’)

271 4201 401 4250 dmmrrr
418 4199 448 4252 C.
473 4201 546 4251 «Piso
564 4201 610 4265 Ep.
629 4200 766 4251 desertum
783 4200 915 4253 clamabat
930 4203 964 4255 eb
982 4204 1026 4263 iis,
1047 4203 1092 4266 qui
1109 4202 1205 4265 dogma
1221 4203 1255 4254 de
1273 4207 1392 4269 corporis
1407 4205 1541 4271 voluptate
1558 4211 1596 4257 te·

271 4278 392 4326 nerent.»
417 4277 468 4326 Pro
485 4278 573 4327 etenim
589 4277 675 4340 possis
693 4279 774 4327 etiam
790 4279 827 4327 ite
843 4281 907 4328 enim
924 4279 1053 4329 scribere.
1075 4279 1205 4339 (desertum
1222 4280 1325 4343 leopius
1341 4291 1449 4344 qnoque
1466 4281 1596 4332 emende-

271 4353 341 4402 tlono
358 4349 481 4414 Madvigii
499 4363 550 4400 non
568 4352 671 4414 cognite
690 4353 815 4416 coniecit,
833 4352 882 4402 sed
899 4354 984 4417 pergit
995 4352 1106 4403 deindo:
1124 4353 1169 4402 list
1185 4358 1284 4412 ternae,¹
1304 4353 1377 4414 dicit,
1393 4356 1595 4418 utopirrorcet.)

272 4451 299 4462 -
319 4427 344 4476 e.
362 4426 538 4488 imperatorem
554 4426 589 4476 V:
608 4431 746 4476 senatorem
763 4427 782 4476 C
803 4453 829 4461 -
854 4429 878 4476 6.
897 4429 973 4478 mium
989 4431 1076 4478 catoris
1090 4430 1178 4478 studiis
1194 4442 1259 4491 cuce
1275 4430 1311 4479 V:
1335 4429 1412 4480 m
1427 4429 1516 4479 litteris
1530 4433 1596 4493 quod

270 4501 321 4550 CO
334 4527 361 4538 -
380 4501 405 4551 i.
424 4505 516 4552 ceteros
531 4503 639 4552 auctore
657 4500 751 4552 Orelllo
767 4500 931 4553 inclusimus.
946 4529 973 4539 —
993 4503 1018 4553 9.
1034 4505 1099 4554 colet
1113 4505 1186 4553 modo
1197 4504 1233 4554 C:
1250 4506 1324 4556 modo
1332 4504 1387 4555 uult
1397 4505 1432 4563 Ἣ
1450 4505 1512 4565 cult,
1522 4507 1595 4555 modo

272 4576 397 4626 Faernus.
417 4601 446 4612 -
470 4578 510 4627 to.
528 4590 579 4626 coc
595 4582 623 4625 ut
638 4577 767 4640 impuram
784 4577 809 4627 ln
827 4577 877 4626 CO
894 4579 935 4626 est
956 4580 1018 4641 post
1033 4579 1119 4629 imiter
1138 4605 1161 4616 -·
1184 4580 1225 4629 ll.
1243 4585 1328 4630 cutm
1342 4591 1386 4630 seu
1398 4579 1483 4641 potius
1498 4579 1532 4628 V:
1550 4586 1596 4630 out

267 4650 352 4712 mdes
369 4650 419 4702 CO
438 4679 465 4689 -
494 4653 534 4703 li.
553 4656 588 4702 tot
603 4653 725 4714 sapienta
741 4652 777 4701 V:
804 4657 858 4701 tam
874 4651 901 4714 (Ε
918 4653 1008 4713 conec)
1026 4653 1125 4714 sopiens
1142 4653 1191 4702 CO
1209 4678 1237 4689 -
1261 4653 1302 4704 ta.
1320 4667 1346 4703 ae
1360 4665 1479 4703 reoooere
1494 4653 1547 4705 ΡΜ
1565 4683 1592 4691 -

269 4726 351 4789 (misit.
368 4727 510 4790 inplicatus
526 4727 608 4778 habet
624 4728 704 4778 Prisc.
723 4727 769 4786 lll,
788 4727 816 4786 7,
836 4726 876 4776 37.
896 4751 922 4761 -
943 4727 982 4775 tt.
1002 4727 1033 4775 de
1047 4727 1094 4776 isto
1109 4727 1144 4776 ud
1159 4727 1234 4776 istaec
1250 4729 1272 4777 G
1290 4755 1318 4764 -
1336 4727 1485 4790 quoquot:
1502 4731 1593 4780 oonc

271 4827 303 4838 -·
319 4815 402 4854 otmar
418 4803 453 4852 V:
474 4816 557 4853 muno
572 4803 677 4852 dominia
694 4803 744 4852 CO
762 4827 789 4836 —
808 4801 894 4851 mania
909 4806 998 4864 stupra
1014 4801 1049 4850 V:
1071 4812 1123 4850 orn.
1142 4799 1163 4850 C
1182 4827 1210 4836 —
1229 4800 1270 4852 te.
1287 4815 1422 4853 coeamus
1439 4801 1459 4852 0
1477 4827 1505 4837 —-
1522 4817 1592 4855 corre.

269 4887 363 4940 pom
378 4876 413 4925 V:
432 4891 526 4941 ymera
542 4889 612 4927 coco.
631 4877 682 4927 CO
695 4903 723 4915 -
741 4877 845 4939 denique
861 4875 897 4925 V:
916 4887 969 4926 om.
983 4877 1002 4926 C
1017 4901 1045 4910 —
1063 4875 1104 4926 tt.
1122 4875 1144 4924 ri
1160 4875 1283 4938 puiVC:
1300 4877 1323 4925 rt
1338 4876 1394 4939 prsis
1410 4875 1472 4926 edd.
1490 4879 1591 4927 vett.-

270 4950 312 5000 le.
329 4951 357 5000 st
371 4961 473 5002 occe
487 4953 524 5000 V:
541 4951 591 5002 ciat
606 4964 706 5002 carcer
723 4951 782 5002 CO.
806 4950 872 5002 lllud
889 4953 930 5001 est
946 4952 972 5000 in
990 4949 1085 5001 cedern
1102 4949 1214 5000 formula
1230 4950 1257 5000 in
1273 4963 1314 5002 or.
1331 4952 1408 5002 Verr.
1425 4951 1468 5010 lV,
1486 4951 1502 5015 g
1518 4953 1550 5002 ee
1567 4955 1594 5002 et

271 5025 297 5074 in
308 5035 352 5088 ep.
365 5023 400 5074 ad
411 5025 484 5076 l'am.
496 5025 539 5087 Vl,
553 5028 577 5088 6,
590 5026 615 5088 l,
634 5039 701 5090 qnos
718 5025 791 5077 locos
805 5027 892 5077 Garat.
905 5025 1077 5090 compererit.
1092 5051 1120 5062 -
1138 5036 1188 5085 quo
1202 5037 1255 5075 eor
1268 5029 1298 5076 ut
1313 5039 1362 5077 oro
1376 5025 1479 5076 mli
1490 5027 1553 5088 (non
1563 5029 1592 5090 G)

271 5097 440 5149 -tomott
460 5100 567 5150 ooloV:
590 5099 647 5151 colo
668 5101 757 5160 FU&
780 5101 836 5151 octo
857 5101 935 5152 EGP
957 5125 985 5136 ·-
1009 5099 1235 5163 26.me
1257 5125 1285 5137 -
1308 5101 1543 5152 mihimetiaarec
1563 5128 1591 5138 -

269 5173 312 5224 att.
328 5187 439 5238 cremer
455 5177 484 5227 Ρ.
495 5175 640 5239 Victorius,
657 5189 709 5226 eon
724 5173 1012 5240 speculaminum
1031 5176 1094 5224 atr.
1106 5175 1194 5225 Garat.
1205 5174 1240 5225 ad
1255 5176 1284 5226 tr.
1296 5174 1314 5226 l.
1328 5203 1357 5214 -
1374 5177 1419 5240 cet
1433 5187 1459 5226 ac
1469 5175 1538 5226 Bake
1549 5175 1590 5238 lv,

272 5246 375 5311 ptos.
397 5275 424 5314 ·.*
446 5248 1000 5314 attemperationis-esame
1020 5249 1593 5303 -saemomrs-eococtceeuao

272 5321 308 5371 V:
326 5321 507 5378 losdstleCO
525 5349 552 5364 -·
571 5325 611 5378 ill.
628 5325 950 5380 illaVlitulleEGllS
967 5351 994 5366 -
1014 5325 1055 5377 32.
1072 5325 1191 5378 enimi:
1209 5325 1420 5384 mmmc-
