4009 6159
680 602 1197 691 cu.w-V111.ssta-.-t8.
1517 603 1600 669 isos

278 782 389 845 oratio.
431 778 493 855 Qui
523 778 607 842 enim
633 786 738 842 tantus
759 778 901 842 bucria
924 778 1052 842 Caelioi
1081 777 1167 861 quod
1187 784 1309 840 tantum
1330 785 1385 840 aut
1405 777 1439 840 in
1460 779 1600 843 moribus

279 884 455 957 naturaque
483 872 598 936 uulnus
626 881 682 936 aut
702 874 733 936 in
755 893 790 936 re
811 881 907 957 atque
928 872 1077 937 tortum?
1105 872 1161 934 ubi
1183 871 1322 956 denique
1344 881 1394 936 est
1413 874 1447 935 in
1467 875 1526 938 ista
1548 896 1602 939 su·

279 970 419 1054 spicione
451 967 548 1030 Caelii
580 986 696 1030 nomen
726 966 894 1030 auditum‘l
926 967 1066 1029 Nimium
1100 965 1198 1029 multa
1227 966 1266 1028 de
1294 986 1328 1028 re
1349 965 1477 1030 minime
1506 968 1603 1032 dubia

278 1063 409 1146 loquor:
429 1062 491 1124 hoc
512 1068 618 1124 amen
641 1059 728 1124 dico:
751 1081 813 1123 nou
836 1060 930 1123 modo
953 1062 981 1123 si
1003 1060 1108 1124 socius
1123 1060 1366 1134 coniurationis,
1388 1060 1444 1123 sed
1466 1062 1528 1124 nisi
1541 1062 1602 1125 ini·

279 1157 470 1219 micissimus
497 1155 590 1218 istius
622 1154 750 1217 sceleris
779 1154 908 1228 suisset,
946 1173 1118 1237 numquam
1146 1154 1375 1217 coniurationis
1403 1157 1626 1221 accusationes

278 1250 526 1315 adolescentiam
548 1268 637 1311 suam
659 1248 858 1331 potissimum
880 1249 1103 1311 commendare
1124 1248 1286 1311 voluisset.
1329 1243 1379 1311 lb.
1403 1249 1496 1323 Quod
1517 1250 1602 1313 haud

279 1347 343 1409 scio
365 1365 407 1409 an
429 1344 469 1407 de
490 1342 611 1406 ambitu
634 1351 665 1406 et
688 1342 727 1405 de
749 1343 934 1407 criminibus
955 1342 1025 1406 istis
1046 1342 1203 1405 sodalium
1224 1361 1262 1405 ac
1283 1344 1502 1426 sequestrium,
1525 1364 1603 1426 quo·
1684 1375 1688 1383 ·

277 1442 364 1502 niam
393 1438 456 1501 huc
485 1436 598 1511 incidi,
629 1437 773 1500 similiter
802 1435 1059 1519 respondendum
1082 1443 1198 1519 putem.
1231 1438 1411 1520 Numquam
1432 1439 1517 1501 enim
1538 1445 1603 1501 tam

280 1533 405 1598 Caelius
426 1550 534 1595 amens
555 1529 682 1605 luisset,
704 1538 755 1605 ut,
778 1532 804 1594 si
827 1551 861 1593 se
882 1533 943 1594 isto
966 1528 1089 1593 infinito
1111 1530 1230 1593 ambitu
1249 1532 1517 1607 commaculasset,
1539 1553 1603 1596 am-

277 1628 364 1689 bitus
386 1626 519 1689 alterum
541 1634 717 1700 accusaret,
739 1646 843 1707 neque
859 1625 928 1688 eius
948 1624 1022 1689 lacti
1036 1626 1068 1687 in
1083 1624 1183 1686 altero
1198 1623 1411 1708 suspicionem
1428 1636 1603 1709 quaereret,
1613 1646 1641 1692 so

279 1722 368 1784 cuius
390 1722 458 1802 ipse
481 1718 540 1781 sibi
562 1726 747 1803 perpetuam
769 1720 929 1782 licentiam
951 1726 1085 1803 optaret,
1106 1738 1175 1792 nec,
1198 1720 1225 1782 si
1239 1718 1300 1781 sibi
1314 1717 1412 1781 semel
1426 1720 1603 1801 periculum

279 1812 416 1875 ambitus
438 1812 636 1877 subeundum
658 1819 799 1896 putaret,
820 1814 889 1896 ipse
911 1814 1044 1877 alterum
1064 1813 1179 1877 iterum
1200 1814 1335 1877 ambitus
1358 1815 1487 1877 crimine
1502 1836 1604 1880 arces·

279 1914 373 1969 seret.
408 1904 501 1979 Quod
524 1926 716 1990 quamquam
737 1926 796 1969 nec
818 1911 978 1990 sapienter
1000 1916 1033 1970 et
1054 1928 1103 1970 me
1124 1909 1223 1972 inrito
1238 1907 1329 1982 facit,
1351 1915 1458 1971 tamma
1473 1917 1522 1972 est
1535 1911 1604 1973 eius

280 1997 366 2063 modi
389 1998 539 2081 cupidus,
561 2006 596 2062 ut
618 2000 717 2083 magis
738 2000 887 2065 insectari
904 2000 1035 2065 alterius
1048 2003 1262 2066 innocentiam
1277 2021 1372 2084 quam
1389 2001 1428 2065 de
1446 2023 1480 2065 se
1495 2004 1604 2067 timide

280 2094 419 2176 cogitare
440 2094 594 2157 videatur.
1616 2117 1643 2166 to

366 2172 521 2263 l7.(Nam
549 2187 636 2271 quod
658 2206 712 2249 aes
734 2188 872 2251 alienum
895 2189 1053 2253 obiectum
1076 2197 1140 2283 ‘'E‘’
1170 2198 1312 2275 sumptus
1333 2190 1536 2275 reprehensi,
1557 2202 1606 2258 ta·

279 2282 585 2439 bulaetlagitataep
593 2280 699 2344 videte
722 2303 816 2365 quam
837 2302 936 2366 pauca
955 2285 1179 2366 respondeam.
1213 2286 1360 2361 Tabulas,
1384 2286 1488 2370 quiin
1505 2290 1605 2372 patris

278 2384 436 2461 potestate
464 2385 528 2451 est,
580 2375 660 2439 ullas
689 2376 824 2441 coniicit.
859 2378 1028 2441 Versuram
1054 2398 1229 2461 numquam
1251 2380 1381 2443 omnino
1401 2379 1476 2444 lecit
1496 2383 1604 2447 ullam.

280 2474 432 2555 Sumptus
453 2472 551 2535 unius
566 2470 691 2553 generis
711 2472 854 2535 obiectus
869 2481 927 2545 est,
948 2472 1172 2537 habitationis:
1195 2473 1325 2557 triginta
1338 2474 1466 2540 milibus
1480 2477 1606 2542 dixistis

281 2586 353 2631 eum
381 2565 535 2629 babitare.
578 2565 668 2627 Nunc
697 2566 823 2629 demum
850 2565 993 2649 intelligo
1022 2568 1055 2630 P.
1079 2566 1181 2630 Clodii
1202 2568 1338 2631 insulam
1359 2588 1430 2633 esse
1452 2573 1643 2649 venalem,ao

280 2662 370 2724 cuius
392 2658 444 2723 bic
465 2658 498 2721 iu
521 2657 674 2723 aediculis
694 2658 829 2734 habitat,
863 2661 989 2735 decem,
1019 2668 1056 2724 ut
1076 2661 1208 2743 opinor,
1230 2660 1366 2725 milibus.
1403 2664 1467 2729 Vos
1489 2674 1605 2744 autem,

281 2754 356 2819 dum
384 2753 431 2815 illi
461 2753 585 2835 placere
607 2754 720 2829 vultis,
747 2754 788 2817 ad
810 2761 933 2839 tempus
955 2756 1025 2819 eius
1048 2754 1248 2820 mendacium
1268 2764 1408 2820 vestrum
1429 2778 1606 2824 accommo-

281 2847 422 2912 davistis.
563 2855 568 2866 ‘

367 2938 417 3005 l8.
439 2942 715 3025 deprehendistis,
738 2963 757 3005 a
777 2950 866 3027 patre
888 2942 975 3027 quod
998 2944 1186 3026 semigrarit
1220 2944 1315 3021 Quod
1338 2946 1467 3029 quidem
1489 2949 1605 3012 iamin

281 3039 340 3101 bac
369 3042 472 3100 aetate
497 3036 627 3100 minime
652 3036 948 3121 reprehendendum
977 3044 1035 3099 est.
1079 3038 1142 3113 Qui
1173 3058 1245 3102 cum
1276 3048 1308 3102 et
1329 3060 1369 3103 ex
1390 3041 1436 3103 rei
1459 3042 1643 3125 publicasse

283 3150 378 3195 causa
398 3130 463 3195 iam
484 3140 569 3195 esset
590 3131 667 3193 mihi
689 3133 816 3214 quidem
840 3132 1021 3206 molestam,
1043 3131 1102 3193 sibi
1125 3140 1230 3196 tamen
1252 3133 1423 3216 gloriosam
1441 3137 1604 3200 victoriam

283 3233 487 3299 consecutus,
516 3233 549 3288 et
576 3244 635 3308 per
660 3232 794 3289 aetatem
820 3228 1019 3309 magistratus
1043 3234 1151 3309 petere
1172 3235 1299 3309 posset,
1332 3248 1397 3290 non
1419 3228 1513 3294 modo
1535 3252 1606 3315 per-

283 3322 425 3384 mittente
456 3326 562 3402 patre,
595 3320 651 3382 sed
681 3322 775 3383 etiam
804 3322 956 3383 suadente
986 3320 1026 3382 ab
1056 3340 1093 3383 eo
1116 3322 1314 3405 semigravit:
1346 3330 1470 3388 etcum
1493 3326 1606 3389 domus

282 3416 379 3499 patris
403 3433 422 3477 a
442 3412 511 3478 loro
532 3413 627 3496 longe
649 3413 788 3488 abesset,
811 3436 874 3498 quo
895 3413 1021 3477 facilius
1044 3422 1076 3478 et
1096 3422 1220 3479 nostras
1241 3416 1354 3481 domus
1376 3416 1463 3480 obire
1486 3420 1606 3505 etipse

283 3529 301 3573 a
323 3510 390 3573 suis
412 3510 474 3572 coli
495 3516 618 3591 posset,
648 3507 802 3570 conduxit
823 3508 857 3570 in
879 3508 998 3572 Palatio
1024 3529 1088 3572 non
1110 3529 1225 3592 magno
1247 3512 1385 3575 domum.
1428 3513 1511 3575 v111.
1534 3513 1644 3588 Quom

282 3602 353 3665 loco
381 3621 511 3686 possum
533 3602 638 3665 dicere
660 3600 709 3677 id,
740 3601 825 3686 quod
848 3602 897 3695 vir
917 3602 1125 3678 clarissimus,
1155 3606 1197 3667 M.
1221 3604 1369 3682 Crassus,
1397 3627 1470 3669 cum
1491 3607 1531 3671 de
1552 3608 1607 3672 ad·

282 3704 380 3760 ventu
401 3697 485 3779 regis
506 3696 678 3760 Ptolemaei
700 3703 901 3780 quereretur,
922 3697 1017 3781 paulo
1038 3706 1111 3762 ante
1134 3698 1231 3775 dixit,

349 3970 375 4019 t.
392 3967 481 4018 actaas
496 3970 516 4020 P
534 3993 562 4005 -
581 3967 604 4018 3.
623 3967 685 4018 caeti
700 3969 720 4019 P
739 3994 765 4003 -
785 3966 810 4019 l.
828 3970 873 4019 loc
889 3974 987 4020 tostam
1003 3972 1023 4021 Ι.
1041 3997 1068 4007 -
1087 3971 1267 4022 conbustionis
1281 3973 1343 4037 post
1358 3972 1439 4023 sacac
1454 3977 1608 4038 suspectum

284 4042 371 4093 ltalrio.
392 4069 420 4079 -
443 4042 467 4093 6.
486 4042 547 4092 aaut
563 4042 583 4091 E
605 4068 638 4078 -
662 4042 688 4091 'l-
705 4046 729 4091 a
750 4042 780 4092 da
799 4044 943 4095 cimicibus
959 4057 1046 4109 usque
1063 4044 1097 4096 ad
1114 4046 1221 4096 arabitas
1238 4046 1271 4109 (v.
1290 4047 1315 4109 9)
1332 4058 1386 4097 om.
1405 4048 1438 4110 G,
1463 4060 1550 4113 nsque
1575 4049 1609 4100 ed

284 4120 336 4182 ipss
353 4120 387 4181 (v.
406 4118 445 4181 tt)
464 4118 484 4168 E
504 4144 530 4154 -
556 4119 597 4169 to.
614 4130 692 4179 nepas
714 4118 779 4168 mim
795 4119 847 4169 eisss
864 4120 882 4169 L
907 4147 934 4156 -
960 4119 1000 4169 43.
1020 4133 1166 4182 quanqam
1181 4124 1214 4183 P,
1238 4120 1287 4171 sed
1304 4132 1338 4182 aa
1353 4124 1415 4186 post
1428 4137 1447 4172 a
1462 4124 1489 4174 in
1506 4138 1559 4175 ras.
1579 4152 1606 4161 -

284 4200 319 4244 est
335 4206 389 4244 om.
409 4194 459 4243 EG
472 4219 498 4229 -
519 4190 559 4243 tl.
577 4194 682 4256 captam
697 4194 760 4244 PE:
778 4194 901 4257 cupidinis
912 4198 944 4255 G;
963 4195 1107 4257 cupiditatis
1122 4196 1215 4247 Lamb.
1228 4198 1311 4258 coni:
1330 4198 1382 4249 aaa
1396 4200 1478 4262 modi,
1497 4202 1611 4264 crepidines

284 4270 347 4320 ato
366 4283 399 4320 ex
415 4268 524 4320 Weiskii
541 4268 621 4329 coni,
645 4268 679 4320 de
702 4280 754 4333 qua
775 4283 840 4320 vere
862 4268 987 4319 iudicavit
1008 4269 1153 4334 Madvigius
1170 4284 1198 4335 p.
1216 4270 1277 4331 392,
1304 4273 1347 4322 cai
1362 4273 1492 4339 probatur
1507 4276 1609 4328 Ernesti

285 4346 365 4407 caui,
387 4346 432 4408 qui
452 4344 568 4406 sapidas,
591 4346 621 4393 ut
641 4345 694 4394 iam
714 4342 858 4395 Lambinus
881 4342 1022 4409 aliquando
1038 4345 1172 4407 voluerat,
1200 4344 1343 4399 delendam
1360 4352 1461 4400 censet.
1487 4352 1521 4401 st
1536 4349 1610 4403 recte

285 4418 384 4470 dictum
401 4419 507 4469 videtur
522 4418 626 4481 aspidae
641 4418 675 4469 de
693 4420 847 4470 accusatore
866 4420 903 4469 ira
920 4423 948 4471 et
964 4419 1052 4471 studio
1070 4422 1172 4471 temere
1182 4421 1304 4487 abrepto,
1323 4424 1368 4487 qni
1383 4425 1520 4478 bominem
1536 4430 1612 4480 inno-

285 4496 391 4546 centem
408 4494 564 4555 insectetur,
588 4495 618 4542 ut
634 4495 690 4557 pari
706 4494 808 4544 ratione
826 4496 908 4545 testes
925 4497 952 4545 et
968 4495 1071 4547 iudices
1087 4498 1172 4560 crepidi
1188 4496 1319 4549 dicuntur.
1339 4526 1367 4535 -
1392 4502 1433 4552 47.
1451 4504 1479 4552 ia
1490 4510 1612 4566 potestate

284 4576 318 4621 est
332 4570 490 4633 patrisG-
506 4569 546 4619 48.
559 4569 693 4632 consortii.
707 4596 734 4606 —
751 4569 813 4633 [acii
825 4570 845 4618 G
858 4594 885 4605 -
900 4570 939 4620 49.
952 4569 1202 4622 tcttmtimausao
1215 4600 1243 4609 -
1262 4572 1293 4623 ts
1305 4574 1538 4629 atttmilibasP:
1555 4580 1612 4630 mit·

284 4644 378 4696 libato
391 4672 418 4681 -
431 4644 473 4695 tt).
485 4646 546 4707 post
556 4645 654 4695 danum
670 4645 696 4694 iu
708 4647 727 4695 P
738 4658 790 4695 vox
807 4657 882 4696 erasa
895 4647 949 4707 est,
969 4658 1002 4696 an
1019 4648 1112 4699 iudices
1122 4648 1179 4698 sive
1196 4649 1268 4698 isat
1277 4676 1304 4686 -
1322 4649 1435 4715 mattepc
1446 4654 1491 4703 PG
1502 4682 1530 4691 -
1547 4656 1612 4705 clodi

285 4723 345 4771 P-
358 4721 400 4770 tt.
412 4718 530 4770 militibus
545 4719 611 4770 P¹-
630 4720 671 4769 22.
691 4721 784 4770 siG-
803 4721 876 4770 uoltis
893 4723 977 4772 PG-
995 4722 1048 4773 sias
1064 4726 1095 4773 P:
1115 4724 1137 4773 si
1153 4724 1229 4774 EGO
1241 4750 1268 4759 -
1286 4730 1400 4776 cesama
1410 4729 1438 4777 P.
1461 4730 1613 4793 sequuntur

285 4798 346 4860 post
367 4802 481 4847 uestram
497 4797 523 4845 iu
540 4798 559 4846 P
575 4810 618 4846 vv.
635 4797 773 4847 respicietis
790 4797 843 4859 (sic)
863 4796 906 4858 qai
921 4801 1032 4860 aspecta
1050 4800 1182 4861 sumpserit
1197 4812 1224 4862 p.
1243 4799 1320 4861 ⁴009,
1338 4802 1354 4851 5
1371 4814 1457 4865 usque
1475 4804 1509 4855 ad
1525 4806 1614 4855 iaaaes

284 4876 364 4920 metris
378 4883 406 4934 p.
425 4872 498 4934 toti,
518 4872 558 4933 tt,
577 4874 604 4921 et
620 4870 740 4923 similiter
756 4873 782 4921 in
799 4872 856 4933 EG,
876 4872 925 4923 nisi
942 4873 1058 4935 quodni
1075 4874 1113 4924 sic
1129 4876 1256 4938 pergunt:
1273 4879 1385 4926 sestam
1401 4878 1445 4939 qai
1460 4892 1514 4930 rosa
1528 4881 1613 4931 iaiatt

286 4946 384 5007 (astato
394 4945 423 5008 Ε)
440 4947 484 5008 qai
498 4952 625 5011 aspamta
642 4949 693 4998 cet.
720 4950 750 4997 ln
766 4950 785 4998 P
802 4950 892 4997 tamen
908 4960 989 4998 verus
1006 4947 1152 4999 verborum
1168 4949 1234 5000 ordo
1250 4950 1432 5014 signisvetere
1445 4956 1612 5008 manufactis

287 5020 312 5071 in
330 5032 413 5084 marg.
426 5020 556 5072 indicatus
574 5026 623 5073 est.
638 5049 666 5059 —
684 5023 888 5073 accommodastis
899 5022 959 5073 eod.
971 5021 1081 5082 Lamb.;
1099 5025 1292 5076 accommodatis
1307 5026 1341 5087 E;
1360 5030 1568 5082 cmammdatisti
1581 5058 1608 5068 -

286 5092 327 5145 24.
345 5096 489 5160 semipracit
506 5110 574 5149 unus
592 5098 674 5149 Oron.
692 5097 770 5164 prob.
789 5100 877 5149 Balio.
894 5126 921 5134 -
938 5098 991 5149 iam
1009 5100 1046 5149 C:
1065 5100 1153 5150 om.0
1172 5126 1200 5136 —
1218 5102 1259 5151 se.
1278 5106 1302 5151 et
1318 5114 1371 5152 om.
1384 5103 1435 5154 EG
1453 5131 1481 5141 -
1499 5107 1540 5157 so.
1552 5120 1612 5157 case

286 5182 343 5220 saia
358 5170 412 5220 iam
428 5174 468 5233 P¹;
486 5172 541 5222 tam
557 5186 610 5224 om.
629 5175 649 5224 L
667 5200 695 5211 -
713 5175 754 5225 27.
769 5180 852 5237 posset
867 5168 945 5225 P²G²:
967 5174 1046 5237 possit
1059 5174 1156 5225 P¹EG¹
1174 5204 1202 5214 -
1220 5177 1262 5228 29.
1279 5178 1366 5227 mmm
1381 5179 1414 5228 P:
1432 5180 1517 5231 domm
1531 5182 1610 5232 Eoo

288 5246 363 5310 (obire
380 5247 519 5312 damuati:
539 5249 572 5301 cl.
591 5262 617 5315 p.
637 5250 694 5311 til,
712 5252 736 5300 t.
754 5251 811 5312 aas,
830 5252 870 5301 tt.
892 5274 919 5288 -
942 5250 983 5300 30.
998 5250 1077 5313 possit
1092 5246 1121 5301 P¹
1140 5275 1167 5288 -
1186 5251 1227 5303 at.
1245 5252 1327 5303 measa
1342 5253 1385 5315 1³¹,
1402 5256 1432 5305 nt
1447 5254 1560 5307 videtur.
1579 5280 1607 5292 -

287 5322 337 5373 air.
355 5320 428 5387 ctam]
447 5337 482 5375 ,m
495 5338 517 5375 c.
535 5326 554 5377 P
572 5351 600 5363 -
618 5336 720 5376 mmmss
734 5327 754 5376 P
772 5351 799 5362 -
819 5326 861 5377 32.
875 5325 989 5389 patescet
1005 5330 1168 5390 wastin·
1182 5329 1212 5379 P.

1671 3659 1675 3686 ι
1743 3573 1765 3667 t
