4009 6159
422 511 505 582 isat
827 515 978 583 omnio
1000 485 1328 581 rnunrrcarru.

421 687 629 753 immortalesl
650 689 706 752 ubi
729 695 776 753 est
791 687 851 778 ille
873 707 941 751 mos
962 687 1125 770 virtusque
1147 686 1324 749 maiornml
1353 681 1388 746 G.
1402 681 1543 766 Popilius
1563 679 1660 764 apud
1691 697 1776 744 m-

420 784 504 846 iores
530 789 653 848 nostros
684 803 755 846 cnm
783 771 828 846 ad'
844 781 1035 847 Antiochum
1062 801 1167 863 regem
1194 779 1315 861 legatus
1339 777 1453 842 missus
1476 782 1560 840 essct
1580 783 1612 839 st
1633 775 1776 840 vorbis

420 881 549 940 senatus
576 876 755 940 nuntiasset
781 884 818 940 ut
842 876 882 940 ab
904 875 1103 939 Alexandrea
1123 871 1313 947 discederet,
1342 889 1438 954 quarn
1459 869 1643 945 obsidcbst,
1682 886 1775 932 cuns

420 976 545 1052 tempus
566 969 621 1032 ille
642 969 797 1045 dilierret,
825 968 947 1052 ringula
975 974 1108 1031 stantem
1133 965 1377 1048 circumscripsit
1398 963 1544 1048 dixitque
1565 984 1601 1028 se
1619 979 1776 1028 maun·

397 1062 568 1126 sucturum
590 1065 731 1139 senatui,
753 1063 814 1126 nisi
836 1062 924 1146 prius
946 1062 1006 1124 sibi
1027 1061 1246 1145 respondisset
1266 1057 1342 1142 quid
1363 1057 1503 1121 facturus
1524 1064 1621 1132 essm,
1644 1073 1772 1141 quan

420 1176 460 1219 ex
481 1155 537 1218 illa
559 1157 847 1241 circumscriptione
869 1155 997 1220 exisset.
1033 1155 1211 1218 Praeclare:
1241 1159 1369 1216 senatus
1391 1151 1475 1216 enim
1495 1150 1608 1214 facum
1629 1169 1773 1214 mcum

418 1248 566 1312 attulerat
593 1251 870 1333 auctoritatemque
898 1249 1008 1333 populi
1033 1248 1186 1311 Romani:
1217 1247 1267 1311 cui
1291 1247 1346 1331 qui
1375 1264 1440 1308 nou
1472 1249 1577 1327 paret,
1604 1262 1685 1308 non
1720 1244 1770 1307 ab

418 1359 457 1405 co
480 1341 626 1406 mandata
647 1342 829 1426 accipienda
851 1351 942 1417 sunt,
972 1344 1028 1406 sed
1057 1344 1125 1426 ipse
1148 1348 1197 1405 est
1222 1341 1328 1425 potius
1349 1338 1573 1423 repudiandus.
1615 1334 1678 1400 ᾖ.
1706 1339 1771 1399 An

418 1455 476 1519 ego
498 1437 538 1500 ab
560 1455 598 1500 eo
620 1437 767 1501 mandata
791 1439 973 1521 acciperem,
996 1438 1052 1520 qui
1074 1443 1201 1500 senatus
1222 1435 1368 1498 mandata
1381 1435 1618 1496 contemnereti
1639 1439 1713 1496 aut
1730 1430 1768 1494 ei

381 1545 489 1598 toturn
510 1537 622 1595 senatu
645 1531 820 1615 quidquam
836 1549 1001 1594 commune
1023 1529 1211 1604 iudicarem,
1234 1529 1291 1613 qui
1310 1527 1529 1610 imperatorem
1550 1526 1669 1608 populi
1690 1525 1768 1587 tio-

266 1683 281 1693 ..
417 1625 509 1688 mani
531 1631 642 1688 senatu
667 1623 855 1707 prohibente
878 1624 1058 1688 obsideret?
1091 1625 1131 1685 At
1160 1642 1242 1707 qnae
1269 1621 1432 1685 mandata!
1460 1638 1523 1702 (pru
1544 1618 1764 1702 arrogantial

254 1718 279 1788 ‘s‘’
417 1737 482 1802 quo
504 1718 648 1802 stuporel
679 1737 741 1802 quo
765 1719 894 1801 spiritul
929 1718 992 1781 Cur
1013 1725 1117 1781 autem
1140 1737 1177 1780 ea
1198 1716 1309 1799 legatis
1330 1715 1445 1778 nostris
1467 1713 1575 1788 dabat,
1604 1731 1683 1776 cum
1711 1711 1762 1776 ad

415 1832 474 1876 nos
498 1812 638 1895 Cotylam
660 1813 815 1886 mitteret,
837 1819 1055 1900 ornamentum
1076 1819 1173 1894 atque
1194 1830 1297 1874 arcem
1319 1810 1491 1872 amicorum
1513 1824 1658 1880 suorum,
1687 1806 1762 1870 bo-

255 1905 276 1982 r²
416 1908 533 1970 minem
564 1906 766 1970 aedilicium?
794 1906 820 1968 si
843 1925 919 1969 vero
942 1912 1007 1967 tum
1029 1903 1089 1967 tuit
1109 1904 1234 1978 aedilis,
1257 1925 1328 1966 cum
1350 1921 1423 1965 eum
1444 1901 1533 1964 iussu
1553 1900 1692 1963 Antonii
1717 1901 1758 1962 in

380 1998 562 2066 ttconririo
586 1997 668 2061 sarri
691 1999 808 2081 publici
831 1999 906 2062 loris
929 1999 1119 2061 ceciderunt.
1162 1995 1213 2060 25.
1235 2000 1277 2061 At
1296 2017 1391 2081 quarn
1414 1994 1557 2059 modesta
1571 1993 1755 2058 mandatsl

415 2090 522 2154 Ferrei
545 2110 670 2166 sumus,
692 2100 796 2175 putres
820 2093 1005 2176 conscripti,
1028 2092 1084 2175 qui
1107 2092 1279 2175 quidquam
1301 2091 1376 2153 huic
1396 2109 1557 2172 negemus.
1593 2087 1755 2152 Utram-

416 2204 492 2268 que
514 2185 777 2268 prorinciam,
807 2185 926 2269 inquit,
949 2186 1127 2261 remitto;
1157 2187 1378 2248 exercitum
1400 2185 1576 2267 depon03
1605 2184 1755 2266 priva·

414 2289 478 2345 tus
507 2297 595 2342 esse
624 2297 699 2342 non
722 2299 878 2343 recuso:
910 2278 988 2344 haec
1010 2289 1085 2343 sunt
1105 2283 1187 2344 enim
1210 2280 1313 2343 rerba.
1350 2279 1463 2342 ltedire
1485 2277 1525 2340 ad
1546 2299 1581 2341 se
1603 2277 1751 2341 ridetur.

415 2373 556 2438 Omnia
584 2371 826 2448 obliviscor,
856 2373 896 2436 in
926 2374 1099 2457 gratiam
1132 2373 1266 2436 redeo.
1304 2372 1365 2434 Sed
1388 2371 1466 2456 quid
1491 2372 1660 2456 adiungitt
1699 2371 1750 2440 Si

377 2466 651 2551 stlegionibus
679 2467 778 2530 meis
808 2485 899 2542 sex,
929 2469 963 2530 si
994 2467 1222 2553 equitibus,
1251 2467 1282 2530 si
1312 2466 1472 2530 cohorti
1503 2467 1749 2548 praetoriae

414 2560 599 2645 praedam
621 2579 831 2645 agrumque
852 2561 1063 2625 dederitis.
1105 2563 1148 2624 lia
1170 2562 1264 2638 etiam
1286 2560 1423 2642 praemia
1444 2560 1598 2642 postulat,
1621 2562 1749 2643 quibus

413 2659 449 2718 ut
477 2654 658 2737 ignoscatur
685 2655 712 2718 si
742 2654 897 2737 postulet,
927 2655 1221 2738 impudentissimus
1248 2655 1413 2717 iudicetur.
1448 2652 1544 2715 Addit
1564 2660 1747 2735 praeterea,

412 2753 453 2811 ut
474 2766 568 2830 quos
596 2747 684 2830 ipse
705 2767 786 2812 cum
812 2749 1019 2912 (Dolabella
1041 2749 1199 2811 dederit
1227 2767 1359 2830 agros,
1389 2754 1555 2917 teneaqt
1576 2747 1621 2820 li,
1648 2747 1747 2829 qui·

411 2841 484 2904 bus
514 2840 597 2903 dati
627 2842 717 2904 sint.
761 2839 811 2904 26.
834 2843 893 2905 llic
922 2849 971 2906 est
994 2832 1170 2927 Campanus
1197 2863 1215 2906 a
1239 2861 1273 2904 cr
1294 2849 1326 2905 ct
1348 2842 1520 2904 Leontinus
1568 2857 1650 2927 quae
1671 2840 1742 2904 duo

210 2851 260 2975 q)
274 2863 316 2932 r?
343 2877 547 3006 immaturos
569 2935 668 2998 nostri
691 2925 997 3020 annonae‘p'eriugia
1012 2937 1179 3000 ducebant
1208 2861 1270 2998 ᾗ.
1286 2936 1380 2999 Caret
1395 2935 1512 3008 mimis,
1534 2932 1742 3009 aleatoribus,

411 3029 596 3092 lenonibusi
627 3029 739 3094 Guioni
770 3031 862 3094 etiam
885 3037 917 3092 et
946 3033 1047 3094 Saxae
1070 3039 1173 3106 caret,
1204 3048 1285 3114 quos
1306 3030 1503 3092 centuriones
1524 3045 1682 3112 pugnaces
1706 3035 1742 3090 et

410 3123 582 3186 lacertosos
604 3121 688 3187 inter
708 3123 875 3186 mimorum
895 3132 926 3188 et
948 3109 1114 3186 mimarum
1137 3144 1247 3207 greges
1269 3123 1445 3186 collocarit.
1481 3123 1622 3186 Postulat
1643 3143 1741 3206 prae·

411 3225 512 3291 terea,
541 3223 581 3280 ut
603 3213 974 3301 [chirographorum]
998 3238 1067 3281 sna
1089 3227 1126 3281 et
1147 3219 1512 3282 commentariorum
1540 3219 1740 3303 collegae·

412 3332 484 3398 que
513 3311 573 3375 sui
603 3311 754 3374 decreta
783 3320 964 3375 maneant
1009 3312 1092 3388 Quid
1120 3313 1255 3387 laborat,
1284 3319 1319 3376 ut
1344 3312 1459 3374 babeat
1487 3312 1574 3395 quod
1595 3315 1739 3399 quisque

373 3413 566 3474 somercatus
592 3413 654 3480 est,
682 3404 816 3490 siquod
840 3406 1153 3490 accepithabetqui
1178 3406 1341 3469 vendidit?
1373 3407 1419 3467 Et
1443 3424 1492 3467 ne
1517 3412 1739 3490 tangantur

478 3633 502 3682 t.
520 3627 661 3680 morsv-
680 3629 841 3691 PopiliusD:
858 3630 1020 3692 porthmi,
1038 3629 1230 3692 Popttttuso·
1248 3631 1273 3681 2.
1292 3629 1450 3680 amorum
1466 3624 1537 3678 ΙΙ*-
1557 3630 1581 3680 3.
1599 3631 1738 3684 metim

410 3707 475 3758 tu:
493 3704 659 3756 denuntiasset
674 3705 768 3754 Ocnus
786 3703 845 3754 cod.
859 3705 976 3755 Ferrarii.
987 3732 1014 3740 -
1033 3703 1263 3756 Alesuustrccvh:
1280 3705 1437 3756 Atsaoodrtn
1452 3707 1540 3768 agto
1555 3729 1581 3742 -·
1598 3703 1623 3756 l.
1640 3709 1738 3771 cepasio

409 3785 514 3833 meten
533 3781 569 3839 V3
591 3778 706 3842 urentur
722 3779 821 3828 tunam
838 3781 887 3837 at;
910 3779 1013 3843 utrputn
1029 3779 1228 3841 tcsdembg-
1245 3794 1270 3830 se
1286 3781 1487 3831 cerumtamen
1503 3780 1540 3830 V:
1565 3793 1591 3831 ss
1607 3795 1658 3834 ess
1675 3791 1737 3836 uste

411 3859 494 3920 (oeteo
509 3855 537 3918 b)
554 3855 759 3906 reeusttctsuusn
776 3850 988 3915 (rinemticturseu
1001 3857 1022 3918 t)
1046 3857 1078 3906 D.
1101 3855 1260 3920 Nipperdeio
1276 3857 1304 3906 in
1321 3854 1445 3918 Philologi
1463 3857 1510 3916 ΙΙΙ,
1528 3868 1554 3919 p.
1573 3854 1621 3906 itu
1636 3861 1737 3910 meos

411 3930 554 3982 delendum
570 3930 685 3990 ridetur,
705 3927 857 3994 explicanti:
878 3943 921 3980 «er
935 3933 1019 3981 werde
1035 3932 1089 3980 dem
1099 3931 1194 3994 lldstpe
1210 3930 1347 3994 absuper-3
1366 3932 1394 3980 at
1409 3931 1432 3980 sl
1449 3929 1519 3993 quod
1535 3931 1627 3982 vitium
1643 3930 1733 3998 latest,

341 3999 343 4004 ’
411 4007 498 4071 potius
521 4003 618 4068 aliquid
640 4004 717 4055 deest
739 4015 820 4069 quarn
841 4006 870 4054 ut
892 4005 1015 4069 supersit.
1040 4004 1151 4054 Videtur
1167 4008 1256 4056 tomen
1271 4019 1300 4056 se
1316 4007 1342 4056 in
1359 4007 1504 4056 recentiore
1519 4008 1639 4070 negantis
1654 4020 1733 4070 esse,

410 4082 441 4132 ut
461 4081 514 4131 lam
535 4080 651 4130 Fasrnns
672 4079 841 4144 significarit,
867 4078 1035 4144 verbumque
1055 4080 1127 4130 idam
1149 4079 1237 4131 ualere
1263 4080 1335 4145 quod
1359 4093 1409 4132 «se
1430 4083 1531 4131 senstu
1553 4083 1735 4136 nuntiaturum

411 4167 471 4207 esse
493 4167 585 4220 regern
606 4156 736 4220 imperata
759 4155 847 4206 lacere
871 4153 968 4215 nolle»,
991 4159 1022 4206 ut
1041 4156 1075 4206 sit
1095 4156 1150 4206 lerc
1172 4159 1292 4207 nostrum
1315 4155 1480 4206 «mucuns.
1502 4181 1529 4193 -
1547 4157 1572 4208 t.
1590 4159 1678 4209 estuat
1693 4160 1732 4209 V:

410 4232 514 4283 accoli
529 4231 565 4290 D;
591 4232 717 4282 accederet
734 4232 755 4282 0
772 4244 835 4282 cum
853 4229 952 4296 aliquot
967 4230 1032 4282 dett.
1052 4257 1079 4268 -
1102 4231 1275 4295 praestaret
1294 4257 1321 4268 -—
1346 4231 1371 4281 Ι.
1390 4231 1515 4281 attam
1530 4233 1552 4282 V
1570 4257 1597 4269 -
1621 4234 1736 4284 amori

410 4311 533 4368 tutelaque
547 4317 576 4356 re
589 4305 691 4369 publica
709 4307 743 4367 V,
766 4307 944 4357 cucumerem
962 4319 992 4356 .r.
1008 4319 1037 4368 p.
1055 4305 1112 4370 bg;
1138 4307 1313 4356 nwwrttotem
1327 4311 1351 4356 et
1369 4319 1402 4368 .p.
1420 4318 1449 4365 a;
1467 4307 1616 4357 scemate
1628 4321 1655 4369 p.
1673 4310 1685 4357 t
1702 4331 1733 4346 -·

412 4380 500 4430 catil:
518 4382 560 4430 cest
576 4381 597 4429 ts
612 4379 646 4440 b;
664 4381 727 4431 eiuts
743 4386 842 4445 agt-
862 4383 885 4432 8.
901 4385 984 4444 potius
994 4382 1031 4429 V:
1049 4382 1174 4432 totusbo
1192 4382 1242 4443 (sed
1256 4382 1304 4443 ipss·
1319 4387 1355 4432 est
1367 4382 1450 4444 potius
1464 4383 1659 4432 mentiendum
1673 4383 1733 4448 Nip-

410 4453 536 4520 perdeins
547 4452 564 4504 l.
578 4455 612 4516 c.)
627 4481 654 4493 -
673 4457 845 4518 repudiaturo
859 4481 886 4493 -
905 4457 928 4506 9.
942 4456 1182 4518 resumpseretvb
1196 4483 1224 4494 -
1242 4457 1283 4507 40.
1301 4457 1511 4519 tmperctcrll-
1529 4459 1569 4509 ΙΙ.
1582 4460 1735 4521 opsideretv

414 4554 440 4568 ·-
454 4533 482 4578 ct
498 4541 562 4591 quoe
578 4528 621 4579 ab
629 4542 660 4594 g:
678 4535 730 4594 atq.
743 4530 781 4581 Vt
794 4557 821 4567 -
835 4531 1020 4596 cboqcuttcv
1034 4555 1061 4568 -
1080 4533 1120 4582 ti.
1134 4545 1182 4594 quo
1194 4534 1446 4584 tusorsblommsen
1457 4559 1491 4572 -·
1506 4533 1545 4585 tt.
1559 4532 1607 4584 litt.
1619 4534 1734 4584 ttctmi

410 4605 437 4655 in
454 4615 506 4655 ras.
520 4603 611 4656 habat.
625 4631 653 4643 -
671 4619 729 4658 uere
748 4609 790 4658 ed.
803 4610 870 4659 lunt.
885 4635 912 4645 -
932 4609 1018 4658 omont
1034 4609 1096 4658 V-
1116 4610 1155 4660 tt.
1171 4607 1263 4670 nubta
1279 4621 1332 4659 om.
1345 4610 1377 4670 Ι),
1394 4609 1466 4659 unde
1482 4611 1614 4660 mutares
1628 4611 1655 4660 ln
1670 4609 1735 4660 abt

411 4681 543 4745 prostrat
560 4679 630 4731 torte.
649 4707 678 4718 —
700 4682 850 4748 AdV²ag;
875 4681 943 4734 AV¹
962 4707 988 4720 -
1015 4697 1143 4748 quemag
1162 4709 1189 4719 -
1209 4684 1385 4734 meletat-
1406 4684 1732 4748 auresaures-suu

409 4753 463 4818 terr
479 4754 514 4803 lili
529 4751 563 4815 h;
581 4755 677 4818 iuret?
692 4759 724 4808 ΙΙΙ
741 4773 824 4824 ag-
844 4761 884 4810 t8.
902 4774 952 4810 ocu
968 4759 1071 4810 Vcorr.
1090 4774 1122 4810 ex
1138 4774 1240 4810 eamc—
1263 4761 1303 4810 tu.
1322 4761 1414 4810 seccll:
1434 4766 1457 4812 et
1472 4761 1494 4812 D
1509 4787 1536 4798 ·-
1554 4761 1594 4810 il.
1610 4761 1735 4824 praem

411 4829 534 4881 codices:
558 4833 677 4893 praesuta
692 4833 795 4885 Ernesti
815 4837 841 4886 ct
853 4837 975 4886 Garatoni
992 4836 1044 4897 (bic
1059 4837 1139 4887 etiam
1152 4836 1286 4899 peecatum
1301 4837 1445 4900 proposuit)
1464 4862 1492 4872 -
1510 4836 1542 4886 its
1557 4837 1591 4885 v:
1609 4836 1684 4885 istst)
1702 4860 1731 4872 -

407 4904 648 4970 pmtutnbutag-
667 4907 899 4959 imtomv—
918 4911 1145 4974 tpeomomust—
1163 4910 1474 4961 tantumn-tii:
1496 4910 1557 4971 tV;
1575 4909 1684 4973 btabg
1702 4935 1730 4948 -

410 4979 452 5032 st.
468 4980 522 5030 ndti
539 4979 560 5030 V
578 5005 605 5018 -
623 4981 672 5031 stut
688 4981 750 5031 Vb:
773 4988 830 5034 suut
846 4986 904 5048 agl
922 5008 950 5021 -
970 4985 1099 5036 tectam
1114 4988 1125 5035 t
1142 5011 1169 5022 -
1187 4987 1227 5036 ΙΙΙ.
1243 4987 1376 5050 perstrepis
1391 4986 1423 5036 ΙΙι
1440 5013 1468 5023 -
1485 4986 1581 5038 mentri
1597 4985 1632 5045 Vc
1649 4985 1733 5036 esus

410 5055 466 5106 etl)
481 5075 508 5092 -
527 5054 568 5105 td.
585 5054 695 5106 miuus
709 5055 727 5105 b
741 5083 769 5096 -
785 5071 914 5124 pugnaces
928 5060 989 5110 v-
1007 5060 1048 5110 si.
1065 5060 1263 5110 misorumv-
1280 5062 1492 5112 conmonuitv-
1509 5062 1591 5112 sees
1606 5071 1730 5128 omap-

412 5130 604 5195 cprograsorurt
620 5143 667 5182 usa
682 5136 706 5181 et
722 5139 835 5184 nument.
848 5133 884 5193 V;
903 5135 950 5185 Do
961 5147 1008 5184 suc
1024 5136 1084 5198 post
1094 5139 1220 5184 commeat.
1234 5133 1346 5196 babent;
1365 5135 1472 5199 europe
1486 5148 1547 5187 cum
1557 5136 1732 5188 llommsento

411 5203 574 5258 inclusimus.
585 5232 612 5243 -
622 5206 827 5273 collegaqueli-
840 5209 882 5262 29.
894 5209 1051 5260 Ιαὸονωιη
1065 5235 1092 5247 -
1105 5209 1145 5261 30.
1157 5210 1179 5260 st
1195 5211 1254 5274 quid
1265 5223 1306 5275 ng
1319 5237 1345 5247 -
1359 5209 1479 5262 behemi)
1493 5235 1521 5249 -
1533 5209 1728 5276 desperavi.
