4009 6159
352 566 446 638 ’4078
791 567 943 636 cultio
964 570 1008 635 IN
1028 569 1265 636 t.e1sortett

364 743 559 817 seiunctum,
580 738 668 824 quod
681 740 737 804 vin
750 745 871 825 potest,
892 738 1038 823 privatim
1054 737 1093 802 ad
1116 759 1220 804 mcum
1239 758 1356 804 nomen
1376 739 1554 824 augendum
1576 747 1689 824 optan-

365 837 438 904 dam
465 836 547 900 duco
576 833 654 898 mihi
681 833 781 900 fuisse
808 832 897 899 illam
927 835 1203 919 expetendamque
1229 834 1398 900 loctunam.
1441 831 1492 898 33.
1518 836 1624 919 Atque
1653 841 1690 898 ut

364 935 453 995 tuum
480 929 689 993 laetissimum
718 927 804 992 diem
833 947 904 990 cum
926 928 1109 992 tristissimo
1137 948 1208 992 mco
1229 929 1404 1004 conferam,
1436 937 1542 994 utrum
1561 926 1690 992 tandem

365 1025 449 1088 bono
470 1023 539 1087 viro
561 1030 593 1087 et
614 1021 750 1106 sapienti
773 1019 943 1106 optabilius
965 1031 1075 1105 putas,
1098 1021 1144 1086 sic
1166 1024 1254 1086 exire
1276 1043 1295 1086 c
1316 1025 1435 1108 petria,
1456 1030 1493 1088 ut
1514 1043 1624 1088 omnes
1639 1023 1690 1086 sui

341 1119 449 1186 tcives
470 1118 620 1192 salutem,
642 1115 906 1190 incolumitatem,
928 1117 1066 1179 reditum
1081 1125 1266 1200 precentur,
1288 1117 1373 1201 quod
1395 1117 1472 1181 mihi
1494 1115 1627 1193 accidit,
1648 1136 1689 1179 an

365 1211 452 1297 quod
473 1212 531 1276 tibi
552 1209 766 1294 proficiscenti
789 1209 914 1284 evenit,
944 1217 979 1272 ut
1002 1230 1112 1273 omnes
1134 1219 1389 1285 exsecrarentur,
1420 1210 1501 1274 male
1522 1229 1689 1294 precaren-

363 1313 432 1382 tur,
464 1325 559 1370 unam
588 1303 645 1367 tibi
675 1303 763 1367 illam
784 1303 867 1368 uam
889 1312 922 1367 et
942 1313 1128 1388 perpetuam
1150 1325 1220 1370 esse
1242 1305 1385 1370 vellent?
1421 1303 1515 1380 IIibi,
1540 1323 1592 1367 me
1618 1303 1690 1367 dius
1752 1385 1755 1390 Ι

364 1395 475 1476 fidius,
507 1400 541 1462 in
569 1405 656 1463 tanto
684 1398 825 1464 omnium
857 1397 1035 1462 mortalium
1065 1399 1155 1474 odio,
1188 1402 1271 1464 iusto
1300 1399 1486 1483 praesertim
1517 1405 1549 1462 et
1571 1397 1689 1472 debito,

365 1495 497 1578 quatern
517 1493 593 1576 Iuga
613 1513 710 1577 quam
730 1491 797 1554 ulla
818 1492 983 1574 provincia
1004 1502 1088 1557 esset
1110 1493 1257 1578 optatior.

328 1607 355 1654 io
449 1587 518 1652 XV.
552 1587 615 1650 Sed
636 1605 733 1669 perge
754 1605 860 1668 porro.
903 1588 982 1650 Nam
1004 1587 1031 1649 si
1054 1587 1132 1651 illud
1155 1608 1261 1652 meum
1283 1586 1589 1653 turbulentissimum
1609 1594 1690 1650 tem·

365 1701 425 1766 pus
446 1688 502 1745 tuo
523 1679 783 1764 tranquillissimo
805 1685 959 1762 praestat,
981 1679 1059 1764 quid
1081 1682 1241 1748 conseram
1262 1684 1400 1767 reIIqua,
1422 1702 1504 1766 quae
1526 1682 1560 1745 in
1581 1689 1613 1745 te
1633 1680 1688 1745 de-

364 1775 486 1841 decoris
507 1775 603 1858 plena
622 1774 771 1848 luerunt,
793 1773 826 1837 in
848 1794 899 1840 me
921 1774 1109 1856 dignitatis?
1130 1773 1181 1839 34.
1203 1780 1255 1842 Ile
1269 1778 1420 1842 Kalendis
1441 1777 1612 1853 Ianuariis,
1634 1776 1689 1860 qui

365 1867 434 1934 dies
454 1873 529 1950 post
548 1868 668 1932 obitum
690 1887 898 1952 occasumque
920 1875 1061 1933 vestrum
1081 1871 1129 1933 rei
1150 1871 1296 1954 publicae
1325 1871 1446 1954 primus
1471 1869 1596 1946 illuxit,
1628 1869 1690 1931 Ire-

365 1960 591 2046 quentissimus
606 1969 752 2036 senatus,
774 1980 931 2026 concursu
944 1962 1071 2038 Italiae,
1093 1964 1249 2028 referente
1271 1965 1443 2028 clarissImo
1465 1984 1501 2028 ao
1516 1963 1688 2028 fortissimo

309 2055 450 2138 ,ieviro,
481 2055 516 2117 Ρ.
538 2056 691 2138 Lentulo,
723 2057 941 2121 consentiente
970 2064 1065 2141 atque
1096 2079 1161 2124 una
1189 2079 1267 2122 voce
1295 2060 1464 2123 revocavit.
1521 2057 1572 2120 Ille
1604 2055 1693 2122 idem

366 2158 494 2217 senatus
510 2149 838 2227 exterisnationibus,
860 2170 910 2216 me
931 2151 1045 2234 legatis
1059 2153 1358 2236 magistratibusque
1372 2153 1489 2215 nostris
1502 2150 1689 2215 auctoritate

366 2263 425 2307 sua
446 2241 730 2328 consularibusque
751 2243 882 2321 litteris,
903 2264 984 2318 non,
1005 2253 1041 2309 ut
1063 2253 1096 2308 tu
1117 2246 1251 2309 Insuber
1271 2247 1377 2309 dicere
1398 2265 1493 2308 ausus
1515 2263 1566 2319 es,
1598 2243 1691 2306 erba-

365 2344 433 2400 tum
453 2337 572 2420 patria,
594 2338 650 2402 sed
672 2344 707 2401 ut
728 2347 856 2404 senatus
877 2338 932 2402 illo
954 2340 1025 2423 ipso
1048 2345 1190 2423 tempore
1211 2338 1400 2423 appellarit,
1430 2338 1531 2402 civem
1552 2345 1691 2402 servato-

366 2449 498 2518 remque
526 2430 573 2494 rei
601 2431 747 2515 publicae
774 2432 1015 2498 commendavit.
1067 2433 1116 2497 Ad
1146 2453 1247 2497 meam
1275 2433 1371 2498 unius
1396 2433 1535 2497 bomInis
1557 2431 1689 2498 salutem

330 2535 496 2594 serenatus
522 2525 675 2592 auxilium
703 2528 845 2591 omnium
873 2526 989 2590 civium
1019 2536 1132 2591 cuncta
1163 2546 1204 2590 ex
1225 2527 1332 2602 ItaIIa,
1366 2527 1420 2611 qui
1442 2525 1690 2610 rempublicam

367 2620 486 2684 salvam
508 2639 577 2684 esse
598 2620 734 2697 vellent,
755 2620 896 2684 consulis
918 2640 996 2684 voce
1019 2629 1052 2686 et
1071 2621 1184 2686 litteris
1206 2620 1440 2703 implorandum
1461 2622 1591 2705 putarit.
1628 2621 1691 2685 IIei

367 2713 479 2798 capitis
508 2715 715 2778 conservandi
744 2734 840 2780 causa
865 2717 997 2779 Romam
1024 2735 1090 2780 uno
1110 2723 1252 2798 tempore
1274 2716 1367 2798 quasi
1388 2715 1479 2797 signo
1503 2715 1576 2778 dato
1598 2715 1690 2779 Italia

181 2893 185 2904 ¹
243 2867 248 2880 ,
367 2815 435 2875 4444
463 2808 619 2872 convenit
670 2809 717 2871 Dc
752 2828 822 2872 mea
853 2809 954 2873 salute
983 2811 1016 2872 P.
1043 2808 1182 2883 Lentuli,
1213 2809 1473 2891 praestantissimi
1501 2808 1563 2891 viri
1594 2815 1689 2892 atqm

368 2902 479 2988 optimi
504 2901 660 2978 consulis,
693 2902 748 2966 Gn.
770 2903 917 2987 Pompei,
951 2901 1115 2966 clarissimi
1136 2908 1233 2985 atque
1259 2901 1459 2966 invictissimi
1481 2902 1576 2978 civis,
1604 2910 1689 2966 oete-

330 3015 539 3084 eercrumque
566 2997 743 3082 principum
765 2995 902 3060 civitatis
925 2995 1149 3059 celeberrimae
1171 3003 1203 3058 et
1223 2997 1417 3078 gratissimae
1438 2997 1602 3061 contiones
1623 2996 1690 3059 iue-

366 3097 450 3156 runt.
493 3085 544 3153 35.
576 3091 623 3154 De
651 3111 702 3155 me
730 3096 858 3154 senatus
887 3089 932 3154 ita
959 3089 1102 3153 decrevit
1131 3088 1187 3154 Cu.
1215 3091 1366 3174 Pompeio
1394 3097 1523 3154 auctore
1557 3098 1589 3154 et
1621 3091 1689 3154 eius

369 3184 544 3253 sentcntiae
565 3185 722 3269 principe,
750 3190 800 3261 ut,
830 3183 857 3247 si
881 3184 955 3268 quis
976 3182 1159 3268 impedisset
1179 3183 1317 3248 reditum
1339 3204 1463 3260 meum,
1495 3185 1529 3248 iu
1550 3183 1689 3248 hostium

369 3298 502 3346 numero
528 3287 710 3363 putaretur3
742 3279 853 3362 eisque
873 3278 978 3341 verbis
1000 3297 1039 3340 ea
1059 3276 1099 3341 de
1122 3298 1171 3342 me
1193 3285 1322 3342 senatus
1343 3279 1510 3343 auctoritas
1532 3277 1690 3342 declarata

370 3380 433 3450 est,
449 3361 500 3456 (ut
525 3373 647 3438 nemini
674 3373 716 3438 sit
741 3372 920 3454 triumphus
952 3371 1212 3436 honorificentius
1241 3392 1334 3456 quam
1356 3372 1433 3436 mihi
1453 3372 1538 3437 salus
1562 3374 1689 3437 restitu-

156 3521 164 3566 .
218 3499 268 3554 ;··,«
332 3469 479 3552 otioque
501 3463 696 3560 perscripta.)
725 3467 773 3531 Ile
794 3487 844 3531 me
867 3485 939 3529 oum
960 3487 1071 3530 omnes
1093 3468 1291 3550 magistratus
1305 3467 1556 3552 promulgassent
1568 3476 1690 3555 praeter

120 3551 124 3561 ’
369 3583 467 3628 unum
492 3559 688 3645 praetorem,
720 3580 740 3626 a
767 3580 831 3645 quo
858 3579 925 3623 non
952 3559 1013 3623 iuit
1040 3559 1279 3644 postulandum,
1310 3557 1438 3654 nauem
1464 3560 1584 3626 inimici
1611 3561 1689 3638 mei,

370 3921 428 3974 erat
449 3917 521 3986 quod
543 3917 654 3968 0444444444
668 3921 740 3967 not:
765 3915 793 3967 et
814 3915 871 3967 fleri
888 3919 977 3983 potest
993 3920 1023 3969 ut
1038 3918 1091 3968 buc
1106 3919 1237 3986 pertineat
1252 3918 1365 3969 vaurms
1381 3916 1424 3969 illa
1440 3917 1499 3969 cod.
1518 3918 1593 3970 Vct.»
1609 3920 1687 3970 Bane.

368 3999 403 4050 At
418 3995 574 4047 nominatim
590 3992 627 4042 ait
643 3992 765 4043 Garamni
781 3991 841 4043 inv
859 4005 918 4043 esse
935 4007 986 4044 non
1001 3994 1056 4045 dico
1069 4020 1096 4030 -
1116 3996 1138 4043 t.
1155 3994 1285 4056 motum
1301 3994 1321 4045 E
1335 4019 1361 4029 -
1380 3993 1404 4046 I.
1421 3995 1477 4044 ciro
1488 4006 1541 4044 om.
1555 3995 1574 4045 F
1586 4020 1614 4030 -
1632 3995 1687 4045 eV:

369 4071 469 4125 ec-
488 4082 570 4122 munet
589 4067 611 4119 ei
631 4067 670 4118 sui
686 4066 778 4119 Lamb.
797 4069 824 4117 in
845 4081 929 4134 marg.
950 4094 977 4104 -
1000 4068 1024 4118 6.
1043 4071 1104 4132 post
1121 4068 1165 4118 tibi
1181 4068 1207 4118 in
1224 4068 1246 4116 V
1263 4066 1297 4120 ad
1314 4079 1398 4132 marg.
1417 4082 1472 4120 seo.
1490 4083 1571 4121 manu
1587 4070 1689 4123 adscri-

369 4149 446 4214 ptum
461 4147 504 4198 est
518 4144 545 4194 in
558 4143 727 4207 prootmioro,
746 4156 797 4210 qua
815 4141 902 4209 glossa
919 4146 993 4195 earet
1010 4144 1089 4194 etiam
1105 4145 1250 4196 Arusianus
1266 4158 1293 4209 p.
1306 4145 1354 4195 448
1371 4145 1411 4205 1.,
1429 4146 1474 4209 qui
1489 4145 1566 4196 alieri
1580 4159 1615 4196 ess
1625 4149 1691 4210 quod

369 4222 497 4274 uevenit
513 4245 541 4256 -
562 4223 677 4270 ..rentur
697 4219 763 4270 mele
785 4226 1059 4282 precarentur--esee
1073 4220 1155 4270 oirom
1171 4233 1197 4284 p.
1217 4220 1289 4280 4019,
1308 4219 1323 4269 6
1340 4218 1422 4270 babet
1438 4221 1497 4270 T—
1514 4223 1586 4273 44444
1602 4238 1690 4288 preco-

369 4304 468 4362 rentur,
487 4296 566 4348 utsii
583 4293 718 4345 antithesis
735 4294 770 4345 ad
786 4293 849 4346 illud
865 4295 1058 4346 incolunitotcm
1071 4301 1215 4358 4444444444,
1234 4295 1385 4346 Wunderus
1402 4309 1428 4360 p.
1446 4297 1513 4358 LVI,
1531 4296 1590 4350 coll.
1608 4299 1624 4364 3
1640 4299 1687 4360 ta

370 4369 634 4437 add.p.Sest.§ii.
648 4397 675 4406 -
695 4369 834 4434 04444444
850 4372 941 4422 IVS:
959 4371 1012 4421 eiius
1028 4371 1076 4421 EF
1090 4398 1115 4407 -
1133 4372 1197 4434 prpe
1213 4370 1276 4420 TV:
1294 4371 1454 4434 fupopotiur
1469 4372 1560 4424 Co-
1579 4375 1690 4426 4044444-

366 4462 416 4514 pus
431 4447 463 4500 T:
487 4451 582 4510 empus
599 4445 760 4508 proiectIonir
784 4445 862 4497 codd.
881 4445 937 4498 rell.
957 4447 1029 4497 eto.
1053 4445 1092 4498 ct.
1110 4445 1208 4497 Wund.
1228 4459 1254 4510 p.
1266 4444 1354 4497 IILVII
1371 4449 1398 4497 et
1413 4447 1522 4499 Bokium
1537 4462 1565 4514 p.
1583 4448 1639 4502 304.
1659 4478 1686 4488 -

370 4523 410 4576 43.
428 4525 539 4574 unium
555 4521 658 4574 IEFI‘
676 4518 742 4583 (scil.
760 4521 892 4584 senatusi:
916 4534 970 4574 orn.
989 4524 1024 4580 G;
1042 4528 1154 4572 nostrum
1170 4520 1230 4584 vii)
1247 4522 1302 4571 80.
1328 4520 1376 4572 Alii
1391 4528 1500 4574 oestrum
1516 4523 1550 4574 ad
1567 4525 1689 4578 Pisonem

370 4601 398 4650 44
414 4596 556 4650 Gabinium
571 4595 698 4648 referunt.
719 4623 746 4632 „
767 4595 807 4649 44.
824 4610 958 4648 concursus
973 4597 994 4648 E
1011 4595 1091 4649 solus.
1112 4624 1139 4634 -
1158 4609 1189 4646 ac
1205 4595 1254 4646 141
1264 4597 1297 4646 c:
1316 4601 1391 4660 utque
1406 4598 1466 4647 0-
1485 4599 1526 4649 tt.
1543 4599 1571 4650 P.
1587 4601 1689 4652 Lentulo

369 4674 439 4727 Bake
455 4685 505 4738 pro
522 4669 680 4737 glossemate
697 4670 788 4722 babet.
803 4699 830 4710 -
849 4673 1011 4724 consentiente
1025 4678 1100 4735 44444
1116 4671 1179 4722 TV:
1196 4672 1358 4722 commutente
1370 4671 1462 4734 populo
1477 4673 1521 4723 lio.
1539 4675 1644 4738 444440
1659 4701 1685 4713 -

370 4751 411 4801 ti.
429 4747 646 4810 connectendusque
657 4747 694 4797 V:
712 4747 884 4800 minutaribus
899 4749 932 4809 T,
950 4747 1108 4810 uividetur,
1127 4748 1185 4799 CO.
1211 4747 1249 4799 Ct.
1261 4762 1287 4814 p.
1301 4748 1368 4798 8444.
1388 4747 1471 4812 55440.
1484 4749 1541 4800 488.
1558 4764 1586 4815 p.
1599 4750 1686 4803 Plano.

369 4825 385 4890 fi
402 4824 442 4876 78.
463 4851 491 4862 ·-
508 4837 559 4874 non
574 4825 747 4886 ut--pornc
763 4821 845 4874 habet
860 4824 1003 4874 Arusianus
1020 4837 1047 4888 p.
1065 4821 1124 4873 250.
1143 4849 1171 4860 -
1189 4823 1290 4874 Insuber
1306 4823 1458 4874 Turnebus:
1479 4824 1581 4888 insuper
1596 4826 1643 4878 Tc
1661 4830 1689 4879 44

370 4897 449 4952 codd.
467 4898 602 4957 Acesinen
624 4911 719 4962 sooner
734 4898 757 4949 V
779 4926 807 4936 -
831 4899 870 4950 48.
888 4902 1087 4960 nroctmmque
1102 4898 1138 4946 V:
1163 4904 1315 4949 maumam
1331 4898 1362 4958 Τ;
1386 4904 1630 4963 commutaremus
1651 4905 1685 4963 ὓς

369 4979 566 5028 aamercort
582 4973 655 5024 EFS
668 5000 695 5010 -
715 4974 755 5024 40.
773 4975 847 5025 surius
862 4974 966 5026 44444444
982 4973 1045 5024 TV:
1064 4973 1168 5024 bominis
1184 4985 1237 5024 om.
1250 4972 1299 5024 CO
1316 4971 1393 5039 prob.
1407 4974 1504 5032 Garat..
1523 4976 1567 5039 qul
1579 4975 1688 5028 contulit

370 5051 386 5115 4
402 5051 427 5101 6.
444 5063 471 5115 p.
490 5050 557 5100 Sest.
576 5047 591 5112 5
609 5047 664 5099 448.
684 5049 710 5098 in
727 5049 785 5100 Vat.
804 5049 819 5114 4
837 5051 861 5102 8.
879 5064 906 5116 p.
926 5047 990 5102 Red.
1010 5050 1036 5099 in
1053 5050 1114 5100 Seu.
1132 5047 1148 5112 5
1164 5047 1206 5100 et.
1225 5075 1253 5084 —
1271 5050 1312 5100 20.
1330 5049 1486 5100 ciciurnom
1498 5050 1560 5099 V·
1578 5049 1619 5102 22.
1631 5063 1689 5102 con·

369 5125 485 5178 444444ηά4
500 5123 535 5176 Τ;
559 5123 676 5174 mundi
691 5123 773 5176 VCO
794 5152 821 5162 -
845 5125 886 5176 28.
904 5129 1066 5188 reputaretur
1082 5124 1105 5174 V
1122 5151 1150 5161 -
1174 5124 1256 5186 444444
1272 5125 1306 5174 V:
1329 5125 1407 5187 iiaqrre
1426 5124 1544 5186 EGSO,
1566 5139 1642 5188 utque
1658 5127 1685 5188 F,

369 5200 536 5264 4444441-
555 5199 640 5252 emen
655 5203 755 5252 mutor
770 5199 792 5250 V
808 5227 836 5239 -
854 5200 895 5252 3⁰.
913 5201 951 5254 De
966 5200 1229 5253 sne--Lentconeui
1244 5200 1371 5264 habeta,
1387 5205 1489 5265 praeter
1503 5201 1687 5252 uorem-tri·

371 5275 446 5332 bnon
461 5275 604 5343 arcuimus
620 5287 647 5342 p.
665 5274 722 5328 443.
