4009 6159
736 571 811 635 cn.
832 572 1015 640 vm-rx.
1042 571 1088 657 §a
1111 569 1258 640 le-ac.
1574 566 1658 636 lieo

331 737 549 823 potissimum
579 739 711 804 dederas
733 740 835 816 enim,
861 761 957 825 quam
978 749 1198 808 contemneres
1220 743 1391 828 populares
1412 742 1573 819 insanias,
1593 741 1658 808 iam

331 832 372 896 ab
392 831 607 897 adolescentia
628 833 817 899 documenta
838 836 984 900 maxima.
1029 837 1083 900 lx.
1105 834 1157 901 23.
1180 839 1440 914 Quamobrem,
1461 838 1599 913 iudices,
1620 843 1658 899 ut

330 925 503 1009 aliqnando
535 928 574 989 ad
609 949 735 992 causam
763 930 947 1015 crimenque
977 933 1157 1007 veniamus,
1190 935 1217 996 si
1247 953 1351 1016 neque
1374 933 1476 998 omnis
1499 929 1656 995 confessio
1692 987 1705 998 .

329 1017 406 1081 facti
426 1024 476 1082 est
494 1019 661 1098 inusitata,
692 1044 797 1108 neque
820 1025 859 1088 de
881 1046 978 1090 cansa
998 1033 1106 1090 nostra
1129 1026 1304 1111 quidquam
1326 1027 1431 1102 aliter,
1452 1044 1490 1090 ac
1509 1044 1569 1088 nos
1590 1022 1657 1088 vol·

330 1111 447 1186 lemus,
469 1133 489 1176 a
509 1123 621 1179 senatu
641 1117 814 1181 iudicatum
837 1127 901 1198 est,
923 1127 956 1183 et
977 1121 1060 1184 lator
1079 1122 1147 1204 ipse
1168 1120 1264 1203 legis,
1287 1141 1358 1184 cum
1374 1127 1460 1184 esset
1475 1125 1679 1182 controvers

330 1204 379 1267 sia
399 1206 488 1272 nulla
507 1209 598 1284 facti,
619 1212 696 1275 iuris
717 1218 823 1276 mmen
842 1213 1105 1298 disceptationem
1127 1235 1197 1277 esse
1212 1212 1383 1291 voluit,(et
1404 1214 1435 1278 ei
1448 1213 1522 1278 lecti
1535 1211 1656 1275 iudices

330 1298 422 1382 isque
444 1306 645 1386 praepositus
666 1313 715 1402 pst
736 1293 934 1392 quaestioni)
960 1308 1117 1394 quibaec
1138 1309 1220 1372 iuste
1242 1309 1467 1392 sapienterque
1490 1306 1656 1388 disceptet,
1752 1319 1863 1424 ff(

329 1392 487 1474 reliquum
505 1404 563 1473 est,
586 1399 716 1474 iudices,
737 1407 774 1462 ut
794 1401 875 1470 nibil
894 1404 957 1466 iam
973 1422 1127 1486 quaerere
1140 1402 1228 1465 aliud
1243 1401 1396 1477 debeatis,
1416 1402 1480 1466 nisi
1500 1406 1572 1464 nter
1592 1398 1656 1461 utri

329 1485 460 1551 insidias
481 1489 602 1554 fecerit.
637 1493 730 1569 Quod
753 1514 819 1576 quo
840 1493 965 1559 facilius
987 1495 1181 1578 argumentis
1207 1495 1390 1579 perspicere
1411 1494 1558 1579 possitis,
1587 1511 1656 1555 rem

330 1587 448 1661 gestam
472 1585 562 1649 vobis
584 1586 659 1648 dum
679 1587 819 1651 breviter
839 1609 980 1672 expono,
1003 1609 1138 1673 quaeso,
1161 1590 1331 1672 diligenter
1351 1590 1514 1654 attendito.
1665 1598 1693 1644 ⁴⁰

414 1673 466 1739 it.
487 1680 521 1741 Ρ.
544 1680 673 1744 Clodius
702 1702 772 1746 cum
797 1683 961 1746 statuisset
981 1685 1067 1747 omni
1089 1684 1208 1747 scelere
1229 1685 1263 1746 in
1284 1692 1431 1767 praetura
1450 1700 1568 1747 vexare
1588 1697 1655 1742 rem

328 1769 488 1852 publicam
508 1774 696 1858 videretque
717 1777 762 1839 ita
782 1783 882 1840 tracta
902 1796 973 1842 esse
997 1777 1124 1842 comitia
1147 1797 1229 1841 anno
1250 1778 1425 1860 superiore,
1446 1783 1561 1839 utnon
1575 1771 1656 1834 mul·

328 1868 378 1926 tos
399 1882 525 1931 meuses
546 1877 725 1950 praeturam
746 1891 855 1952 gerere
876 1879 1001 1954 posset,
1024 1871 1080 1955 qui
1101 1891 1167 1934 non
1188 1870 1319 1934 honoris
1341 1870 1473 1952 gradum
1488 1873 1655 1953 spectaret,

328 1963 365 2018 nt
391 1961 505 2036 ceteri,
533 1962 589 2024 sed
618 1970 651 2026 et
673 1964 708 2025 L.
730 1963 863 2027 Paulum
886 1965 1039 2056 collegam
1062 1967 1199 2048 effugere
1221 1966 1337 2046 vellet,
1366 1962 1518 2046 singulari
1539 1960 1655 2024 virtute
1787 1927 1815 2022 l

328 2051 443 2142 civem,
475 2062 509 2118 ct
537 2075 653 2120 annum
682 2058 838 2140 integrum
867 2058 908 2121 ad
937 2058 1169 2122 dilacerandam
1199 2078 1263 2122 rem
1293 2058 1451 2141 publicam
1479 1977 1727 2140 quaereretis)

329 2146 434 2210 subito
455 2149 587 2233 reliquit
606 2171 723 2214 annum
745 2172 838 2214 suum
854 2172 990 2235 seseque
1006 2153 1039 2215 in
1054 2172 1171 2216 anuum
1184 2153 1366 2235 proximum
1380 2149 1559 2224 uanstulit,
1581 2167 1655 2222 nou,

328 2246 365 2302 ut
385 2237 435 2314 fit,
457 2243 611 2326 religione
632 2245 754 2328 aliqua,
787 2247 843 2309 sed
865 2254 901 2309 at
920 2246 1067 2321 baberet,
1091 2245 1177 2329 quod
1199 2246 1268 2328 ipse
1292 2245 1434 2320 dicebat,
1462 2243 1502 2308 ad
1530 2248 1655 2328 praetu-

328 2353 394 2397 ram
416 2337 600 2418 gerendam,
629 2338 691 2402 hoc
717 2329 835 2402 est'ad
856 2339 1059 2420 evertendam⁸
1078 2359 1145 2403 rem
1174 2339 1349 2423 publicam,
1377 2338 1508 2423 plenum
1536 2356 1655 2402 mnam

328 2435 425 2512 atque
446 2429 614 2514 integrum.
658 2430 710 2497 25.
732 2433 927 2497 Occurrebat
957 2435 987 2497 ei
1014 2453 1157 2497 mancam
1190 2453 1227 2497 ao
1248 2433 1384 2497 debilem
1405 2440 1585 2517 praeturam
1605 2429 1655 2492 iu·

328 2529 431 2587 taram
452 2545 540 2588 suam
562 2527 693 2590 consule
714 2527 851 2605 Milone3
872 2548 946 2590 eum
968 2548 1063 2612 porro
1079 2547 1201 2592 summo
1218 2547 1376 2591 consensu
1397 2525 1507 2611 populi
1522 2521 1692 2588 Romauira
1763 2581 1766 2592 .

328 2618 492 2682 consulem
513 2620 583 2682 fieri
605 2622 741 2685 videbat.
776 2623 918 2685 Contulit
939 2642 973 2685 se
994 2621 1034 2685 ad
1050 2623 1117 2684 eius
1133 2623 1372 2704 competitores,
1394 2619 1451 2683 sed
1472 2620 1534 2693 ita,
1556 2625 1655 2681 totam

327 2718 363 2774 ut
390 2713 576 2794 petitionem
603 2716 672 2798 ipse
702 2717 790 2779 solus
812 2717 908 2780 etiam
935 2717 1042 2779 invitis
1064 2716 1128 2778 illis
1149 2715 1354 2799 gubernaret,
1383 2721 1450 2778 tota
1470 2719 1508 2776 ut
1528 2712 1656 2776 comitia

328 2806 411 2880 suis,
431 2814 469 2868 ut
490 2807 671 2885 dictitabat,
695 2811 811 2874 umeris
834 2810 1015 2874 sustineret.
1058 2809 1259 2872 Convoeabat
1279 2808 1394 2884 tribus,
1418 2827 1452 2872 se
1473 2808 1655 2890 interpone·

326 2899 398 2974 bat,
419 2900 574 2965 Collinam
587 2922 703 2966 novam
718 2905 834 2970 dilectu
849 2905 1133 2989 perditissimorum
1148 2904 1264 2968 civium
1278 2902 1505 2966 conscribebat.
1527 2900 1653 2976 Quanto

326 2993 381 3058 ille
413 2993 507 3077 plura
535 2997 703 3072 miscebat,
736 3006 824 3062 tanto
852 3000 904 3063 bic
932 2999 1031 3082 magis
1057 2999 1090 3061 in
1113 2998 1182 3062 dies
1205 2997 1453 3062 convalescebat.
1493 2993 1553 3058 Ubi
1573 2991 1690 3057 viditto

325 3089 422 3153 bomo
451 3089 490 3152 ad
518 3110 613 3153 omne
640 3091 762 3155 lacinus
790 3094 1006 3176 paratissimus
1027 3092 1233 3156 fortissimum
1254 3093 1371 3167 ubam,
1398 3088 1653 3172 inimicissimum
1795 3103 1818 3220 ί

327 3205 437 3260 suum,
467 3186 675 3248 certissimum
702 3187 880 3272 consplem,
913 3187 1011 3272 idque
1041 3186 1202 3251 intellexit
1227 3207 1291 3251 non
1317 3187 1421 3251 solum
1443 3181 1653 3257 sermonibus,
1803 3179 1814 3192 ⁶

326 3278 383 3342 sed
405 3279 501 3342 etiam
522 3280 680 3363 suffragiis
700 3282 810 3364 populi
831 3282 963 3346 Romani
985 3302 1081 3365 saepe
1104 3301 1173 3344 esse
1195 3283 1402 3356 declaratum,
1431 3277 1536 3363 palam
1557 3293 1652 3360 agere

326 3373 431 3453 coepit
452 3380 484 3436 et
504 3382 611 3456 aperte
633 3374 736 3438 dicere
758 3375 965 3439 occidendum
979 3375 1140 3441 Milonem.
1184 3373 1235 3440 26.
1254 3376 1367 3439 Servos
1382 3381 1520 3458 agrestes
1534 3376 1567 3436 et
1579 3370 1651 3434 bar-

323 3465 435 3541 baros,
457 3468 574 3550 quibus
596 3469 691 3532 silvas
711 3470 854 3553 publicas
877 3469 1088 3554 depopulatus
1110 3479 1177 3533 orat
1197 3469 1420 3552 Etruriamque
1442 3471 1588 3540 vexarat,
1609 3476 1688 3528 exto

324 3562 514 3645 Appennino
536 3562 725 3639 deduxerat,
749 3584 829 3647 quos
849 3564 1014 3628 videbatis.
1047 3564 1109 3628 Res
1124 3570 1190 3628 erat
1204 3564 1333 3628 minime
1349 3563 1492 3628 obscura.
1523 3558 1648 3624 Etenim

324 3655 427 3740 palam
448 3656 614 3719 dictitabat
634 3658 831 3722 consulatum
850 3659 963 3722 Miloni
983 3659 1063 3743 eripi
1083 3679 1149 3722 non
1163 3678 1271 3742 posse,
1294 3658 1390 3722 vitam
1404 3675 1509 3740 posse.
1545 3653 1649 3736 Signi-

323 3748 428 3814 ficavit
447 3751 509 3814 boc
529 3770 626 3834 saepo
647 3753 679 3814 in
702 3760 829 3827 senatu,
852 3752 933 3817 dixit
953 3755 987 3815 in
1009 3754 1168 3817 contione.
1210 3753 1295 3828 Quin
1318 3752 1413 3815 etiam
1434 3753 1476 3816 bl.
1497 3748 1648 3824 Favonio,

323 3844 494 3909 fortissimo
514 3846 599 3932 vir-o,
629 3847 793 3929 quaerenti
814 3866 855 3910 ex
877 3866 931 3924 eo,
961 3867 1025 3930 qua
1047 3867 1103 3931 spe
1125 3847 1245 3911 fureret
1265 3846 1385 3912 Milone
1407 3846 1496 3921 vivo,
1516 3861 1648 3926 rospon-
1765 3813 1787 3908 d

388 4144 413 4195 t.
431 4143 709 4194 dederas--mcaiena
724 4143 826 4195 babent
840 4146 890 4196 ΑΒ
908 4149 935 4196 ot
951 4145 1096 4196 Diomedes
1112 4157 1139 4210 p.
1158 4142 1214 4205 lot,
1234 4144 1275 4194 tt.
1297 4169 1324 4180 -
1341 4147 1524 4204 contempneres
1538 4139 1572 4199 T,
1589 4151 1647 4190 coes·

321 4221 415 4284 manis
424 4219 559 4270 Diomedis
576 4219 637 4270 cod.
648 4221 750 4271 Monac.
766 4247 792 4256 -
811 4221 915 4270 insidias
931 4218 1072 4270 Diomedae
1091 4219 1218 4281 putschii,
1237 4217 1286 4270 sed
1302 4217 1415 4268 insanias
1430 4215 1491 4268 cod.
1504 4216 1643 4267 bionna.-

321 4296 374 4346 taea
388 4295 447 4345 inde
461 4294 493 4345 ab
510 4294 675 4345 adalexeats'o
691 4295 711 4346 B
730 4323 758 4332 -
776 4296 829 4346 tom
845 4308 899 4347 om.
916 4294 1068 4346 Diomedes.
1089 4320 1116 4330 -
1138 4295 1249 4344 maiam
1266 4293 1285 4345 B
1305 4317 1332 4330 -
1352 4291 1549 4356 Quamobrem
1565 4291 1646 4342 baresi-

321 4376 376 4422 tato
390 4370 473 4421 babet
488 4371 508 4420 B
528 4397 555 4407 —
574 4369 598 4421 l.
616 4373 677 4434 sacti
693 4372 735 4436 est]
751 4373 817 4435 facte
832 4372 898 4422 etti]
918 4399 944 4408 -
963 4376 1051 4421 nostra
1066 4370 1201 4432 quicquam
1217 4369 1278 4420 TE:
1296 4370 1435 4431 quidquam
1449 4372 1537 4419 coebo
1553 4367 1595 4417 SO
1614 4391 1641 4404 -

321 4447 346 4498 6.
359 4451 382 4497 et
397 4447 421 4496 et
435 4445 491 4495 lectt
506 4444 638 4497 Halmius:
657 4451 681 4496 et
696 4447 765 4497 electi
780 4447 866 4507 TES;
884 4452 908 4497 et
922 4451 941 4511 †
958 4447 1027 4499 electi
1043 4447 1063 4498 0
1077 4474 1104 4484 -
1122 4447 1147 4496 i.
1165 4447 1250 4508 taque
1265 4445 1300 4503 E3
1317 4446 1359 4494 isti
1375 4445 1406 4503 ὃς
1424 4444 1480 4495 estis
1496 4441 1547 4494 olii.
1563 4468 1590 4480 -
1609 4447 1645 4495 est

321 4519 444 4572 Orellins:
468 4531 521 4570 om.
540 4520 631 4570 TESO
644 4548 672 4558 -
690 4521 715 4572 s.
732 4534 854 4584 quaeram
870 4522 940 4572 aliud
956 4522 988 4572 'lz
1007 4535 1126 4585 quaeram
1142 4521 1213 4571 atiud
1227 4521 1272 4571 s'ad
1288 4520 1323 4580 Ε;
1341 4520 1412 4571 atiud
1422 4533 1542 4584 qaoerm
1558 4519 1600 4570 So
1613 4545 1641 4560 ·-

320 4596 345 4645 9.
355 4595 494 4658 perspicere
506 4596 606 4656 possitis
620 4598 773 4659 aepreaentts
789 4597 810 4645 E
824 4623 851 4633 -
870 4599 910 4648 tt.
923 4600 949 4649 P.
962 4599 1107 4649 decimu
1117 4609 1211 4648 amore
1227 4608 1281 4647 rem
1294 4609 1321 4658 p.
1334 4596 1424 4646 bobert
1439 4597 1498 4648 aet
1513 4594 1643 4661 Sulpicius

321 4672 412 4721 Victor
427 4683 454 4736 p.
466 4670 516 4720 263
533 4670 576 4721 ed.
590 4672 673 4735 Capp.
688 4697 716 4707 -
734 4671 771 4735 Ρ,]
788 4671 886 4723 Publius
901 4675 922 4723 E
940 4699 967 4710 -
987 4675 1093 4725 omneB
1112 4699 1139 4710 -
1160 4673 1199 4723 42.
1217 4676 1328 4723 tracmto
1344 4673 1417 4722 TES
1435 4699 1463 4710 -
1483 4671 1523 4725 tl.
1537 4672 1644 4735 pmaea

320 4748 384 4798 TE:
402 4746 516 4796 Porclaca
532 4747 594 4797 0-
614 4745 655 4796 te.
671 4746 817 4809 praetem
832 4761 928 4798 anema
945 4749 964 4799 E
981 4747 1063 4800 solas.
1077 4775 1104 4784 -
1124 4748 1165 4798 ⁴9.
1184 4747 1485 4801 Ocmsmebat--dts'loee
1498 4747 1575 4800 offert
1586 4746 1641 4800 Sul·

318 4823 404 4886 ptcius
413 4821 504 4870 Victor
514 4833 541 4885 p.
551 4821 599 4871 377
611 4820 654 4871 ed.
666 4822 748 4886 capp.
756 4847 783 4858 -
797 4823 889 4873 aaa:
906 4828 930 4873 et
940 4821 1084 4887 sulpicium
1103 4823 1168 4873 esim
1179 4823 1210 4882 S;
1229 4835 1282 4872 om.
1295 4822 1315 4872 0
1328 4847 1355 4858 -
1366 4827 1516 4884 preclaram
1527 4822 1641 4885 marom

317 4911 390 4948 seam
405 4897 468 4947 TE:
489 4896 603 4959 Moram
615 4901 768 4958 praeturam
781 4910 855 4947 mmm
871 4897 1015 4962 Sulpicins;
1032 4902 1180 4961 praeturam
1195 4909 1267 4946 mom
1280 4896 1396 4961 Moram
1412 4896 1455 4947 SO
1468 4921 1496 4932 -
1514 4896 1556 4947 20.
1574 4897 1639 4962 eam]

318 4987 375 5025 osea
390 4973 411 5024 E
431 4998 458 5010 -
476 4972 518 5022 24.
536 4972 732 5033 coapets‘taresT
750 4996 777 5008 -
796 4971 838 5022 23.
855 4972 964 5022 breuem
979 4972 1072 5032 TE03
1091 4973 1124 5022 cl.
1142 4985 1169 5037 p.
1187 4972 1245 5034 372,
1264 4972 1287 5024 8.
1308 4999 1334 5009 —
1353 4970 1394 5023 ri.
1412 4971 1502 5023 dilecto
1517 4970 1580 5022 ΤΕ.
1599 4972 1640 5022 de·

318 5049 382 5099 lecte
397 5047 418 5098 Ο
436 5071 464 5082 -
482 5046 523 5096 29.
542 5046 632 5096 Servos
647 5052 802 5110 aprmtesn
813 5048 953 5098 dedrmeat
968 5047 1045 5097 atiert
1061 5045 1140 5098 lulius
1157 5048 1315 5099 Severianus
1333 5061 1360 5113 p.
1379 5047 1427 5099 333
1443 5046 1486 5098 ed.
1506 5045 1588 5112 Capp.
1607 5072 1635 5083 -

318 5123 358 5174 30.
375 5119 489 5173 sititasE
508 5148 536 5158 -
553 5121 734 5184 Etruriamque
751 5127 861 5173 ueamat
876 5135 930 5172 om.
948 5123 1116 5173 Severianus.
1137 5148 1164 5158 -
1183 5120 1224 5186 oc]
1241 5127 1264 5174 et
1280 5123 1300 5174 T
1318 5147 1346 5160 -
1365 5123 1406 5174 al.
1423 5121 1564 5186 appennino
1580 5119 1636 5170 TS:

317 5197 454 5260 appiaeieo
470 5195 506 5256 E3
530 5196 659 5259 Apennino
680 5198 700 5248 0
722 5222 749 5235 —
776 5197 817 5248 32.
835 5197 963 5247 dictitabat
981 5197 1107 5261 polcmE
1130 5197 1211 5249 solus.
1232 5225 1260 5236 -
1283 5200 1346 5263 espa
1365 5199 1452 5252 miloni
1467 5197 1488 5251 Ε
1505 5195 1586 5250 eolus.
1606 5220 1634 5233 -·

317 5272 358 5324 33.
375 5274 411 5325 lt.
428 5272 529 5324 manse
547 5273 825 5342 (desparatione.
843 5273 912 5324 Rae.
930 5286 957 5340 p.
974 5271 1048 5337 233);
1068 5285 1121 5324 om.
1140 5273 1250 5326 TESO.
1367 5325 1374 5338 ,
