4009 6159
716 553 794 618 Car.
812 552 953 616 lx-x.
979 549 1026 635 §S
1049 548 1195 616 ia-ai.
1531 546 1613 616 isio

294 725 423 810 quidem
445 723 536 787 dicis.
557 724 599 786 nt
615 721 726 786 Miloni
748 742 789 785 ne
810 721 915 786 lavere
931 722 1060 807 quidem
1083 723 1189 804 potui;
1210 720 1299 804 prius
1321 719 1407 783 enim
1427 739 1495 783 rem
1515 728 1617 784 nans·

295 821 359 903 egit
381 838 474 903 quam
497 817 664 901 quisquam
692 836 765 878 eum
793 815 947 880 iacturum
968 816 1001 878 id
1023 816 1245 899 suspicaretur.
1279 815 1322 877 At
1341 833 1400 896 eqo
1422 815 1518 878 suasi.
1550 816 1617 877 Sci·
1750 894 1773 902 ψ

295 912 369 975 licet
389 913 416 973 is
437 909 560 975 animus
583 917 651 972 erat
671 908 815 981 ldilonis,
845 918 880 972 ut
908 910 1058 994 prodesse
1080 909 1126 972 rei
1148 909 1293 992 publicae
1313 909 1382 972 sine
1404 928 1532 973 suasore
1553 930 1617 974 non
1730 914 1824 986 ill,

295 995 497 1090 possetint
516 1005 651 1068 laetatus
673 1024 753 1068 sum.
795 1003 881 1078 Quid
904 1005 1001 1085 ergo?
1030 1004 1064 1067 in
1086 1010 1170 1067 tauta
1192 1003 1312 1067 laetitia
1333 1011 1464 1066 cunctae
1486 1003 1617 1068 civitatis

296 1120 347 1163 me
369 1120 467 1162 unum
488 1099 608 1162 tristem
630 1116 699 1160 esse
722 1095 911 1178 oportebat?
954 1093 1006 1160 22.
1030 1098 1231 1181 Quamquam
1254 1097 1294 1160 de
1314 1104 1416 1160 morte
1439 1095 1540 1160 Clodii
1560 1095 1641 1160 fuito

298 1194 441 1277 quaestio
463 1226 504 1240 —
525 1212 592 1256 non
613 1193 688 1254 satis
709 1189 881 1274 prudenter
903 1191 958 1254 illa
979 1193 1110 1274 quidem
1130 1192 1314 1266 constituta3
1344 1191 1422 1275 quid
1443 1191 1527 1255 enim
1548 1191 1619 1254 atti-

298 1287 393 1350 nebat
413 1306 497 1350 nova
517 1285 587 1369 lege
610 1286 718 1368 quaeri
740 1283 780 1348 de
803 1305 859 1358 eo,
882 1285 937 1367 qui
958 1285 1121 1349 homiuem
1142 1284 1326 1358 occidisset,
1348 1305 1420 1348 cum
1439 1293 1522 1348 assei
1541 1285 1620 1368 legi-

296 1380 356 1446 bus
379 1381 524 1465 quaestio
549 1380 742 1443 constitutal
767 1378 942 1461 quaesitum
964 1386 1139 1442 esttamen
1153 1401 1214 1440 -ε
1236 1379 1322 1461 quod
1344 1379 1454 1461 igitur,
1476 1399 1547 1442 eum
1568 1397 1620 1440 res

297 1475 462 1558 agebatur,
484 1494 578 1538 nemo
602 1475 635 1535 in
657 1492 707 1536 me
724 1471 821 1546 dixit,
843 1471 876 1533 id
891 1479 939 1535 tot
953 1473 1045 1536 annis
1060 1480 1134 1554 posi
1146 1480 1182 1536 tu
1196 1491 1231 1536 ss
1245 1473 1392 1537 inventus
1406 1472 1462 1555 qui
1477 1471 1620 1536 diceres?

382 1565 434 1632 23.
458 1568 551 1643 Quod
573 1586 648 1630 vero
672 1565 775 1628 dicere
797 1584 891 1628 ausus
914 1585 948 1628 es
962 1566 1059 1649 idque
1073 1565 1180 1628 multis
1195 1567 1315 1641 verbis,
1338 1585 1434 1651 opera
1447 1584 1518 1629 mea
1531 1567 1658 1630 Pom-io

298 1662 404 1746 peium
427 1683 444 1725 a
468 1662 609 1725 Caesaris
631 1660 769 1723 amicitia
790 1677 859 1720 esse
882 1657 1058 1722 diiunctum
1082 1661 1122 1723 ob
1145 1680 1280 1743 eamque
1301 1679 1428 1724 causam
1445 1658 1538 1743 culpa
1551 1653 1623 1723 m‘ea

300 1757 418 1820 bellum
440 1755 531 1820 civile
554 1774 624 1818 esse
646 1759 772 1827 natum,
796 1752 827 1814 in
851 1769 889 1814 eo
912 1771 976 1814 non
1000 1759 1034 1816 tu
1050 1754 1177 1837 quidem
1198 1760 1266 1817 iota
1286 1774 1335 1828 re,
1357 1752 1428 1827 sed,
1450 1753 1535 1836 quod
1556 1773 1622 1817 ma·

299 1851 419 1915 simum
442 1857 508 1924 est,
531 1848 725 1930 temporibus
747 1846 867 1908 errasti.
911 1846 950 1908 X.
972 1846 1040 1930 Ego
1058 1849 1101 1911 il.
1115 1846 1239 1921 Bibulo,
1261 1848 1529 1930 praestantissimo
1543 1848 1621 1932 cire,
1729 1815 1761 1920 ί

301 1946 429 2009 consule
452 1942 530 2008 nibil
547 1939 759 2024 praetermisi,
782 1945 932 2023 quantum
947 1939 1052 2003 facere
1066 1941 1208 2024 enitique
1222 1942 1321 2024 potui,
1346 1942 1423 2025 quin
1437 1942 1622 2025 Pompeium

301 2061 320 2103 a
342 2040 483 2104 Caesaris
507 2035 728 2101 coniunctione
750 2053 924 2098 evocarem.
959 2034 997 2096 In
1013 2054 1075 2116 quo
1091 2035 1205 2100 Caesar
1217 2035 1342 2100 felicior
1354 2037 1431 2111 iuit3
1452 2037 1521 2120 ipse
1536 2037 1621 2100 enim
1631 2051 1660 2098 re

299 2135 483 2216 Pompeium
512 2151 531 2195 a
558 2149 629 2194 mea
652 2128 864 2192 familiaritate
892 2128 1039 2191 diiunxit.
1083 2129 1195 2192 Postea
1227 2150 1303 2192 vero
1332 2149 1427 2215 quam
1456 2151 1490 2194 se
1521 2137 1622 2194 totum

300 2229 467 2310 Pompeius
497 2224 624 2289 Caesari
652 2222 797 2297 tradidit,
829 2223 906 2305 quid
937 2242 996 2304 ego
1028 2223 1118 2287 illum
1146 2223 1184 2285 ab
1207 2243 1246 2288 eo
1268 2224 1442 2287 distrahere
1467 2229 1622 2288 conareri

302 2323 395 2386 Stulti
424 2327 490 2384 erat
522 2337 665 2401 sperare,
695 2315 828 2380 suadere
850 2316 1052 2398 impudentis.
1095 2313 1145 2379 ai.
1166 2319 1237 2380 Duo
1259 2324 1364 2382 tamen
1384 2326 1526 2402 tempora
1545 2319 1625 2382 inci-

302 2415 432 2488 derunt,
462 2414 577 2497 quibus
609 2411 728 2495 aliquid
757 2416 864 2474 contra
893 2411 1059 2476 Caesarem
1088 2412 1237 2494 Pompeio
1262 2413 1424 2476 suaserim.
1462 2414 1510 2477 Ea
1530 2413 1624 2478 velim

302 2506 532 2591 reprehendas,
563 2507 589 2570 si
611 2513 716 2589 potes:
745 2524 860 2580 unum,
887 2524 929 2567 ne
951 2504 1160 2589 quinquennii
1182 2504 1347 2588 imperium
1370 2505 1495 2570 Caesari
1515 2522 1661 2590 prore-so

302 2610 405 2683 garet,
428 2599 578 2676 alierum,
601 2619 642 2663 ne
664 2605 825 2681 pateretur
843 2597 918 2662 ferri
939 2607 975 2663 ut
995 2598 1134 2662 absentis
1156 2599 1224 2662 eius
1244 2600 1325 2663 ratio
1338 2598 1515 2662 baberetur.
1537 2599 1625 2674 Quo·

303 2715 372 2756 rum
404 2696 431 2758 si
460 2694 613 2758 utrumvis
636 2693 878 2776 persuasissem,
906 2692 1018 2756 iubas
1040 2693 1182 2756 miserias
1204 2712 1374 2777 numquam
1395 2692 1625 2758 incidissemus.

302 2789 405 2871 Atque
428 2786 512 2852 idem
536 2807 611 2870 ego,
638 2807 709 2850 eum
731 2788 793 2851 iam
816 2806 893 2870 opes
915 2807 1026 2851 omnes
1047 2795 1079 2851 et
1100 2795 1227 2880 suaset
1247 2786 1358 2871 populi
1379 2786 1512 2850 liomani
1534 2789 1626 2850 Pom-

303 2881 395 2963 peius
427 2880 467 2944 ad
503 2881 666 2945 Caesarem
697 2881 862 2944 detulisset
888 2902 1024 2965 seroque
1052 2901 1090 2944 ea
1118 2882 1236 2945 sentire
1258 2882 1430 2964 coepisset,
1462 2901 1545 2964 quae
1567 2901 1626 2963 ego

303 2974 403 3038 multo
437 2983 510 3039 aute
544 2975 758 3059 provideram,
792 2974 965 3058 inferrique
994 2975 1114 3058 patriae
1142 2975 1262 3038 bellum
1290 2975 1430 3038 riderem
1451 2975 1664 3053 nefarium,so

303 3069 406 3152 pacis,
437 3070 641 3144 concordiae,
671 3069 907 3151 compositionis
937 3077 1048 3133 auctor
1075 3089 1144 3134 esse
1172 3090 1236 3134 nou
1266 3068 1388 3142 destiti,
1416 3087 1551 3153 meaque
1571 3070 1628 3136 illa

303 3184 368 3227 vox
383 3173 430 3227 esi
451 3173 527 3227 nota
541 3162 665 3225 multis:
690 3163 848 3238 «Utinam,
871 3163 1016 3246 Pompei,
1039 3183 1110 3226 cum
1125 3164 1257 3227 Caesare
1271 3163 1454 3228 societatem
1467 3174 1523 3228 aut
1535 3185 1627 3228 num·

305 3277 400 3341 quam
421 3259 538 3321 coisses
560 3264 615 3320 aut
636 3275 805 3339 numquam
828 3255 1028 3320 diremissesl
1055 3255 1116 3320 luit
1135 3257 1270 3322 alterum
1291 3255 1468 3339 gravitatis,
1493 3259 1626 3324 alienum

371 3596 395 3646 i.
412 3595 497 3659 [abac
513 3592 548 3656 v,
567 3593 825 3656 maculavere
840 3592 858 3644 b
873 3621 900 3630 -—
916 3595 988 3657 potui
1003 3595 1108 3646 suadere
1118 3595 1154 3656 V,
1172 3593 1222 3646 sed
1237 3597 1309 3647 suad.
1322 3596 1388 3647 Μ
1403 3598 1559 3662 punctatum
1576 3601 1626 3651 esi.

307 3699 334 3709 -
354 3672 379 3722 i.
397 3685 453 3722 meu
469 3669 636 3720 mederetur
655 3683 709 3719 rem
729 3669 789 3733 [oct.
807 3682 857 3720 esse
874 3672 901 3729 t;
927 3670 1096 3732 suspicaretur
1116 3683 1173 3720 eum
1188 3669 1248 3733 [act.
1266 3684 1316 3722 eras
1331 3670 1362 3730 b;
1388 3685 1445 3724 eruo
1460 3675 1549 3737 auspic
1566 3675 1627 3738 loct.

306 3760 355 3798 sue
371 3760 400 3810 ες
418 3759 474 3796 sum
489 3757 556 3808 susp.
569 3757 626 3796 eam
636 3744 696 3808 fact.
709 3755 758 3794 erse
774 3756 789 3794 a
808 3771 835 3781 -
854 3743 879 3795 4.
891 3743 931 3807 Al]
942 3747 976 3796 ad
986 3745 1009 3794 v
1021 3769 1049 3780 -
1069 3743 1152 3808 Quid?
1169 3758 1229 3810 erpo
1239 3745 1331 3798 bamb.
1344 3747 1414 3810 (qaid
1423 3748 1501 3812 apo?
1517 3749 1599 3800 habet
1609 3751 1627 3811 t)

308 3849 335 3858 -
354 3823 379 3871 ii.
398 3833 447 3871 esse
463 3833 516 3870 om.
535 3821 545 3869 t
563 3845 589 3856 -
615 3820 644 3868 ds
663 3832 734 3871 more
749 3818 780 3868 ll.
808 3820 836 3869 ln
855 3819 916 3870 edd.
934 3819 1016 3870 verbe
1036 3821 1076 3872 sie
1092 3819 1213 3872 distincta
1229 3823 1309 3872 sunt:
1331 3823 1490 3886 Quoosquom
1506 3825 1536 3875 dc
1549 3829 1630 3875 morta

306 3898 333 3946 Ρ.
352 3896 430 3948 Clodii
445 3895 493 3958 suit
509 3895 621 3958 quaestio
637 3907 687 3944 uon
705 3895 767 3945 calb
785 3895 921 3958 prudenter
936 3895 981 3944 illu
997 3895 1096 3957 medem
1111 3895 1254 3946 ambula.
1281 3896 1346 3959 Quid
1361 3899 1474 3946 mers--
1484 3903 1520 3948 eat
1535 3903 1628 3951 mmm.

308 3973 379 4035 Quod
394 3972 533 4035 iptisrcet.
547 3997 573 4006 -
587 3969 699 4028 clodiv;
717 3971 743 4019 Ρ.
757 3969 836 4020 clodii
851 3969 933 4020 DO-
946 3968 1071 4032 8.quidb
1084 3995 1112 4006 -·
1125 3970 1150 4019 9.
1163 3971 1234 4019 idi:
1252 3975 1320 4030 ωας
1338 3975 1367 4021 ut
1382 3972 1406 4031 t;
1424 3985 1443 4022 a
1458 3986 1508 4037 g·
1523 3975 1562 4026 il.
1576 3975 1628 4025 dis-

307 4047 484 4097 iuuctumD-
504 4045 544 4096 ia.
557 4043 645 4094 Mum
661 4044 809 4094 ocibVD:
827 4043 1011 4094 dolebo—
1032 4045 1237 4109 laciosvbg:
1255 4045 1376 4104 civia0;
1393 4047 1499 4098 cuit-
1518 4047 1630 4099 iiius-

308 4124 375 4182 tique
391 4124 414 4181 ις
438 4120 558 4181 imitique
578 4132 632 4182 effi
654 4120 750 4182 obque
765 4119 797 4180 b,
820 4118 891 4182 quod
915 4117 997 4168 edidit
1014 4121 1155 4182 Graevius,
1178 4124 1208 4171 ut
1224 4124 1266 4173 est
1282 4120 1346 4173 Pbil.
1364 4121 1406 4184 IV,
1425 4122 1440 4186 5
1458 4123 1490 4174 io
1506 4130 1629 4186 qscotsm

280 4227 282 4232 .
308 4194 792 4258 wra..„uratquesfflccrepctero;
811 4193 1181 4258 atv.1)iv.inceeo.526
1197 4198 1225 4247 ln
1241 4211 1291 4261 queo
1306 4199 1368 4261 quid
1381 4199 1442 4249 eniti
1456 4205 1502 4250 out
1517 4202 1577 4264 quaid
1592 4203 1630 4266 e(-

307 4273 381 4334 ttcers
394 4271 486 4333 possim
502 4270 552 4320 cet.
572 4293 600 4304 -
619 4269 688 4334 quin]
706 4269 819 4331 quinties
835 4269 845 4317 t
862 4293 889 4304 -
918 4268 957 4316 lii.
975 4269 1168 4320 communie
1183 4272 1217 4333 v,
1237 4285 1306 4336 quae
1323 4274 1365 4323 ost
1379 4272 1489 4325 vitiasse
1506 4277 1533 4325 et
1549 4289 1629 4326 verse

309 4343 429 4396 lectionis
450 4344 614 4404 coniunctio,
641 4345 770 4408 utsupra
791 4357 817 4408 p.
838 4342 914 4401 4440,
931 4341 964 4392 43
979 4343 1091 4405 ipsura,
1117 4345 1183 4395 inira
1205 4359 1232 4411 p.
1251 4344 1330 4407 tibi,
1348 4347 1388 4397 lo.
1411 4348 1524 4412 troas
1546 4352 1573 4402 et
1592 4353 1632 4403 sic

309 4418 489 4486 compluribus
506 4417 562 4468 aliis
579 4416 653 4470 locis.
674 4445 701 4454 -
719 4418 815 4480 solidor
830 4417 879 4471 {rsit
893 4417 930 4466 V:
948 4417 997 4480 suit
1013 4419 1109 4480 sedam
1124 4421 1146 4470 D
1165 4446 1192 4456 -
1212 4421 1252 4471 46.
1270 4421 1392 4472 diem
1407 4422 1429 4472 D
1448 4449 1475 4459 -
1495 4424 1536 4475 i'l.
1555 4425 1588 4474 ab
1603 4440 1632 4476 eo

310 4507 365 4545 orn.
383 4507 398 4544 a
417 4519 443 4530 —
464 4494 504 4545 48.
522 4493 591 4544 stulti
607 4494 673 4543 euim
689 4498 774 4544 oola
795 4519 820 4531 -
840 4493 980 4556 inpudentia
996 4507 1013 4557 g
1031 4523 1058 4532 -
1077 4501 1191 4559 tmpore
1206 4503 1289 4549 lamas
1305 4512 1363 4548 a-
1378 4499 1420 4550 20.
1438 4499 1631 4562 ademto

312 4595 339 4604 —
358 4569 482 4630 inperium
498 4583 513 4618 a
532 4591 559 4602 -
579 4572 700 4631 properet
722 4566 753 4625 b;
777 4573 951 4630 propuqrruret
972 4570 995 4628 t;
1019 4583 1186 4635 proropoeerrr
1201 4584 1230 4632 a;
1253 4578 1437 4637 pmoporsisr
1451 4573 1494 4624 ed.
1512 4575 1580 4625 luni.
1597 4601 1632 4612 -

309 4642 431 4705 sideri
446 4642 481 4692 V:
506 4643 562 4706 flori
583 4645 652 4693 D-
677 4645 758 4693 οναιίο
775 4644 795 4694 0
813 4656 905 4694 errore
922 4656 1075 4710 operarum.
1094 4671 1121 4682 -
1148 4645 1190 4696 ai.
1208 4660 1253 4710 epo
1276 4658 1329 4696 om.
1346 4659 1363 4696 a
1380 4671 1408 4684 -
1426 4661 1484 4710 oper
1499 4651 1579 4700 muru
1593 4650 1630 4709 Vi

310 4730 393 4768 mona
408 4729 464 4779 oper
480 4718 546 4768 1)-
563 4725 586 4770 er
603 4721 664 4770 unte
681 4732 741 4770 suas
757 4731 883 4770 om.a-
899 4720 1150 4779 2i.caeesniirev3
1167 4723 1433 4773 ωὼιιωηιᾰνοι-
1450 4725 1632 4788 copinasvag

311 4819 340 4830 -
358 4805 403 4856 epo
418 4804 472 4844 om.
491 4808 506 4845 a
523 4820 551 4830 -
570 4796 612 4846 25.
631 4800 689 4846 suis
704 4793 782 4844 mulio
798 4807 839 4858 ag
855 4823 889 4834 -
902 4798 1079 4860 praevideram
1095 4796 1174 4848 codd.
1186 4796 1287 4862 aliquot
1302 4798 1382 4858 dett.;
1400 4800 1428 4849 at
1442 4811 1468 4848 ν.
1481 4787 1513 4863 §B
1530 4799 1571 4850 37.
1589 4799 1631 4850 83.

311 4866 429 4918 invem.
447 4867 561 4932 mii
579 4871 677 4921 cet-
697 4869 996 4934 Maeonesoeiuosl':
1022 4872 1264 4936 nes.oidsml)0
1283 4900 1310 4909 -
1332 4872 1375 4922 ²6.
1393 4875 1633 4924 metormsedsoo

311 4941 403 4992 bstuli
419 4943 442 4993 v
459 4969 487 4979 -
505 4957 556 4996 uon
572 4946 660 4996 omi)
680 4969 707 4981 -
725 4949 860 5006 odoreque
875 4945 935 4995 b-
953 4947 995 4997 i'l.
1016 4946 1310 4997 oseam-airastus
1319 4945 1554 5006 adertfriscianus
1565 4947 1630 5008 vul,

311 5017 434 5080 iasii.
453 5019 617 5084 et8‚5ii.
637 5045 664 5056 -
683 5021 1026 5082 Pouspelcarncsesurev:
1045 5021 1634 5086 carompetpompoaaalmocamro

312 5091 363 5142 ΒΟ
381 5094 408 5142 ei
419 5094 499 5146 Prisc.
513 5121 541 5132 —-
560 5095 601 5146 48.
614 5096 782 5148 contumaees
793 5098 873 5148 Prisc.
885 5097 954 5158 vill,
966 5098 990 5158 8,
1010 5095 1078 5160 544.
1095 5124 1121 5134 -
1139 5098 1273 5162 pendeas
1289 5098 1397 5148 dioran
1407 5109 1461 5148 om.
1473 5097 1514 5148 Vt
1532 5097 1633 5146 Vereor

312 5168 342 5216 ut
358 5167 497 5232 particula,
519 5183 589 5234 quae
606 5171 632 5221 in
650 5169 709 5222 eod.
727 5172 873 5238 archetypo
891 5171 1035 5234 intercidit,
1056 5173 1130 5224 recte
1149 5173 1176 5223 in
1192 5172 1258 5225 deb.
1275 5170 1398 5238 suppleta
1413 5173 1461 5234 sit;
1484 5168 1543 5220 lcoo
1560 5169 1632 5220 enim

312 5243 447 5304 assumtis
463 5242 539 5298 malis
552 5245 654 5309 pamas
669 5245 711 5300 vel
728 5248 822 5299 amois
836 5248 864 5298 ia
879 5261 933 5299 rsus
946 5260 973 5309 p.
