4009 6159
645 628 719 695 on».
741 628 1032 695 nxvr-nxvm.
1060 626 1107 713 §s
1129 624 1319 692 rar-us.
1581 616 1636 684 ssa

322 805 476 864 taverunt
508 800 551 864 At
576 819 651 863 vero
675 800 730 883 qui
752 799 864 863 horum
885 802 1022 882 impetus
1044 806 1076 861 et
1096 804 1227 861 conatus
1248 801 1481 880 represserunt,
1510 794 1565 879 qui
1587 814 1644 857 au-

322 894 474 969 ctoritate,
497 895 553 978 qui
573 894 646 969 lide,
668 896 724 978 qui
746 895 931 968 constantia,
954 892 1010 976 qui
1032 891 1246 975 magnitudine
1268 892 1364 955 animi
1387 889 1529 955 consiliis
1546 888 1644 952 anda·

323 988 406 1052 cium
428 988 627 1064 restiterunt,
655 989 688 1051 hi
711 984 838 1071 graves,
871 988 904 1049 hi
926 986 1104 1070 principes,
1132 986 1165 1048 hi
1189 984 1301 1061 duces,
1330 986 1364 1048 hi
1385 990 1527 1047 auctores
1549 982 1644 1044 huius

323 1081 484 1165 dignitatis
506 1089 602 1166 atque
625 1083 749 1165 imperii
772 1101 896 1164 semper
915 1079 1013 1144 hahiti
1035 1086 1117 1143 sunt
1160 1080 1285 1142 LXVII.
1308 1075 1379 1142 440.
1402 1080 1447 1140 Ac
1460 1096 1501 1139 ne
1516 1076 1644 1159 quises

321 1182 431 1238 nostro
453 1182 509 1237 aut
529 1176 707 1261 aliquorum
729 1184 892 1260 praeterea
914 1195 988 1238 casu
1009 1173 1093 1237 hanc
1114 1175 1196 1236 vitae
1217 1172 1300 1235 viam
1321 1172 1539 1256 pertimescet,
1559 1186 1666 1231 unuss

322 1272 355 1333 in
376 1268 436 1331 hac
457 1269 598 1346 civitate,
628 1290 723 1354 quem
752 1270 881 1353 quidem
910 1289 968 1353 ego
998 1288 1129 1351 possum
1151 1266 1274 1342 dicere,
1296 1265 1456 1349 praeclare
1478 1265 1525 1328 vir
1545 1263 1587 1326 de
1608 1282 1644 1325 re

321 1362 448 1445 publica
469 1364 617 1439 meritus,
639 1365 674 1426 L.
697 1364 859 1448 Opimius,
882 1362 1099 1445 indignissime
1120 1360 1275 1426 concidit:
1297 1361 1387 1424 coins
1401 1363 1643 1423 monumentum

322 1457 559 1521 celeberrimum
587 1460 621 1521 in
649 1457 737 1533 loro,
756 1448 964 1543 'sepulchrum
994 1455 1242 1519 desertissimum
1271 1455 1304 1518 in
1332 1454 1425 1519 litore
1446 1451 1643 1537 Dyrrachino

321 1552 466 1615 relictum
496 1558 553 1614 est.
597 1555 700 1637 Atque
728 1554 813 1616 hunc
842 1561 945 1616 tamen
975 1552 1157 1635 flagrantem
1184 1549 1303 1613 invidia
1331 1556 1461 1632 propter
1481 1546 1643 1609 interitum

323 1646 356 1709 C.
379 1645 511 1710 Gracchi
533 1666 658 1729 semper
679 1649 747 1730 ipse
769 1647 906 1731 populus
927 1649 1086 1708 Romanus
1107 1643 1249 1727 periculo
1272 1644 1430 1707 liberavit:
1460 1642 1522 1706 alia
1545 1657 1680 1725 quae-ro

322 1740 394 1803 dam
422 1740 522 1804 civem
550 1741 710 1823 egregium
740 1742 845 1825 iniqui
872 1741 982 1804 iudicii
1009 1737 1146 1823 procella
1175 1737 1334 1820 pervertit
1370 1737 1472 1802 Ceteri
1491 1756 1566 1801 rero
1588 1739 1644 1797 ant

320 1834 486 1917 repentina
507 1835 539 1898 vi
568 1835 705 1918 perculsi
727 1856 763 1898 ac
784 1842 969 1919 tempestate
991 1831 1137 1917 populari
1158 1850 1216 1914 per
1236 1832 1389 1915 populum
1412 1841 1516 1896 tamen
1536 1830 1643 1913 ipsum

320 1928 453 1993 recreati
484 1938 557 1993 sont
582 1935 678 2012 atque
704 1930 858 2005 revocati,
891 1935 945 1992 aut
965 1926 1095 1990 omnino
1116 1924 1305 1988 invulnerati
1328 1925 1535 2009 inviolatique
1555 1923 1644 1987 vixe-

320 2030 404 2087 runt.
437 2025 477 2086 At
497 2044 572 2087 vero
594 2022 633 2097 ii,
657 2024 712 2106 qui
733 2031 859 2086 senatus
882 2022 1068 2095 consilium,
1091 2020 1147 2103 qni
1168 2020 1385 2084 anctoritatem
1399 2020 1565 2092 honorum,
1586 2016 1642 2100 qni

320 2116 463 2181 instituta
494 2118 648 2181 maiorum
680 2118 890 2201 neglexerunt
922 2125 954 2180 et
981 2116 1146 2198 Imperitae
1178 2122 1233 2177 aut
1254 2114 1427 2178 concitatae
1449 2111 1643 2176 multitudini
1653 2124 1681 2174 aa

320 2212 450 2275 iucundi
480 2231 551 2275 esse
579 2212 763 2287 voluerunt,
797 2232 906 2276 omnes
933 2211 1000 2274 iere
1028 2209 1075 2272 rei
1101 2208 1249 2291 publicae
1269 2228 1389 2292 poenas
1410 2215 1466 2273 aut
1486 2204 1643 2291 praesenti

320 2312 422 2368 morte
450 2312 505 2369 aut
533 2306 615 2391 turpi
644 2307 757 2371 exsilio
785 2308 1012 2390 dependerunt
1056 2298 1128 2364 lli.
1152 2301 1293 2378 Quod
1268 2323 1295 2365 ει
1317 2303 1402 2385 apud
1422 2304 1643 2375 Athenienses,

319 2398 466 2463 homines
489 2402 642 2475 Graecos,
670 2401 764 2485 longo
786 2422 804 2464 a
826 2409 1002 2465 nostrornm
1024 2397 1188 2462 hominnm
1209 2398 1360 2479 gravitate
1382 2397 1556 2473 diiunctos,
1577 2414 1642 2458 non

320 2494 465 2570 deerant,
488 2496 543 2603 qni
565 2516 630 2559 rem
652 2495 810 2581 publicam
833 2502 943 2559 contra
963 2492 1075 2576 populi
1098 2490 1305 2554 temeritatem
1325 2490 1548 2566 defenderent,
1570 2510 1643 2554 curn

321 2609 446 2665 omnes,
474 2590 529 2674 qui
558 2591 602 2653 ita
623 2590 779 2666 fecerant,
810 2610 827 2653 e
850 2591 975 2654 civitate
997 2589 1202 2651 elicerentur:
1229 2586 1256 2649 si
1278 2586 1521 2649 Themistoclem
1542 2586 1680 2660 illum,¹o

321 2691 573 2747 conservatorem
601 2687 737 2767 patriae,
755 2668 830 2753 dion
853 2684 1006 2747 deterruit
1028 2703 1048 2746 a
1068 2704 1102 2745 re
1124 2681 1249 2766 publica
1271 2680 1471 2745 defendenda
1491 2699 1551 2743 nec
1572 2680 1644 2743 hIil-

319 2776 397 2840 tiadi
411 2758 588 2865 calamitas)
598 2780 651 2861 qui
667 2778 753 2841 illam
769 2779 924 2842 civitatem
938 2778 1033 2863 paulo
1049 2784 1121 2841 ante
1135 2768 1402 2859 servaratdneque
1414 2773 1544 2838 Aristidi
1558 2767 1651 2856 fuga)

322 2872 377 2955 qui
398 2890 482 2933 unus
504 2873 642 2935 omnium
665 2872 857 2936 iustissimus
878 2872 976 2935 luisse
997 2870 1146 2934 traditur:
1173 2871 1201 2933 si
1229 2876 1339 2953 postea
1366 2870 1480 2932 summi
1501 2868 1643 2932 eiusdem

320 2964 454 3028 civitatis
477 2964 552 3039 viri,
584 2985 665 3050 qnos
688 2956 875 3030 nominatim
897 2968 1051 3052 appellari
1073 2986 1138 3029 non
1160 2971 1208 3029 esi
1228 2985 1373 3040 neccsse,
1402 2962 1574 3049 propositis
1595 2970 1644 3027 tot

321 3059 475 3143 exemplis
504 3059 686 3123 iracundiae
714 3060 917 3145 levitatisque
949 3062 1111 3146 popularis
1138 3068 1244 3123 tamen
1272 3080 1360 3123 snam
1388 3079 1455 3121 rem
1483 3056 1680 3167 puhlicamat

320 3155 407 3217 illam
430 3153 654 3218 defenderunt:
678 3157 754 3238 quid
776 3175 835 3218 nos
857 3155 984 3219 modern
1005 3155 1109 3219 iacere
1130 3155 1297 3229 dehemus,
1326 3154 1465 3264 primum
1484 3151 1519 3213 in
1540 3170 1578 3214 ea
1600 3153 1643 3214 ci·

321 3248 416 3311 vitate
437 3248 503 3311 nati
512 3246 626 3335 (nanda
648 3257 717 3312 orta
738 3248 815 3311 mihi
837 3250 971 3331 gravitas
994 3257 1027 3313 et
1048 3249 1230 3333 magnitudo
1252 3250 1348 3312 animi
1340 3239 1513 3336 videtur)
1526 3247 1618 3310 tum
1608 3266 1643 3308 ru

320 3348 407 3404 muta
428 3341 527 3423 gloria
548 3344 746 3418 insistentes,
768 3350 803 3406 ut
825 3345 930 3407 omnia
950 3345 1088 3407 humana
1107 3345 1225 3408 leviora
1238 3344 1338 3407 videri
1352 3343 1504 3417 debeant,
1527 3340 1643 3404 deinde

321 3433 361 3498 ad
390 3455 459 3499 eam
487 3456 553 3501 rem
581 3438 738 3521 publicam
766 3438 915 3502 tuendam
944 3438 1099 3521 aggressi,
1129 3458 1211 3523 quae
1233 3444 1321 3501 tanta
1343 3437 1495 3520 dignitate
1518 3440 1578 3510 est,
1607 3441 1643 3497 ut

321 3548 391 3593 eam
418 3528 640 3595 defendentem
668 3534 813 3596 occidere
843 3532 952 3613 †non
980 3531 1066 3595 aliud
1094 3535 1135 3596 sit
1163 3553 1257 3615 quam
1280 3537 1515 3616 oppugnantem
1535 3545 1680 3593 rcromso

320 3624 442 3707 potiri?
484 3626 623 3690 LXVIII.
647 3623 717 3691 lla.
739 3628 890 3690 Homines
912 3627 1042 3702 Graeci,
1072 3647 1152 3712 quos
1174 3634 1267 3691 antea
1287 3626 1466 3702 nominavi,
1491 3625 1602 3709 inique
1624 3644 1644 3688 a

385 3994 409 4043 4.
427 3992 525 4056 imam
540 3993 560 4042 P
578 4018 606 4029 -
631 3992 656 4042 2.
674 3993 807 4043 accolam
821 3994 981 4044 restituerunt
1003 3992 1059 4057 (litt.
1076 4007 1095 4042 a
1111 3996 1172 4044 ante
1189 4006 1203 4044 e
1219 3992 1358 4058 expuncta)
1375 3995 1395 4043 P
1413 4018 1440 4029 -
1462 3992 1487 4044 3.
1505 3992 1531 4042 ti
1547 3995 1645 4056 qnater

320 4071 383 4121 PG:
402 4069 422 4118 ii
438 4070 458 4119 0
477 4096 504 4104 —
523 4068 595 4119 huius
610 4068 739 4133 diguitatis
754 4071 817 4119 PG:
836 4069 908 4119 huius
924 4070 1019 4120 ordinis
1035 4075 1058 4119 ct
1074 4069 1202 4133 dignitatis
1218 4070 1277 4128 6ος
1296 4068 1369 4119 hoico
1384 4067 1491 4119 clamis
1507 4070 1575 4120 conl.
1589 4070 1643 4120 Gu-

319 4143 421 4207 lielmii,
446 4158 527 4209 qnam
548 4146 645 4195 acriter
666 4143 784 4196 defendit
803 4145 969 4211 Wesenberg
991 4160 1052 4210 pag.
1070 4146 1102 4196 59
1118 4158 1159 4209 sq.
1189 4146 1222 4195 At
1242 4144 1310 4195 conl.
1334 4142 1428 4209 lragm.
1452 4146 1505 4196 Cic.
1525 4146 1559 4196 de
1579 4158 1643 4196 aere
1711 4183 1713 4188 .

320 4218 405 4271 alieno
421 4217 474 4272 llil.
493 4218 588 4282 (Schol.
606 4221 638 4279 ll,
655 4232 716 4284 pag.
735 4219 806 4284 aial:
824 4221 951 4270 eimardus
967 4225 1002 4271 ast
1018 4234 1051 4270 ac
1066 4220 1127 4269 urhe
1143 4219 1215 4280 64644,
1233 4224 1361 4269 auctorat
1377 4224 1458 4270 mistos
1478 4219 1574 4282 achaic,
1589 4220 1642 4282 otii,

320 4294 460 4358 4494446444,
480 4294 547 4358 lida.
564 4322 598 4332 -
622 4294 647 4346 l.
665 4295 764 4359 imperii
785 4296 926 4359 sempiterni
941 4309 1037 4358 semper
1055 4297 1075 4345 G
1093 4322 1119 4331 -
1147 4294 1208 4344 odili
1223 4289 1253 4346 P¹
1271 4321 1299 4333 -
1318 4295 1343 4345 6.
1361 4294 1389 4344 io
1404 4308 1435 4344 cc
1451 4292 1480 4346 P¹
1498 4321 1525 4331 -
1542 4307 1644 4358 pomer

320 4371 384 4420 PG:
397 4368 492 4433 possim
507 4368 591 4429 th,
610 4369 681 4434 quod
699 4372 788 4421 tuetur
804 4370 948 4434 Madvigius
965 4385 991 4437 p.
1010 4369 1072 4431 com
1092 4372 1118 4419 at
1134 4383 1159 4419 v.
1174 4369 1284 4420 Bakinm
1301 4383 1327 4435 p.
1341 4368 1389 4421 434
1406 4382 1448 4434 sq.
1463 4396 1490 4406 -
1509 4370 1539 4420 dc
1555 4371 1644 4421 omli

319 4473 353 4483 -
369 4446 393 4495 l.
411 4445 588 4510 lodipoismmc
603 4444 633 4496 P²
645 4473 672 4482 -
690 4445 715 4496 8.
733 4445 927 4496 cmcorcmom
941 4447 969 4495 io
983 4446 1062 4508 piore
1078 4448 1098 4496 P
1111 4472 1138 4480 -
1157 4445 1354 4495 damtisuanmn
1365 4440 1396 4495 0¹
1408 4469 1437 4482 -
1455 4445 1537 4495 liltore
1552 4445 1602 4496 GO
1613 4471 1640 4482 -

320 4521 478 4584 Dyrrachino
493 4522 556 4572 PG:
579 4520 754 4582 Dyrrhaciioo
770 4521 790 4571 0
809 4548 836 4558 -
860 4522 884 4571 9.
902 4521 933 4572 Al
951 4522 1016 4571 hooc
1033 4523 1054 4571 G
1071 4547 1100 4557 -
1124 4522 1309 4585 flamoniamP
1327 4520 1441 4571 cornio
1456 4521 1593 4585 nomam.
1613 4546 1640 4557 -

320 4596 361 4647 40.
379 4596 539 4658 eliqucedom
555 4593 596 4655 1³¹3
624 4596 693 4647 conl.
712 4608 769 4645 var.
787 4595 848 4647 lect.
866 4596 900 4646 ad
917 4596 932 4661 5
949 4596 989 4647 63.
1012 4623 1035 4634 -
1062 4598 1102 4647 44.
1117 4596 1277 4659 pemertitP
1297 4623 1324 4633 -
1348 4596 1389 4646 43.
1407 4594 1560 4644 lnociocrcti
1575 4596 1594 4645 P
1612 4619 1640 4629 -

319 4672 361 4721 46.
378 4671 537 4721 occimense
553 4672 573 4721 P
591 4696 617 4707 -
645 4671 686 4721 47.
704 4670 779 4721 scilic
796 4673 815 4722 P
832 4698 860 4707 -
888 4672 953 4736 qood
973 4676 1035 4735 aput
1056 4673 1206 4722 edecimes
1226 4671 1334 4721 hommes
1357 4682 1461 4735 praecor
1476 4668 1593 4720 habetA
1613 4696 1640 4705 -

320 4745 468 4797 6444ιί46344
483 4744 555 4806 P²G;
574 4746 699 4797 6446644443
714 4744 782 4798 1³¹-
801 4746 840 4797 48.
854 4748 976 4797 diiunctos
987 4749 1020 4797 P:
1038 4747 1171 4797 disiunctos
1181 4746 1231 4797 GO
1244 4774 1271 4784 -
1289 4747 1331 4796 24.
1344 4745 1453 4797 lliltiodi
1463 4746 1485 4795 A
1497 4745 1550 4809 [qni
1561 4744 1643 4796 habet

319 4834 364 4872 nec
379 4822 444 4872 44444.
462 4821 510 4871 cal.
528 4823 556 4871 el
572 4820 668 4872 deinde
684 4834 763 4883 nsque
776 4822 878 4873 Aristidi
893 4824 977 4889 sapei:
994 4823 1118 4873 milciadis
1134 4824 1163 4883 P,
1180 4820 1302 4872 Miltiadis
1317 4822 1366 4872 G0
1380 4846 1407 4857 -
1426 4820 1467 4870 22.
1484 4824 1599 4870 moret
1613 4822 1642 4871 P¹

320 4909 389 4947 corr.
409 4896 419 4946 4
440 4907 478 4947 m.
498 4924 526 4934 -
544 4910 622 4960 osque
636 4897 739 4948 Aristidi
755 4901 789 4948 A:
808 4911 853 4948 occ
867 4898 982 4949 Aristidis
996 4898 1074 4949 PGO
1088 4924 1114 4933 -
1133 4898 1174 4946 26.
1192 4897 1339 4946 amandos
1354 4900 1378 4946 ct
1394 4897 1426 4959 (at
1441 4895 1611 4959 expunctum)
1623 4895 1643 4944 P

321 4998 349 5007 -
362 4971 405 5021 26.
422 4970 459 5021 illi
475 4970 567 5022 maluit
583 4972 666 5031 Bake;
685 4973 712 5022 at
727 4986 753 5021 v.
766 4972 855 5024 adnot.
868 4986 957 5023 meam
974 4974 1001 5024 in
1018 4972 1061 5023 ed.
1074 4973 1176 5036 Lips-
1195 4972 1284 5035 quinos
1299 4970 1328 5021 G¹
1342 4997 1369 5007 -
1387 4970 1429 5021 28.
1447 4971 1560 5020 insistam
1572 4966 1639 5019 (³¹-

319 5046 361 5097 29.
380 5046 491 5111 morcui
506 5050 526 5099 P
543 5072 570 5083 -
594 5046 635 5097 36.
654 5045 791 5103 caddoni
801 5052 810 5099 l
821 5048 891 5098 aliud
906 5052 933 5100 P.
959 5051 1011 5101 Pro
1031 5062 1082 5099 ooo
1098 5049 1168 5099 aliod
1184 5046 1227 5099 alli
1243 5046 1314 5098 aliud
1330 5046 1456 5111 suspicati
1472 5046 1546 5105 sunt,
1568 5041 1642 5094 Mad·

320 5123 406 5185 vigins
421 5122 512 5185 maior,
525 5123 554 5173 C
568 5124 594 5173 F.
608 5122 898 5185 Hermannusoobitias,
917 5122 994 5175 Orelli
1012 5126 1098 5189 satius,
1116 5122 1403 5185 BakcetWesenherg
1418 5121 1518 5182 maior,
1535 5117 1641 5170 Dohrce

321 5200 349 5248 et
365 5196 478 5247 Schuetz
494 5162 638 5261 dptoddioa
657 5198 803 5261 Scyllertus
818 5199 949 5259 hamarim,
967 5197 1085 5263 Koechly
1100 5212 1190 5249 amuco
1204 5199 1300 5259 maias,
1319 5198 1374 5263 ipsc
1389 5196 1497 5259 amplior
1506 5191 1548 5243 vel
1565 5192 1643 5243 molto

321 5272 429 5333 mplius
444 5270 502 5323 coll
521 5272 609 5338 5462.
628 5270 705 5323 dlv.
698 5287 724 5323 ιιι
737 5274 815 5325 Caec
835 5272 850 5337 ε
867 5273 909 5323 66
927 5273 961 5324 ad
978 5275 1055 5326 Attio.
1070 5274 1137 5337 vill,
1156 5274 1197 5337 44,
1216 5274 1240 5324 4.
1265 5274 1341 5324 Auci.
1360 5270 1394 5322 ad
1410 5272 1472 5322 ller.
1484 5268 1527 5329 Ν,
1545 5266 1586 5330 23,
1599 5267 1640 5319 32.

321 5348 383 5401 Tac.
400 5345 466 5399 Dlnl.
484 5344 518 5399 de
534 5348 605 5400 Orat.
623 5349 694 5403 5.-
713 5347 754 5399 34.
772 5350 902 5399 ominari
917 5349 975 5413 iqoc
990 5346 1027 5401 1³¹.

1799 1340 1812 1372 l
