4009 6159
745 562 822 629 cn.
842 564 974 633 rv-v.
999 564 1046 651 44
1068 562 1192 633 4-44.
1548 564 1630 637 4444

310 734 386 798 belli
407 733 547 817 periculo
568 734 730 809 liberarit,
752 740 819 799 tum
840 753 891 798 me
912 735 981 800 eius
1002 732 1157 801 beneficio
1178 738 1248 821 plns
1264 757 1359 823 qnam
1373 758 1430 824 pro
1444 740 1527 805 virili
1541 734 1630 825 parte

311 827 483 910 obligatum
503 834 590 911 puto.
625 826 736 911 ltaque
763 836 795 891 et
820 828 957 893 honores
986 830 1016 892 ei
1046 830 1170 896 decrevi
1192 851 1274 915 quos
1295 834 1384 916 potui
1406 834 1629 917 amplissimos,

306 920 344 984 in
364 920 481 1005 quibus
502 920 581 985 mibi
601 940 658 985 ros
680 922 756 986 ostis
778 922 915 997 assensi,
936 942 997 986 nec
1018 914 1168 1009 umqiram
1190 926 1230 989 de
1251 926 1308 989 illo
1324 932 1356 990 et
1370 944 1497 1009 sperare
1512 930 1630 1011 optime

310 1020 343 1079 et
369 1014 458 1100 loqui
485 1014 602 1079 destiti.
645 1015 767 1097 Magnis
795 1022 827 1079 44
857 1016 964 1079 multis
985 1017 1172 1101 pignoribus
1193 1020 1235 1082 Μ.
1257 1019 1410 1103 Lepidum
1431 1040 1481 1085 res
1504 1022 1630 1104 publica

309 1108 464 1191 illigatum
484 1116 581 1172 tenet.
601 1094 747 1190 (Summa
767 1109 915 1173 nobilitas
937 1118 1001 1187 est,
1025 1130 1134 1175 omnes
1154 1112 1309 1188 honores,
1332 1112 1559 1196 amplissimum
1580 1128 1656 1178 44-44
1716 1131 1797 1225 ὦ,

311 1202 521 1278 cordolium.)
532 1202 774 1284 Plurimalurbls
796 1196 1122 1287 ornamentdlipsius,
1151 1205 1255 1270 fratris
1278 1200 1630 1290 maiorumquc(monu-

309 1399 377 1453 tum
399 1395 485 1453 casta
505 1408 524 1451 a
545 1408 657 1452 cruore
678 1390 773 1452 civili.
814 1392 913 1453 Nemo
934 1392 973 1454 eb
996 1411 1034 1455 eo
1057 1393 1136 1455 civis
1157 1394 1310 1468 violatus,
1332 1394 1423 1456 multi
1445 1393 1513 1456 eius
1533 1393 1630 1457 bene·

308 1485 381 1548 flcio
405 1491 437 1547 et
458 1482 674 1546 misericordia
695 1484 837 1547 liberatis
871 1485 956 1547 Talis
977 1487 1076 1568 igitur
1097 1488 1144 1549 vir
1165 1495 1196 1549 et
1218 1488 1295 1551 ciris
1317 1487 1468 1570 opinione
1489 1488 1552 1551 labi
1573 1507 1630 1571 po-

309 1585 386 1651 test,
408 1577 571 1640 voluntate
593 1596 612 1639 a
633 1597 667 1639 re
688 1578 815 1660 publica
837 1578 990 1642 dissidere
1012 1581 1100 1643 nullo
1122 1588 1213 1661 pacto
1236 1587 1350 1663 potest.
1393 1577 1422 1642 9.
1438 1583 1548 1644 Pacem
1563 1582 1631 1646 vult
1640 1602 1667 1648 44

310 1673 351 1736 Μ.
373 1670 521 1754 Lepidus.
557 1670 737 1746 Praeclare,
768 1673 794 1734 si
816 1670 911 1735 talem
931 1680 1037 1756 potest
1059 1672 1204 1749 cilicem,
1234 1674 1359 1756 qualern
1388 1694 1491 1758 nuper
1510 1676 1629 1739 effecit:

310 1784 373 1851 qua
399 1782 477 1849 pace
501 1764 557 1828 Cn.
579 1766 710 1848 Pompei
737 1765 837 1830 lilium
857 1785 910 1830 res
931 1767 1058 1850 publica
1078 1767 1233 1850 adspiciet
1254 1785 1376 1850 suoque
1399 1768 1472 1831 sinu
1493 1770 1630 1851 comple-

310 1881 417 1946 xuque
439 1860 586 1944 recipiet,
607 1878 712 1943 neque
733 1861 836 1923 solum
857 1862 965 1935 illum,
993 1862 1049 1924 sed
1073 1880 1143 1925 cum
1164 1859 1220 1923 illo
1243 1878 1276 1922 se
1298 1860 1401 1943 ipsam
1422 1862 1484 1925 sibi
1504 1864 1630 1925 restitu-

310 1963 373 2018 tam
401 1953 531 2039 putabit.
572 1954 657 2042 llaec
685 1974 781 2017 censs
808 1954 868 2017 init
896 1974 952 2017 cur
977 1954 1187 2018 decerneretis
1216 1961 1351 2017 statuam
1372 1954 1405 2016 in
1426 1957 1536 2019 rostris
1559 1977 1629 2021 cum

309 2047 516 2128 inscriptione
538 2047 714 2129 praeclara,
736 2068 793 2111 cur
811 2049 934 2111 absenti
949 2048 1153 2131 triumphum.
1190 2046 1388 2131 Quamquam
1403 2049 1487 2112 enirn
1501 2069 1668 2134 magnario

309 2161 360 2206 res
381 2140 513 2203 bellicas
535 2148 675 2223 gesserat
696 2148 728 2204 et
748 2140 909 2223 triumpbo
931 2140 1060 2223 dignas,
1082 2160 1147 2205 non
1170 2147 1237 2204 erat
1255 2149 1361 2205 tamen
1375 2142 1405 2205 ei
1420 2143 1629 2220 tribuendum,

310 2233 396 2317 quod
416 2252 477 2297 nec
497 2236 532 2297 L.
554 2234 687 2298 Aemillo
707 2255 767 2298 nec
788 2234 963 2298 Aemiliano
986 2235 1127 2318 Scipioni
1150 2254 1208 2298 nec
1231 2236 1387 2318 superiori
1402 2236 1548 2302 Africano
1570 2258 1630 2302 nec

310 2327 410 2391 biario
431 2346 491 2390 nec
512 2328 679 2410 Pompeio,
702 2328 758 2411 qui
781 2328 901 2391 maiora
921 2328 1005 2390 bella
1026 2334 1207 2410 gesserunt:
1229 2330 1287 2392 sed
1308 2330 1395 2412 quod
1418 2332 1543 2397 silentio
1564 2333 1631 2396 bel·
1705 2340 1707 2353 “

312 2422 377 2484 lum
410 2421 503 2484 civile
532 2422 728 2497 coniecerat,
761 2442 832 2486 cunr
858 2422 995 2505 primum
1023 2421 1126 2498 licuit,
1158 2422 1296 2484 honores
1326 2423 1360 2484 in
1382 2444 1453 2487 eum
1475 2427 1630 2491 maximos

312 2513 501 2578 contulistis.
544 2516 582 2576 4.
604 2510 655 2577 40.
683 2515 894 2578 Existimasne
919 2516 1032 2598 igitur,
1059 2518 1101 2580 Μ.
1123 2516 1262 2596 Lepide,
1291 2515 1418 2599 qualem
1445 2519 1668 2600 Pompeiumne

309 2630 361 2674 res
390 2608 516 2692 publica
542 2608 688 2672 babitura
709 2612 751 2673 sit
772 2610 888 2684 civem,
917 2610 996 2673 tales
1023 2610 1146 2673 tuturos
1175 2610 1209 2671 in
1238 2628 1272 2671 rc
1300 2608 1427 2691 publica
1454 2612 1631 2675 Antonios?

311 2706 347 2767 ln
368 2704 468 2767 altero
490 2703 609 2786 pudor,
632 2704 782 2785 gravitas,
803 2702 992 2779 moderatio,
1015 2704 1195 2785 integritas:
1226 2702 1260 2764 in
1281 2700 1346 2766 illis
1366 2734 1408 2747 -
1430 2710 1461 2767 et
1481 2724 1551 2767 curn
1571 2703 1631 2769 bos

312 2795 484 2881 compello,
512 2804 676 2880 praetereo
705 2797 810 2869 animo
841 2817 881 2860 ex
908 2817 1002 2883 grege
1030 2797 1186 2861 latrocinii
1215 2796 1374 2860 neminem
1402 2832 1442 2844 -
1468 2794 1632 2872 libidines,

311 2890 448 2965 scelera,
469 2890 509 2953 ad
531 2910 626 2954 omne
646 2890 767 2955 lacinus
788 2893 933 2955 immanis
956 2892 1096 2956 audacia.
1132 2890 1254 2954 Deinde
1275 2910 1332 2955 ros
1355 2889 1502 2965 obsecro,
1528 2896 1632 2973 patres

311 2984 502 3066 conscripti,
525 2986 596 3068 quis
617 2984 679 3047 boc
698 2993 834 3048 vestrum
857 3006 921 3049 non
937 2985 1039 3061 videt,
1063 2986 1148 3070 quod
1164 2988 1302 3049 Fortuna
1316 2986 1399 3069 ipsa,
1421 3007 1503 3070 qnae
1517 2986 1670 3059 diciturne

311 3097 423 3151 caeca,
445 3078 546 3142 viditt
581 3079 682 3142 Salvis
704 3079 789 3141 enim
812 3080 890 3143 actis
913 3080 1073 3155 Caesaris,
1096 3098 1178 3164 quae
1199 3079 1387 3143 concordiae
1408 3098 1505 3143 causa
1525 3079 1633 3143 deien-

311 3174 431 3244 dimus,
460 3173 611 3255 Pompeio
639 3192 696 3235 sna
721 3173 833 3235 domus
854 3174 990 3256 patebit,
1022 3193 1155 3257 eamque
1177 3194 1240 3236 non
1262 3172 1411 3249 minoris,
1442 3192 1535 3256 quam
1557 3174 1633 3237 emit

311 3265 486 3338 Antonius,
507 3266 659 3329 redimet:
682 3266 832 3341 redimet,
854 3268 1000 3349 inquam,
1025 3268 1079 3330 Cn.
1102 3267 1230 3351 Pompei
1252 3266 1379 3331 domum
1400 3263 1494 3331 filius.
1525 3265 1633 3335 Orem

312 3360 473 3423 acerbam!
496 3361 552 3422 sed
574 3359 653 3422 haec
675 3360 750 3423 satis
772 3359 826 3422 diu
847 3361 1044 3443 multumque
1061 3360 1175 3423 delleta
1189 3367 1271 3424 sunt.
1308 3360 1498 3424 Decrevistis
1514 3368 1633 3425 tantam

311 3453 478 3537 pecuniam
507 3454 675 3536 Pompeio,
705 3462 854 3538 quantam
884 3473 925 3515 ex
951 3453 1044 3517 bonis
1072 3454 1181 3537 patriis
1212 3454 1245 3517 in
1266 3452 1403 3537 praedae
1425 3453 1668 3537 dissipationem

378 3757 402 3806 4.
420 3766 498 3818 poma
512 3756 560 3805 4444
572 3760 648 3817 porte
663 3756 674 3805 4
692 3780 719 3791 -
737 3754 810 3818 porti
824 3753 993 3805 robelltcatom
1009 3748 1042 3801 4ι
1059 3779 1086 3789 -
1105 3752 1131 3803 2.
1146 3756 1216 3815 putot
1232 3747 1278 3812 V¹3
1297 3752 1356 3805 lort.
1371 3754 1469 3816 putori.
1495 3751 1632 3818 vulgatam

311 3833 385 3882 recte
410 3830 523 3895 explicat
542 3831 679 3879 Garatoni:
705 3835 788 3891 «4444,
811 3829 839 3881 h.
858 3842 883 3879 4,
903 3843 935 3880 eo
957 3832 1077 3893 tempore
1094 3838 1139 3878 me
1156 3826 1299 3890 obligatum
1317 3840 1379 3879 esse
1396 3830 1474 3894 puto,
1498 3828 1525 3878 b.
1545 3841 1569 3879 4.
1587 3842 1632 3879 me

311 3910 368 3958 tum
390 3905 549 3971 obligantis:
571 3905 620 3956 sed
641 3916 734 3957 ansam
751 3905 888 3956 dubitandi
904 3903 981 3954 atiert
996 3901 1074 3953 lectio
1091 3902 1192 3966 primae
1209 3914 1305 3952 manns
1322 3902 1349 3953 in
1365 3902 1388 3951 4
1403 3900 1438 3953 ab
1455 3900 1499 3953 illo
1516 3914 1568 3954 non
1585 3916 1633 3954 ex·
1683 3900 1686 3907 “

311 3984 462 4047 scripta-
477 3987 500 4032 44
515 3982 572 4032 too.
589 3981 660 4031 etv:
678 3982 700 4031 44
716 3985 740 4031 44
754 3981 810 4031 too.
828 3983 889 4032 D-
909 3980 934 4030 3.
951 3976 1118 4029 loomv—
1137 3977 1198 4027 44444
1212 3975 1396 4027 curvabit:
1413 3990 1458 4027 oor
1472 3990 1572 4041 om.g;
1590 3992 1633 4028 vos

311 4059 371 4110 44444
388 4058 449 4109 0-
467 4058 565 4109 odoacri
582 4058 627 4107 44
643 4082 672 4095 -
689 4057 732 4107 ille
747 4062 901 4119 saporam
915 4051 989 4104 il'-
1007 4052 1032 4105 4.
1048 4052 1192 4116 plosoribus
1207 4054 1268 4116 agt
1285 4078 1313 4089 -
1330 4053 1356 4103 c.
1373 4052 1552 4116 loltpotrrnll:
1571 4054 1634 4105 4444-

311 4134 436 4197 potumi)
454 4158 482 4169 -
501 4144 585 4183 444444
598 4133 702 4182 bonores
717 4132 777 4181 Va:
800 4132 880 4182 4444444
894 4131 973 4181 bonor
988 4131 1011 4181 44
1026 4134 1062 4180 444
1078 4129 1121 4190 (ert
1137 4140 1190 4179 om.
1209 4128 1227 4190 t)
1244 4126 1324 4191 bgt;
1347 4128 1464 4189 bominis,
1482 4128 1572 4177 44444444·
1586 4128 1634 4177 44-

311 4219 384 4256 oom
400 4205 421 4255 0
433 4218 495 4257 cnm
505 4208 636 4270 barnerio
649 4232 676 4243 -·
696 4207 720 4257 6.
733 4211 896 4267 4444444444,-
912 4205 989 4267 pom
1000 4203 1034 4263 0;
1053 4216 1102 4254 nos
1112 4203 1308 4255 distinctionem
1323 4203 1384 4267 post
1400 4216 1455 4252 om.
1468 4199 1632 4255 sustulimus.

314 4282 377 4331 -7,
396 4285 449 4330 tom
464 4282 552 4343 omptn
567 4280 628 4331 b-
643 4282 668 4332 44.
686 4287 829 4332 moesto
844 4295 889 4331 n—
908 4280 979 4329 44444
995 4283 1007 4328 4
1024 4304 1052 4315 ·-
1069 4278 1196 4328 4444444444
1210 4276 1262 4325 4-
1281 4278 1334 4327 44444
1351 4277 1385 4327 V:
1404 4278 1492 4329 om.D
1511 4302 1539 4314 -
1558 4277 1582 4328 9.
1600 4278 1634 4327 tt-

312 4352 474 4414 bortottVa3
492 4354 612 4406 libertatis
628 4358 687 4406 4-
703 4358 761 4407 toltr
776 4357 854 4421 tpttor
869 4356 985 4418 omen
1006 4354 1149 4417 lpiturom.
1163 4364 1177 4401 n
1192 4378 1219 4389 -
1237 4351 1280 4401 4444·
1295 4352 1318 4403 44
1334 4352 1397 4402 44444
1412 4352 1632 4417 (444444444444434

313 4430 525 4493 4444444444-
549 4432 766 4482 40.444444444444
787 4430 855 4481 4)-
876 4432 1017 4480 444444-
1043 4429 1082 4478 44.
1101 4429 1136 4478 Μ.
1156 4428 1183 4476 t:
1207 4438 1260 4476 om.
1281 4424 1378 4489 vabg
1403 4454 1430 4463 -
1453 4426 1630 4491 444444444-

313 4504 435 4554 tretis.
454 4504 552 4566 Pompct
566 4503 650 4554 Vnt:
667 4506 776 4570 Pompeii
790 4505 811 4555 0
827 4529 861 4539 -
874 4502 989 4567 publicos
1005 4501 1107 4565 aspictet
1123 4504 1146 4551 44
1162 4512 1254 4561 morso
1269 4499 1331 4549 4-
1350 4500 1519 4564 coepiscopis
1534 4501 1568 4561 V;
1587 4514 1633 4564 psa

313 4590 398 4642 cmg
415 4602 444 4615 -
463 4577 503 4628 43.
520 4578 634 4640 rupero
649 4580 661 4628 t
678 4604 707 4615 υ-
725 4578 765 4629 44.
780 4578 883 4641 patescit
898 4575 986 4627 v¹tb²
1002 4604 1030 4615 -
1047 4575 1127 4626 4444
1140 4602 1167 4613 -
1185 4574 1270 4625 erret
1287 4573 1379 4625 bamb.
1392 4602 1421 4615 -
1439 4576 1631 4640 444444444οῊ

315 4656 479 4708 temtos
499 4653 727 4705 -mrtrtsV¹-
747 4657 786 4706 tt.
804 4654 989 4719 44444444-
1009 4653 1048 4703 46.
1066 4651 1634 4716 44444444-444444444.4-44444.4

316 4756 342 4767 —
363 4731 403 4780 44,
422 4730 438 4780 4.
457 4730 530 4781 4444444
546 4742 603 4793 cg,
622 4732 639 4780 l.
657 4730 770 4781 4444444)
789 4731 814 4792 (4.
832 4728 935 4799 44444444
952 4741 982 4779 ,4.
1001 4726 1117 4778 4444444444
1135 4726 1152 4788 4)
1173 4750 1200 4763 -
1219 4726 1342 4776 omotario
1357 4726 1380 4776 V
1398 4752 1425 4763 -
1444 4727 1484 4777 43.
1501 4726 1632 4778 4444444444

316 4831 343 4841 -
362 4804 451 4855 bollum
467 4806 516 4855 444.
535 4804 647 4855 Vabt:
673 4806 721 4856 cto.
739 4804 827 4856 bellans
843 4806 864 4856 0
881 4804 938 4865 (444.
956 4803 1010 4853 boll.
1027 4802 1122 4853 44444444
1138 4801 1162 4864 g)
1183 4828 1210 4837 -
1235 4802 1275 4851 43.
1293 4814 1350 4851 eum
1365 4814 1418 4853 om.
1436 4802 1474 4864 D;
1499 4806 1528 4852 44
1543 4800 1634 4852 maluit

316 4880 422 4930 Ernesti
440 4905 468 4916 -
487 4880 585 4931 licuerit
600 4893 629 4941 a,
648 4881 722 4931 444444
737 4882 747 4931 4
765 4907 794 4918 -
812 4880 853 4930 30.
870 4880 1037 4945 4944444444
1055 4900 1081 4915 -
1100 4890 1187 4927 murco
1204 4876 1265 4925 4-
1283 4877 1324 4928 rt.
1342 4877 1486 4929 4444444444
1502 4879 1513 4927 4
1532 4903 1559 4914 -
1577 4876 1634 4926 tolia

313 4955 382 5003 V—
406 4954 433 5004 44
452 4968 482 5005 rs
500 4955 601 5018 publico
618 4955 651 5005 V:
675 4957 768 5006 om.D
791 4981 817 4994 -
846 4955 887 5005 43.
908 4954 1022 5019 44444444
1041 4952 1073 5003 4Ι
1092 4980 1119 4991 -
1146 4953 1188 5003 33.
1208 4952 1301 5018 4444444]
1321 4954 1420 5003 comino
1440 4952 1583 5003 Ferrarius.
1604 4976 1631 4989 ·-

313 5028 533 5080 iteratorum
554 5054 582 5068 ··
601 5032 784 5088 4444444444
808 5031 987 5093 4444444443-
1005 5042 1051 5079 sos
1066 5028 1165 5080 obstem
1181 5028 1216 5078 V:
1240 5028 1337 5079 obsecro
1352 5042 1398 5079 uos
1413 5031 1466 5093 4444
1480 5040 1526 5077 uos
1541 5025 1564 5088 4)
1582 5026 1633 5076 Do

315 5106 684 5169 -25.ouit-tstog-
705 5100 1633 5169 rectrquolpr-ao.‹ucscn-ooncorttov-rt.son

313 5181 411 5232 timoris
425 5194 498 5245 444444
515 5184 526 5232 4
543 5208 570 5220 ·-
593 5182 634 5233 43.
653 5194 737 5234 orem
752 5180 877 5251 44444444]
894 5182 937 5232 bic
953 5179 1043 5233 deficit
1058 5180 1094 5241 V;
1118 5192 1144 5230 v.
1162 5179 1196 5230 ad
1212 5192 1239 5245 p.
1258 5180 1329 5243 4360,
1348 5180 1389 5231 43.
1407 5204 1435 5216 -
1460 5177 1500 5228 30.
1515 5174 1631 5239 pobirb

315 5281 344 5294 -
362 5257 547 5323 dirripsttm
562 5258 579 5311 i.
