4009 6159
474 517 626 620 onsrro
647 554 727 620 nno
751 555 812 619 cu.
833 554 1008 620 eorunm
1034 554 1108 622 cn.
1123 553 1287 639 mirso
1302 551 1394 619 r-e.
1512 552 1595 620 uos

275 725 443 790 obstrietus
473 725 625 788 memoria
653 721 795 788 beneficii
825 725 1024 810 sempiterna.
1064 726 1175 810 ltaque
1198 747 1263 789 non
1285 727 1519 791 extimescens
1542 724 1598 788 Cu.

273 820 402 884 Plancio
425 819 569 882 custodia
591 838 679 882 meae
702 819 814 881 salutis
835 819 920 902 apud
947 839 1002 882 eos
1024 820 1122 893 obsit,
1144 820 1200 902 qui
1222 839 1272 882 me
1293 820 1356 902 ipsi
1378 817 1517 881 maxime
1539 813 1601 876 sal-

275 932 349 976 vum
371 911 479 976 uidere
501 913 686 985 voluerunt,
718 913 924 998 saepiusque,
946 913 1085 987 iudices,
1107 913 1185 976 mibi
1207 914 1347 978 venitin
1370 919 1523 983 mentem,
1545 906 1600 970 ad-

275 1006 452 1068 mirandum
475 1026 545 1069 esse
567 1008 608 1069 M.
631 1007 852 1081 Laterensem,
873 1007 1035 1070 hominem
1058 1007 1324 1072 studiosissimum
1346 1015 1377 1071 et
1390 1004 1553 1087 dignitatis
1568 1010 1600 1064 et
1708 983 1732 1080 ί

275 1102 385 1164 salutis
416 1120 520 1175 meae,
549 1120 637 1163 reum
664 1100 724 1163 sibi
754 1100 839 1164 buno
861 1091 1058 1184 potis's'imum
1081 1101 1255 1184 delegisse,
1277 1121 1373 1185 quam
1395 1097 1624 1163 metuendums
1911 1094 1912 1187 l

274 1217 315 1259 ne
336 1198 426 1259 vobis
448 1197 481 1258 id
502 1195 556 1258 ille
578 1212 693 1276 magna
714 1195 835 1258 ratione
857 1195 969 1258 iecisse
991 1195 1146 1258 videatur.
1183 1193 1214 1258 3.
1230 1196 1429 1278 Quamquam
1443 1191 1520 1255 mibi
1536 1212 1600 1253 non
1911 1208 1912 1219 ¹

275 1311 365 1354 sumo
387 1298 509 1353 tantum
530 1307 636 1370 neque
658 1307 787 1369 amogo‚
811 1289 949 1362 iudices,
971 1295 1007 1351 ut
1029 1289 1085 1352 Cn.
1104 1289 1266 1352 Plancium
1288 1289 1353 1352 suis
1375 1308 1448 1371 erga
1470 1305 1520 1350 me
1535 1304 1600 1348 me·

274 1386 343 1448 ritis
365 1383 582 1468 impunitatem
606 1389 808 1444 consecutum
831 1391 948 1467 putem.
981 1383 1049 1445 Nisi
1065 1383 1133 1446 eius
1149 1383 1384 1464 integerrimam
1397 1383 1511 1454 vitam,
1533 1399 1601 1442 mo-

274 1478 471 1541 destissimos
493 1496 614 1550 mores,
636 1495 788 1570 surqmam
803 1471 915 1548 fidem,
937 1475 1178 1550 continentiam,
1201 1477 1366 1559 pietatem,
1388 1473 1600 1540 innocentiam

274 1571 458 1643 ostendero,
481 1569 561 1632 nihil
583 1569 623 1632 de
644 1589 747 1652 poena
770 1569 938 1632 recusabo:
960 1570 1009 1631 sin
1033 1570 1140 1632 omnia
1160 1570 1364 1652 praestitero,
1386 1589 1469 1653 quae
1488 1574 1563 1631 sunt
1582 1587 1638 1632 aro

274 1665 366 1729 bonis
388 1665 464 1727 viris
486 1664 713 1745 exspectanda,
735 1671 858 1746 petam,
881 1662 1021 1736 iudices,
1043 1683 1062 1726 a
1083 1663 1173 1726 robis
1194 1672 1247 1738 ut,
1276 1663 1366 1726 cuius
1387 1665 1601 1728 misericordia

274 1759 360 1822 salus
389 1777 459 1821 mea
489 1757 646 1820 custodita
672 1757 727 1830 sit,
757 1760 786 1821 ei
812 1776 871 1819 vos
899 1763 1035 1819 vestram
1064 1756 1314 1820 misericordiam
1340 1777 1392 1820 me
1412 1758 1602 1841 deprecante

276 1853 431 1915 tribuatis.
465 1851 622 1936 Equidem
644 1851 683 1914 ad
706 1852 846 1934 reliquos
868 1851 1003 1925 labores,
1027 1870 1108 1934 quos
1131 1852 1164 1913 in
1185 1851 1245 1914 hac
1266 1870 1362 1914 causa
1375 1852 1513 1915 maiores
1533 1871 1603 1914 sus-

276 1946 361 2028 cipio
383 1965 478 2029 quam
511 1947 543 2008 in
575 1944 705 2019 ceteris,
736 1945 830 2008 etiam
853 1945 935 2010 bano
957 1945 1134 2008 molestiam
1155 1964 1301 2019 assumo,
1331 1946 1418 2028 quod
1439 1946 1516 2008 mibi
1536 1965 1602 2008 non

276 2040 380 2102 solum
405 2059 464 2123 pro
494 2040 549 2102 Cn.
572 2039 700 2102 Plancio
729 2039 897 2101 dicendum
926 2046 990 2113 est,
1018 2038 1109 2100 cuius
1130 2057 1190 2120 ego
1212 2039 1346 2102 salutem
1368 2059 1431 2102 non
1454 2059 1545 2103 secus
1566 2055 1640 2102 acro

276 2153 377 2197 meam
405 2134 489 2196 tueri
519 2134 636 2206 debeo,
666 2131 723 2195 sed
749 2131 844 2196 etiam
873 2153 1003 2214 prome
1026 2133 1113 2214 ipso,
1144 2132 1183 2195 de
1205 2152 1270 2217 quo
1292 2141 1490 2197 accusatores
1511 2134 1604 2217 plura

275 2247 377 2311 paene
399 2247 496 2312 quam
518 2227 558 2290 ds
579 2246 613 2288 rc
634 2245 754 2310 reoque
776 2225 934 2289 dixerunt.
977 2227 1018 2288 11.
1039 2222 1070 2287 l.
1087 2226 1306 2310 Quamquam,
1328 2227 1461 2303 iudices,
1482 2229 1602 2313 siquid

276 2332 325 2386 est
351 2323 386 2385 in
415 2341 465 2386 me
492 2323 562 2406 ipso
589 2323 634 2384 ita
654 2318 893 2403 reprehensum,
923 2328 958 2383 ut
979 2319 1014 2382 id
1036 2320 1158 2383 abhoc
1180 2321 1359 2384 seiunctum
1380 2323 1437 2397 sit,
1466 2343 1530 2386 non
1551 2343 1603 2386 me

275 2417 308 2480 id
332 2435 445 2500 magno
469 2419 565 2498 opere
587 2415 769 2489 conturbat3
799 2433 862 2477 non
885 2414 969 2478 enim
991 2415 1089 2478 timeo
1109 2433 1166 2489 ne,
1198 2414 1273 2497 quia
1293 2435 1421 2498 perraro
1443 2416 1524 2499 grati
1545 2417 1603 2482 bo-

275 2513 375 2573 mines
397 2510 611 2596 reperiantur,
639 2508 775 2582 idcireo,
803 2528 874 2570 cum
896 2529 947 2570 me
968 2509 1102 2572 nimium
1124 2515 1246 2591 gratum
1267 2508 1314 2571 illi
1337 2529 1408 2573 osse
1430 2509 1549 2585 dicant,
1570 2511 1640 2575 iaso

275 2604 353 2668 mibi
376 2605 581 2668 criminosum
603 2623 673 2667 esse
695 2603 806 2685 possit.
839 2602 930 2677 Quae
952 2621 1028 2665 vero
1049 2603 1094 2665 ita
1116 2609 1191 2664 sunt
1211 2600 1328 2684 ag'itata
1348 2603 1477 2678 abillis,
1497 2612 1603 2667 utaut

276 2701 386 2762 merita
409 2698 465 2761 Cn.
480 2698 597 2762 Plancii
620 2717 695 2781 erga
715 2718 765 2759 me
788 2698 908 2760 minora
930 2716 1000 2760 esse
1022 2696 1180 2769 dicerent,
1203 2715 1298 2778 quam
1320 2715 1339 2758 a
1361 2697 1497 2781 meipso
1512 2718 1603 2782 prae-

276 2793 470 2866 dicarentur,
492 2800 561 2864 aut,
584 2793 610 2855 si
634 2800 739 2856 essent
761 2810 897 2865 summa,
921 2798 1073 2872 negarent
1094 2809 1132 2852 ea
1152 2797 1259 2852 mmen
1280 2790 1325 2854 ita
1345 2792 1473 2874 magni,
1494 2801 1531 2856 ut
1544 2812 1603 2875 ego

275 2895 433 2968 putarem,
456 2884 606 2969 ponderis
628 2886 713 2969 apud
735 2905 792 2948 ros
814 2904 885 2947 osse
907 2885 1040 2958 deber'e,
1066 2883 1146 2946 baec
1168 2883 1246 2947 mibi
1267 2891 1341 2948 sunt
1360 2887 1533 2961 tractanda,
1554 2889 1603 2950 iu·

276 2980 377 3053 dices,
400 2987 432 3042 et
453 2978 592 3053 modice,
614 2999 655 3042 ne
677 2979 752 3061 quid
775 2979 844 3060 ipse
865 2978 1040 3052 offendam,
1062 2984 1095 3040 et
1115 2985 1182 3040 tum
1205 2977 1354 3062 denique,
1377 2999 1449 3042 cum
1468 2999 1640 3063 respon-so

276 3072 354 3136 dero
383 3073 585 3147 criminibus,
616 3093 656 3135 ne
685 3091 749 3134 non
779 3081 842 3134 tam
872 3071 1054 3136 innocentia
1082 3091 1157 3135 reus
1184 3092 1242 3135 sua
1264 3092 1360 3156 quam
1381 3073 1600 3138 recordatione

277 3188 417 3231 meorum
438 3175 616 3250 temporum
639 3166 789 3230 defensus
811 3187 881 3230 esse
903 3167 1055 3230 videatur.

360 3260 390 3323 5.
413 3261 476 3324 Sed
498 3261 576 3324 mihi
597 3263 630 3324 in
653 3280 747 3324 causa
768 3260 851 3324 facili
873 3269 969 3343 atquo
992 3259 1150 3343 explicata
1171 3257 1385 3343 perdifficilis,
1409 3261 1548 3337 iudices,
1571 3273 1603 3328 et

276 3357 397 3420 lubrica
419 3353 613 3418 defensionis
635 3356 715 3418 ratio
737 3355 935 3437 proponitur.
969 3355 1048 3416 Nam
1070 3354 1096 3417 si
1118 3362 1239 3417 tantum
1257 3354 1353 3418 modo
1375 3355 1451 3418 mibi
1472 3377 1602 3420 necesse

277 3459 361 3512 esset
383 3455 492 3511 contra
513 3450 715 3513 Laterensem
738 3449 859 3523 dicere,
882 3457 988 3512 tamen
1009 3447 1043 3510 id
1065 3449 1169 3531 ipsum
1190 3449 1330 3510 oscetin
1351 3456 1440 3536 tqnto
1461 3471 1523 3514 usu
1544 3468 1639 3541 po-ao

277 3553 343 3607 stro
365 3549 516 3626 mutaque
539 3543 673 3605 amicitia
695 3543 882 3617 molestum
905 3551 995 3606 vetus
1018 3549 1067 3605 est
1089 3542 1172 3604 enim
1195 3542 1248 3603 lex
1261 3541 1317 3604 illa
1330 3541 1431 3606 iustas
1444 3565 1602 3630 seraeque
1716 3589 1727 3608 .

277 3627 556 3718 amicitiae'squae
578 3635 656 3698 mihi
679 3655 750 3699 oum
773 3636 828 3699 illo
851 3637 913 3700 iam
936 3636 990 3699 diu
1014 3644 1072 3710 est,
1095 3643 1131 3698 ut
1146 3636 1230 3698 idem
1243 3635 1338 3698 amici
1355 3657 1481 3721 semper
1493 3641 1602 3716 velint,

277 3750 382 3814 noque
405 3738 454 3793 est
473 3729 575 3792 ullum
597 3730 755 3793 amicitiae
782 3731 898 3794 certius
920 3730 1082 3793 vinculum
1104 3749 1199 3814 quam
1221 3749 1393 3796 consensus
1412 3739 1446 3794 et
1466 3735 1602 3798 societas

278 3824 482 3887 consiliorum
504 3831 536 3886 ot
557 3825 769 3888 voluntatum:
792 3825 867 3888 mibi
889 3833 995 3888 autem
1017 3843 1082 3887 non
1104 3823 1137 3886 id
1159 3831 1209 3888 est
1228 3824 1262 3886 in
1282 3824 1343 3888 bac
1364 3845 1399 3887 re
1417 3827 1602 3891 molestissi-

278 3941 380 3995 mum,
413 3927 522 3982 contra
550 3918 641 3981 illum
673 3918 792 3994 dicere,
822 3919 879 3982 sed
908 3919 1009 3982 multo
1038 3918 1117 3982 illud
1139 3919 1256 4002 magis,
1284 3919 1371 4003 quod
1393 3920 1427 3982 in
1448 3940 1486 3983 ea
1508 3940 1639 3987 causaaa

279 4023 388 4076 contra
410 4011 579 4076 dicendum
601 4021 667 4086 est,
689 4015 722 4075 in
738 4033 802 4097 qua
816 4014 970 4096 quaedam
985 4013 1150 4076 hominum
1164 4013 1306 4097 ipsorum
1320 4015 1446 4077 videtur
1458 4015 1602 4080 facienda

279 4128 348 4170 esse
370 4107 541 4170 contentio.
578 4105 608 4168 6.
625 4107 758 4182 Quaerit
780 4108 864 4170 enirn
877 4109 1063 4171 balonensis
1084 4117 1178 4192 atque
1195 4107 1257 4171 boc
1272 4127 1338 4171 uno
1352 4109 1489 4173 maxime
1501 4121 1602 4194 urget,

279 4221 342 4284 qua
364 4221 398 4263 se
421 4202 553 4274 virtme,
575 4221 639 4285 qua
660 4200 754 4264 laude
770 4201 930 4278 Plancius,
953 4223 1017 4286 qua
1031 4203 1183 4285 dignitate
1198 4201 1363 4288 superarit.
1396 4203 1460 4277 lta,
1482 4205 1508 4266 si
1522 4205 1601 4266 cedo

278 4295 363 4358 illius
385 4295 590 4369 ornamentis,
613 4314 696 4378 quae
718 4295 817 4359 multa
840 4303 871 4358 et
892 4315 1006 4379 magna
1026 4305 1110 4371 sunt,
1130 4316 1196 4362 non
1209 4297 1314 4362 solum
1328 4297 1425 4361 buius
1440 4296 1602 4380 dignitatis

343 4661 367 4710 ι.
385 4659 503 4709 obtrictus
519 4659 538 4708 Τ
556 4685 583 4693 -
606 4659 631 4710 Τ.
650 4659 730 4723 awos]
752 4673 791 4710 mo
807 4659 827 4711 T
844 4686 871 4696 -
896 4659 1008 4714 obstetE
1028 4691 1055 4699 -
1080 4663 1104 4714 3.
1123 4664 1258 4726 sopitoque
1274 4664 1294 4714 T
1312 4689 1341 4700 -
1359 4665 1384 4714 5.
1402 4663 1516 4728 &boiam
1531 4677 1601 4715 corr.

279 4733 338 4785 ead.
357 4749 393 4786 m.
413 4749 446 4784 ex
463 4733 561 4798 eleplsss
577 4734 596 4784 T
619 4761 642 4770 -
663 4735 686 4784 6.
705 4733 810 4784 soliar
829 4762 855 4770 -
875 4737 899 4787 Τ.
917 4751 996 4798 nequa
1013 4752 1107 4802 orroqo
1124 4740 1189 4802 (adr.
1208 4739 1237 4802 T)
1253 4741 1305 4789 iad.
1323 4740 1384 4791 TE:
1402 4740 1507 4801 ιικιιοοι,
1525 4754 1603 4804 osque

278 4823 372 4874 moue
389 4811 409 4860 0
429 4836 456 4846 -
472 4807 597 4871 plasticen
613 4809 673 4857 T-
692 4809 716 4860 8.
734 4815 891 4861 economum
907 4811 969 4863 TE:
992 4819 1181 4864 cenomannos
1197 4817 1217 4865 0
1236 4842 1263 4852 -
1281 4814 1468 4866 nsodsrdsaimos
1484 4828 1553 4866 corr.
1569 4827 1602 4865 ex

277 4884 463 4935 modestimosll
476 4909 504 4919 -
524 4884 565 4934 to.
577 4882 652 4933 nichil
665 4881 780 4948 (ubique)
793 4885 813 4934 T
826 4910 853 4920 —
874 4887 913 4936 ll.
932 4886 984 4936 iud.
996 4899 1015 4936 a
1029 4887 1099 4937 nobb
1114 4887 1177 4938 TE:
1196 4902 1214 4937 a
1228 4887 1305 4950 uobis,
1322 4889 1446 4940 ιυιιιοσεθ
1459 4917 1487 4926 -
1505 4891 1545 4942 tt.
1563 4905 1604 4942 me

279 4971 332 5009 om.
346 4959 366 5008 Τ
381 4985 407 4994 -
426 4954 545 5022 dcpeaota
561 4959 622 5008 T-
635 4957 676 5009 43.
694 4959 799 5010 motoris
815 4963 921 5024 rusptoto
938 4962 1022 5012 TE-
1041 4960 1082 5013 tl.
1098 4963 1232 5014 amasos
1245 4990 1272 4999 -
1291 4965 1333 5015 to.
1349 4965 1412 5028 ipso.
1429 4965 1472 5014 aed
1486 4966 1517 5016 dc
1528 4965 1602 5028 (voce

277 5034 320 5083 sed
337 5032 447 5084 eadm.
461 5033 670 5100 expunctal‘l'-
690 5036 730 5086 ⁴7.
746 5036 894 5098 poencT-
914 5038 954 5088 t8.
972 5033 1188 5102 refrbonsch-
1207 5039 1411 5106 summopore
1425 5041 1514 5091 TE·
1533 5040 1601 5106 cela

278 5107 339 5156 T-
357 5109 399 5160 ιθ.
417 5111 594 5171 repperiantur
610 5110 630 5159 Τ
649 5138 675 5146 -
693 5111 735 5161 Ti.
754 5111 841 5174 planci
863 5112 956 5163 ΤΕ-
981 5113 1022 5162 26.
1041 5113 1192 5178 ominibus]
1212 5114 1359 5166 oonibasE
1378 5143 1405 5152 -
1428 5120 1482 5167 torn
1501 5118 1602 5168 inimo-

278 5183 436 5233 esnttc‘l'-
455 5183 544 5236 dhoet
560 5185 625 5235 mim
642 5186 707 5236 TE:
725 5188 791 5237 enlm
807 5191 842 5236 eo
858 5187 878 5238 0
897 5213 924 5223 -
943 5187 983 5237 33.
1002 5188 1314 5242 mutamus:
1332 5191 1601 5243 mammeam

281 5283 308 5294 ·-
327 5260 437 5312 comtes.
448 5260 579 5314 ‘occurs
594 5262 754 5315 concavam
770 5264 845 5327 troes
861 5264 986 5315 accim
1002 5263 1142 5327 expuncta)
1159 5265 1187 5314 T.
