4009 6159
385 527 447 593 tol
824 533 977 600 onaslo
1000 534 1078 600 PRO
1101 534 1134 600 P.
1158 536 1285 601 SVLLA

385 710 419 768 tu
438 702 570 779 honam,
593 705 649 789 qui
671 704 801 780 adsunt,
824 705 939 789 quihus
960 710 993 767 te
1015 710 1124 769 contra
1143 706 1285 789 ipsorum
1307 704 1499 772 voluntatem
1514 709 1710 783 venditabas,

384 804 440 861 aut
461 805 524 862 tam
546 788 732 863 sceleratum
755 800 867 863 statuis
888 799 1003 874 fuisse,
1034 807 1069 863 ut
1097 799 1177 864 haec
1207 800 1314 865 omnia
1340 800 1445 885 perire
1473 801 1624 879 voluerit,
1657 813 1711 869 aut

384 898 449 957 tam
471 892 640 967 miserum,
672 899 708 956 ut
729 900 760 957 et
782 914 816 958 se
838 894 942 977 perire
973 900 1104 978 cuperet
1133 901 1165 958 et
1190 894 1271 958 nihil
1300 895 1444 970 haberet,
1475 897 1561 979 quod
1590 897 1711 962 salsum

385 1005 455 1049 esse
477 986 594 1050 vellet?
630 989 679 1051 An
701 1008 778 1052 vero
801 988 1011 1053 clarissimum
1032 989 1136 1052 viram
1159 991 1284 1071 generis
1301 990 1397 1052 vestri
1412 1010 1448 1053 ac
1462 990 1602 1054 nominis
1616 1010 1710 1055 nemo

361 1079 603 1164 ereprelreadit,
632 1082 688 1166 qui
717 1078 817 1145 filium
847 1103 938 1146 suum
966 1084 1032 1146 vita
1060 1082 1211 1168 privavit,
1243 1082 1331 1148 utin
1354 1092 1475 1148 ceteros
1496 1082 1632 1149 firmaret
1653 1085 1711 1147 im-

383 1176 529 1260 perium:
561 1182 683 1240 turem
707 1176 866 1261 publicam
887 1178 1111 1261 reprehendis,
1140 1198 1222 1262 quae
1243 1178 1432 1243 domesticos
1453 1180 1579 1253 hostes,
1608 1198 1649 1242 ne
1671 1180 1710 1243 alr

383 1269 423 1332 iis
445 1269 516 1353 ipsa
538 1279 721 1345 necaretur,
749 1272 892 1335 necavit?
936 1268 987 1335 33.
1017 1273 1128 1354 ltaque
1149 1273 1292 1348 attende,
1320 1274 1497 1357 Torquate,
1525 1293 1621 1358 quam
1649 1292 1709 1355 ego

385 1361 543 1447 defugiam
566 1366 785 1430 auctoritatem
802 1367 989 1431 ,consulatus
1011 1366 1085 1430 mei.
1115 1367 1253 1431 Maxima
1266 1384 1361 1441 roco,
1383 1374 1420 1430 ut
1434 1386 1544 1431 ornnes
1558 1367 1710 1431 exaudire

383 1458 519 1541 possint,
542 1458 614 1523 dico
626 1480 816 1545 semperque
831 1460 955 1525 dicam:
977 1460 1087 1525 adeste
1102 1480 1212 1526 omnes
1226 1461 1339 1525 animis
1354 1462 1411 1545 qui
1426 1462 1554 1536 adestis,
1576 1481 1711 1545 quorum
1765 1464 1772 1476 “

347 1564 443 1635 coago
470 1550 653 1637 frequentia
681 1574 796 1638 magno
825 1575 922 1639 opere
952 1555 1069 1631 laetor;
1105 1556 1217 1639 erigite
1249 1562 1373 1619 mentes
1404 1576 1562 1639 auresque
1590 1562 1710 1619 vestras

384 1654 417 1711 et
437 1666 488 1711 me
511 1645 551 1710 de
571 1647 736 1714 insidiosis
758 1649 872 1725 rebus,
894 1658 930 1713 ut
951 1650 1006 1715 ille
1027 1657 1132 1734 putat,
1155 1650 1314 1714 dicentem
1334 1650 1504 1715 attendite!
1546 1653 1614 1736 Ego
1636 1671 1711 1715 con·

383 1737 450 1815 sul,
473 1760 546 1804 cum
567 1742 725 1807 exercitus
745 1744 940 1827 perditorum
963 1744 1080 1808 civium
1101 1744 1299 1809 clandestino
1321 1744 1442 1809 scelere
1464 1748 1617 1810 multatam
1640 1765 1711 1809 cru·

384 1833 581 1898 delissimum
603 1843 634 1899 et
656 1835 927 1901 luctuosissimum
947 1839 1079 1903 exitium
1100 1839 1220 1923 patriae
1242 1848 1473 1923 comparasset,
1503 1839 1635 1905 eumad
1658 1860 1712 1905 oc·

384 1947 493 1991 casum
514 1928 740 2016 interitumque
761 1934 808 1995 rei
830 1931 976 2017 publicae
993 1932 1129 1997 Catilina
1150 1933 1184 1995 io
1206 1934 1334 2009 caetris,
1354 1935 1387 1997 in
1401 1934 1452 1997 hie
1466 1942 1572 1998 autem
1585 1936 1711 2018 templis

344 2028 481 2106 lantque
503 2023 593 2088 tectis
616 2024 682 2090 dux
703 2025 857 2090 Lentulus
881 2034 966 2091 esset
987 2028 1194 2103 constitutus,
1216 2028 1296 2091 meis
1319 2029 1477 2103 consiliis,
1499 2030 1579 2094 meie
1597 2030 1712 2095 labori-

383 2118 460 2192 bus,
482 2117 545 2182 mei
567 2118 679 2203 capitis
701 2120 869 2203 periculis,
892 2122 961 2185 sine
983 2122 1142 2198 tumultu,
1165 2122 1234 2185 sine
1256 2121 1391 2197 dilectu,
1416 2124 1485 2187 sine
1507 2125 1619 2201 armis,
1640 2124 1711 2188 sine

384 2212 541 2288 exercitu,
574 2214 719 2299 quinque
747 2214 929 2280 hominihus
959 2216 1193 2300 comprehensis
1221 2222 1316 2300 atque
1346 2216 1500 2281 confessis
1527 2218 1715 2300 incensione¹

383 2306 512 2380 urbem,
548 2306 757 2373 internicione
789 2310 893 2385 cives,
928 2309 1074 2374 vastitate
1109 2310 1249 2385 ltaliam,
1285 2310 1414 2374 interitu
1449 2331 1516 2375 rem
1551 2311 1709 2395 publicam

384 2401 530 2467 liberari:
562 2421 620 2485 ego
646 2404 741 2468 vitam
770 2404 910 2469 omnium
938 2404 1073 2479 civium,
1106 2411 1223 2468 statum
1244 2405 1331 2469 orbis
1351 2413 1470 2481 terrae,
1499 2406 1609 2469 urbem
1629 2405 1710 2469 hanc

345 2496 539 2581 eodenique,
560 2496 668 2585 sedem
689 2499 831 2563 omnium
853 2506 1013 2574 nostrum,
1034 2519 1139 2563 arcem
1160 2518 1270 2582 regum
1291 2519 1330 2563 ac
1343 2498 1508 2564 nationum
1522 2506 1710 2569 exterarum,

383 2592 490 2683 lumen
511 2592 667 2675 gentium,
690 2590 886 2658 domicilium
907 2593 1033 2676 imperii
1048 2582 1190 2678 qrdnque
1211 2592 1379 2657 hominum
1394 2593 1567 2657 amentium
1583 2614 1620 2658 ac
1641 2614 1711 2677 per·

383 2686 521 2751 ditorum
541 2706 647 2771 poena
668 2686 799 2751 redemi.
842 2683 893 2750 34.
915 2688 964 2750 Aa
987 2707 1038 2752 me
1060 2688 1248 2752 existimasti
1269 2686 1348 2751 haec
1363 2687 1533 2751 iniuratum
1546 2687 1580 2749 in
1593 2687 1711 2752 iudicio

383 2800 447 2847 non
469 2801 539 2845 esse
561 2780 737 2857 dicturum,
760 2801 842 2866 quae
864 2783 985 2846 iuratus
1007 2782 1040 2845 in
1054 2783 1191 2846 maxima
1206 2781 1356 2845 contione
1371 2782 1543 2844 dixissemt
1571 2780 1641 2843 ΧΠ.
1657 2784 1712 2845 At-

384 2896 447 2960 que
469 2875 563 2939 ctiam
585 2874 663 2940 illud
686 2874 817 2949 addam,
838 2896 880 2939 ne
902 2876 959 2959 qui
980 2875 1063 2940 forte
1084 2876 1218 2959 incipiat
1238 2872 1401 2960 improbus
1423 2875 1528 2939 subito
1550 2881 1582 2938 te
1596 2894 1711 2949 amare,

346 2971 562 3054 aeTorqaate,
592 2977 624 3033 et
651 2969 773 3054 aliquid
802 2989 928 3055 sperare
958 2970 998 3035 de
1020 2979 1071 3045 te,
1093 2978 1206 3053 atque,
1228 2977 1263 3034 ut
1283 2969 1369 3033 tdem
1399 2989 1509 3033 omnes
1530 2968 1711 3043 exaudiant,

384 3064 557 3130 clarissima
578 3082 657 3129 voce
679 3063 800 3129 dicam:
833 3063 944 3129 harum
973 3065 1113 3129 omnium
1142 3084 1264 3140 rerum,
1296 3084 1377 3148 quae
1407 3083 1467 3147 ego
1489 3064 1522 3126 in
1545 3063 1711 3127 consulatu

383 3178 442 3243 pro
472 3159 573 3223 salute
602 3159 649 3222 rei
678 3158 824 3243 publicae
852 3159 978 3242 suscepi
1010 3166 1108 3244 atque
1135 3159 1238 3242 gessi,
1268 3158 1303 3221 L.
1333 3158 1388 3221 ille
1417 3160 1611 3240 Torquatus,
1640 3178 1711 3222 cum

384 3261 467 3319 esset
488 3274 578 3321 meus
600 3253 835 3318 contubernalis
857 3254 890 3317 in
913 3253 1083 3318 consulatu
1109 3260 1206 3336 atque
1234 3251 1329 3316 etiam
1357 3252 1392 3316 in
1419 3258 1568 3335 praetura
1587 3252 1712 3329 fuisset,

451 3524 874 3589 t.oeeaestTVS-te]remll
894 3523 1160 3575 —olcdicodoss-
1179 3524 1204 3574 2.
1223 3523 1429 3583 oemioom.V;
1448 3524 1591 3574 oemt‘l—
1610 3524 1635 3575 3.
1654 3531 1712 3576 etse

383 3602 500 3666 4444444444
524 3628 552 3639 -
576 3599 600 3652 4.
618 3600 702 3663 eolre]
725 3600 768 3651 ort
789 3612 852 3651 cum
873 3598 1026 3650 lineaT-
1047 3599 1505 3650 eeommecoctoremsemofl—
1528 3600 1710 3651 cenosante

383 3678 550 3729 44444κὶ44444
566 3675 655 3727 habet.
676 3702 704 3713 -
722 3677 747 3725 e.
765 3676 793 3725 44
809 3680 901 3727 ceteros
916 3674 984 3726 AV:
1008 3674 1036 3724 44
1051 3675 1138 3724 celeste
1153 3672 1246 3733 rao,
1271 3672 1343 3737 quod
1360 3673 1492 3724 immerito
1508 3674 1626 3740 praefert
1640 3676 1710 3727 Belre

384 3754 419 3805 ed
436 3754 486 3806 die.
504 3755 535 3804 de
550 3754 625 3817 leco.
643 3763 670 3816 p.
688 3751 746 3803 529.
780 3753 814 3803 at
829 3764 855 3801 v.
874 3752 929 3801 Cic.
948 3750 1005 3801 Cat.
1023 3762 1061 3800 m.
1080 3749 1095 3813 8
1111 3749 1152 3800 344.
1174 3748 1289 3799 Terentii
1305 3749 1371 3799 Eun.
1389 3750 1437 3809 lll,
1456 3750 1484 3810 l,
1501 3750 1543 3799 at.
1563 3775 1590 3786 ·-
1614 3750 1639 3800 6.
1656 3763 1709 3813 rqr.

384 3831 404 3881 T
422 3856 449 3865 -
467 3828 625 3879 44444444-
643 3826 675 3879 ob
691 3828 723 3878 lis
739 3826 818 3879 edd:
846 3826 931 3877 4444444
947 3824 1027 3877 codd.
1046 3825 1110 3876 notl.
1130 3851 1158 3862 -
1182 3825 1208 3875 7.
1226 3823 1404 3875 otuadeTV:
1431 3824 1662 3877 mmdelornlto
1680 3852 1708 3864 -

383 3906 408 3957 8.
426 3904 559 3968 444444σὶ4444
573 3903 607 3963 B;
625 3917 676 3954 444
692 3903 818 3968 desuem
834 3900 933 3967 aliquot
949 3899 1012 3951 edd.
1030 3901 1095 3950 vett.
1116 3926 1144 3937 -
1162 3900 1252 3949 sodes
1268 3900 1285 3949 S
1303 3924 1330 3935 -
1350 3898 1374 3949 9.
1393 3898 1476 3949 adeo
1491 3898 1586 3949 TVB:
1604 3901 1713 3952 44444444

384 3981 433 4032 lto
446 4006 474 4017 -
493 3979 632 4042 astmnqoe
647 3992 731 4030 444444
746 3979 789 4041 qoe'
800 3978 822 4027 V
834 4002 861 4013 -
882 3976 973 4027 adestis
984 3975 1103 4026 TVBS:
1121 3974 1213 4025 44444444
1227 3986 1331 4036 corpore
1347 3973 1407 4023 cod.
1420 3972 1535 4033 Pithoei3
1554 3974 1711 4025 4444444444-

380 4054 485 4119 porlbue
500 4054 521 4105 0
537 4057 565 4106 et
580 4053 680 4118 aliquot
701 4052 858 4105 detemores.
878 4077 906 4086 -
933 4049 974 4101 40.
991 4048 1091 4114 erqu
1108 4074 1136 4084 -
1154 4060 1306 4113 mopnopere
1321 4047 1384 4098 mei.
1405 4074 1433 4083 -
1459 4047 1500 4097 tt.
1515 4048 1662 4110 perdam
1681 4079 1709 4088 -

384 4130 425 4182 43.
442 4130 659 4196 ttrscteoee'eeimum
674 4130 711 4189 V;
729 4128 950 4193 mpttwseeimom
966 4126 985 4177 n
1003 4137 1045 4189 pr.
1064 4136 1101 4175 m.
1119 4151 1147 4161 -
1167 4123 1208 4174 44.
1226 4123 1349 4173 ennena
1365 4123 1388 4172 V
1406 4149 1433 4158 —
1453 4124 1493 4173 ⁴5.
1510 4136 1543 4172 oc
1558 4125 1625 4175 tectis
1641 4126 1663 4175 V
1682 4151 1708 4161 -

385 4205 426 4255 46.
442 4206 548 4268 pertersit
563 4205 586 4254 V
605 4231 633 4243 -
650 4204 742 4257 44444444
758 4204 779 4253 V
796 4204 824 4255 et
841 4200 933 4253 lamb.
951 4201 978 4250 in
995 4212 1092 4262 mara:
1116 4198 1210 4248 44444444
1224 4198 1300 4248 ruo
1319 4222 1346 4234 —
1366 4197 1407 4247 tl.
1424 4197 1540 4259 4444444444
1554 4199 1646 4272 TVB„
1665 4200 1709 4251 ed.

385 4280 463 4332 tlte:
482 4282 601 4344 confossis
616 4281 671 4331 So.
697 4280 808 4331 Videtur
823 4278 939 4341 confessis
954 4275 1028 4327 idem
1045 4286 1106 4325 esse
1123 4273 1196 4336 quod
1212 4275 1246 4323 od
1262 4271 1437 4336 confessionem
1452 4273 1563 4335 edocte,
1580 4278 1611 4325 ut
1626 4279 1669 4327 est
1683 4277 1710 4327 in

384 4369 423 4405 or.
442 4368 491 4420 pro
507 4356 593 4407 Sestio
608 4356 623 4419 5
641 4356 683 4407 844.
702 4382 731 4393 -
756 4356 797 4407 48.
814 4354 919 4405 44444Β
939 4378 967 4390 -
990 4350 1224 4402 amedaeum
1243 4349 1400 4400 4444444444
1416 4350 1448 4409 53
1465 4348 1629 4401 4444444444
1645 4352 1708 4413 n0;

383 4432 570 4494 interemtores
590 4430 690 4495 aliquot
711 4430 776 4482 dett.
796 4456 825 4467 -
848 4442 902 4491 rep.
919 4426 1024 4479 4444444444
1039 4427 1059 4477 T
1079 4454 1114 4463 -
1139 4426 1178 4475 ro.
1198 4425 1312 4476 tiberoctt
1327 4426 1348 4475 V
1365 4452 1399 4462 —
1423 4424 1465 4477 tl.
1482 4438 1514 4476 se
1529 4425 1574 4486 eoi
1588 4426 1709 4476 ATVS:

383 4520 415 4559 44
431 4508 487 4569 44444
501 4507 522 4557 Β
541 4532 568 4543 -
595 4504 751 4568 4444444444
768 4530 796 4539 -
815 4504 857 4553 aa.
876 4501 949 4568 tdem]
968 4504 1034 4553 idern
1050 4500 1139 4565 vulgo.
1162 4502 1227 4553 Esse
1243 4503 1310 4552 44444
1325 4502 1517 4553 nominativum
1533 4502 1638 4551 numeri
1654 4499 1711 4565 pla·

384 4581 446 4633 ralis
467 4581 528 4644 (vid.
547 4593 627 4645 supra
644 4593 671 4630 v.
688 4580 712 4643 8)
735 4578 898 4645 Spengelius.
911 4579 1014 4644 primm
1036 4576 1170 4629 intellexit.
1205 4578 1286 4629 Recte
1304 4578 1385 4628 etiam
1406 4576 1479 4641 epod
1495 4577 1602 4628 Festum
1619 4589 1645 4641 p.
1663 4578 1711 4629 4844

384 4654 471 4710 ltucll.
490 4668 520 4707 se
537 4654 631 4707 habet:
656 4667 739 4707 444444
753 4655 819 4705 ides
836 4656 883 4717 (sc.
896 4652 986 4716 iidem)
1003 4666 1084 4716 aspro
1102 4654 1258 4717 pontificem,
1285 4655 1313 4704 et
1333 4663 1476 4717 perperam
1496 4649 1638 4705 ltuelleros
1653 4653 1712 4705 item

383 4729 516 4798 praetulit.
533 4758 568 4769 -
583 4731 625 4782 26.
643 4744 730 4781 4444444
745 4730 856 4781 44444444
866 4729 888 4778 V
904 4726 986 4780 solus.
1001 4755 1029 4764 -
1047 4727 1089 4778 at.
1107 4728 1187 4779 suco
1201 4728 1240 4779 rei
1252 4727 1369 4791 poeticae
1379 4727 1442 4777 TV:
1459 4732 1545 4778 4444444
1560 4729 1663 4790 enimes
1672 4742 1712 4779 eo·

384 4808 434 4859 lete
449 4809 484 4868 1³3
502 4808 627 4858 4444444444
643 4807 723 4858 adele
738 4808 768 4868 S;
786 4807 866 4857 444444
882 4804 960 4857 codd.
979 4803 1036 4860 alll;
1055 4804 1274 4855 admontenses·
1291 4803 1311 4854 0
1327 4830 1361 4839 —
1377 4806 1454 4863 etque
1468 4803 1560 4853 TVB:
1579 4808 1603 4853 et
1617 4805 1711 4855 440-

384 4883 426 4934 28.
443 4882 520 4945 44444]
537 4882 607 4933 illel
618 4909 652 4920 -
667 4882 694 4932 to
709 4882 840 4933 4444444444
850 4881 1001 4946 --44944144
1017 4885 1076 4930 44444
1092 4877 1235 4943 4444444444]
1252 4879 1291 4929 sic
1302 4876 1385 4929 verba
1402 4877 1429 4927 in
1441 4877 1493 4926 'lV
1509 4878 1628 4930 ordinato
1639 4882 1709 4940 sunt,

385 4970 454 5023 quae
472 4958 498 5008 ln
516 4956 594 5009 codd.
613 4956 721 5022 reliquis
738 4958 836 5009 misere
853 4954 959 5007 turbata
975 4954 1111 5018 leguntur,
1133 4955 1181 5006 sed
1204 4956 1231 5006 ia
1247 4955 1267 5005 T
1284 4954 1346 5018 poet
1361 4951 1492 5002 4444444444
1506 4954 1589 5005 verbo
1603 4970 1652 5019 pro
1666 4970 1710 5007 ee-

385 5033 570 5096 marcesci.
587 5035 683 5097 roeeeps'
704 5038 778 5096 atque
798 5033 870 5097 perd.
896 5032 925 5083 L.
943 5031 985 5081 tlte
1000 5036 1132 5092 mrqectoe
1147 5042 1204 5080 44444
1219 5032 1280 5079 esee
1296 5039 1365 5076 meae
1381 5026 1429 5087 (sic
1446 5025 1472 5077 h.
1486 5025 1514 5089 l.)
1530 5030 1712 5081 4444444444

384 5112 412 5161 44
427 5112 538 5176 4444444444
555 5109 603 5173 (sic
620 5109 646 5159 in
662 5107 721 5160 loco
738 5106 858 5173 repetito)
876 5106 974 5157 iterum
991 5108 1090 5172 scripta
1107 5105 1243 5170 leguntur:
1264 5106 1292 5155 44
1313 5102 1444 5153 connatam
1461 5117 1520 5155 cem
1534 5106 1638 5169 44444444
1653 5110 1713 5157 esset

385 5198 442 5236 44444
454 5186 571 5248 princepe
586 5185 720 5235 loommin
734 5188 810 5247 atace
823 5188 947 5245 4444444444
961 5183 1056 5246 minet.
1074 5187 1150 5232 444444
1166 5182 1268 5231 odlotor
1281 5180 1408 5243 4444444444
1424 5180 1507 5230 extitit
1521 5182 1556 5240 Bt
1579 5180 1607 5230 444
1622 5194 1713 5231 44444-

386 5260 441 5312 tcto
456 5274 514 5311 com
529 5260 632 5327 epctser
648 5264 708 5311 esset
723 5259 857 5311 4444444444
872 5262 947 5320 elpes
962 5259 990 5309 44
1004 5262 1112 5318 msere
1123 5257 1209 5321 [444444
1218 5260 1308 5307 arctor
1317 5255 1554 5320 marcellosae
1562 5256 1646 5307 4444444
1655 5268 1713 5307 ereo
