4009 6159
402 505 493 622 ttae.
835 545 985 612 omno
1007 546 1050 609 iu
1071 544 1106 609 ι.
1128 544 1305 614 nsoouu

402 707 556 802 vcantilinae,
577 732 627 776 me
647 712 794 778 universa
814 714 1014 806 civitas)non
1034 715 1122 797 prius
1143 716 1259 780 tabella
1280 733 1375 800 quam
1396 733 1474 780 roae
1494 712 1634 798 priorem
1641 714 1727 798 (con-
1772 765 1782 778 .

411 796 513 884 eulina
533 799 727 898 declaravit.)
755 808 794 871 ll.
817 807 879 871 Sed
901 809 1030 885 omitto,
1052 817 1088 873 ut
1108 810 1151 874 sit
1169 810 1270 874 iaetus
1290 816 1424 894 uterque
1444 816 1604 881 nostrum
1625 841 1669 854 -
1688 807 1729 870 sit

412 917 487 978 pane
508 900 591 984 ¹Fors
619 901 747 966 domina
776 904 894 986 campi:
924 901 1173 986 magnificentius
1200 912 1249 967 est
1269 903 1392 976 dicere,
1422 902 1578 987 quemad
1601 901 1728 966 modam

411 993 600 1073 gesserimus
622 995 837 1070 consulatum,
859 1016 952 1080 quam
976 999 1133 1080 quemad
1156 997 1283 1060 modum
1304 995 1491 1081 ceperimus.

386 1094 401 1142 t
494 1083 524 1149 i.
546 1089 614 1171 Ego
643 1089 795 1153 Kalendis
824 1091 977 1154 Ianuariis
1006 1097 1149 1161 sanatum
1178 1079 1336 1154 et'bonos
1358 1111 1466 1155 omnes
1488 1091 1567 1174 legis
1588 1091 1728 1174 agrariae

364 1229 374 1250 ,.
411 1180 681 1272 maximarumque
711 1183 913 1266 largitionum
940 1193 1027 1249 metu
1056 1185 1195 1248 liberavi.
1237 1185 1304 1267 Ego
1334 1204 1442 1266 agrum
1464 1184 1674 1268 Campanum,
1702 1184 1727 1246 si

410 1273 510 1366 dividi
532 1295 595 1339 non
619 1277 772 1360 oportuit,
801 1279 1001 1354 conservari3
1033 1281 1060 1343 si
1075 1278 1237 1362 oportuit,
1265 1278 1448 1341 melioribus
1476 1279 1659 1343 auctoribus
1681 1299 1731 1342 re·

249 1342 268 1458 ζ
411 1369 550 1449 sanavi.
581 1371 649 1453 Ego
678 1371 712 1434 in
735 1371 768 1436 C.
792 1372 937 1447 Rabirio,
966 1372 1194 1456 perduellionis
1215 1393 1284 1453 reo,
1312 1392 1355 1435 xi.
1376 1372 1468 1434 annis
1489 1380 1562 1436 ante
1585 1393 1635 1436 me
1656 1392 1730 1436 con·

281 1453 286 1549 J
411 1461 757 1552 dulemipterpositam
788 1474 915 1530 senatus
937 1468 1154 1547 auctoritatem
1176 1467 1313 1532 sustinui
1334 1473 1442 1528 contm
1462 1465 1614 1529 invidiam
1635 1474 1729 1549 atque

329 1540 549 1628 »deiciendi
585 1560 653 1642 Ego
675 1559 893 1626 adolescentes
914 1562 1017 1624 bonos
1031 1558 1204 1638 ‚et,sortes,
1231 1560 1286 1623 sed
1308 1580 1383 1623 usos
1405 1579 1443 1622 ca
1463 1559 1646 1623 conditione
1667 1559 1731 1622 lor·

411 1658 524 1728 tunae,
553 1659 606 1728 ut,
635 1655 663 1716 si
685 1662 793 1716 essent
812 1655 1013 1736 magistratus
1035 1657 1157 1739 adepti,
1179 1655 1225 1718 rei
1247 1654 1392 1738 publicae
1414 1662 1528 1719 statum
1550 1654 1729 1718 convolsuri

328 1815 331 1822 1
409 1745 609 1822 viderentur,
639 1747 717 1810 meis
739 1747 929 1822 inimicitiis,
957 1749 1055 1818 nulla,
1070 1748 1301 1817 senatusmala
1321 1747 1438 1832 gratia,
1463 1748 1661 1811 comitiorum
1682 1767 1729 1810 ra·

261 1873 290 1931 .'·
329 1845 332 1852 '
410 1839 651 1923 tioneprivavi.
684 1839 714 1903 5.
728 1842 796 1923 Ego
812 1842 984 1906 Antonium
1007 1843 1169 1925 collegam,
1191 1841 1343 1925 cupidum
1364 1843 1562 1926 provinciae,
1583 1841 1682 1904 multa
1696 1839 1729 1902 in

274 2004 278 2014 .
410 1934 594 2017 republica
615 1933 813 2012 molientem,
835 1935 986 2019 patientia
1007 1943 1105 2020 atque
1127 1937 1283 2021 obsequio
1305 1935 1544 2018 meo-mitigari.
1576 1933 1644 2016 Ego
1658 1952 1731 2016 pro·

227 2019 233 2032 “
337 2029 403 2088 'aia
411 2026 547 2092 vinciam
575 2027 709 2092 Galliam
737 2036 866 2093 senatus
893 2030 1080 2094 anctoritate
1112 2033 1252 2094 exercitu
1281 2037 1314 2093 ct
1342 2031 1476 2112 pecunia
1497 2030 1680 2092 instructam
1700 2034 1731 2090 et

288 2179 298 2198 ,
412 2127 569 2196 ornatam,
591 2141 685 2205 quam
707 2143 778 2188 cum
798 2122 937 2186 Antonio
962 2125 1168 2199 commutavi,
1192 2123 1278 2208 quod
1300 2125 1344 2187 ita
1358 2123 1576 2188 existimabam
1589 2127 1732 2204 tempora

411 2215 457 2278 rei
479 2216 625 2299 publicae
647 2216 794 2291 sarreia
816 2220 964 2281 contione
979 2218 1114 2302 deposui
1136 2217 1326 2282 reclamante
1347 2217 1467 2301 populo
1481 2218 1635 2279 Romano.
1665 2215 1730 2297 Ego

286 2342 309 2431 p
411 2309 447 2372 L.
470 2310 649 2388 Catilinam,
679 2310 807 2376 caedem
830 2319 974 2387 sanatus,
996 2312 1159 2376 interitum
1179 2313 1269 2374 urbis
1289 2331 1355 2375 non
1378 2312 1528 2385 obscure,
1550 2309 1608 2374 sed
1629 2309 1732 2393 palam

293 2406 295 2415 '
412 2403 610 2480 molientem,
633 2402 740 2488 egredi
762 2425 803 2469 ex
823 2406 901 2469 urbe
922 2407 1018 2480 iussi,
1040 2393 1084 2480 nt,
1103 2426 1202 2491 aquo
1217 2407 1339 2489 legibus
1354 2425 1420 2468 non
1435 2413 1626 2490 poteramus,
1647 2421 1732 2468 moa-

373 2498 504 2562 aonibus
532 2498 593 2563 tuti
620 2519 689 2564 esse
717 2520 892 2584 possemus.
928 2502 995 2583 Ego
1018 2501 1080 2564 tela
1102 2507 1243 2563 extremo
1265 2519 1373 2564 mense
1395 2499 1577 2578 consulatus
1600 2499 1662 2562 mei
1684 2499 1732 2560 in·

412 2598 498 2656 tenta
518 2592 634 2675 iugulis
656 2593 790 2657 civitatis
805 2595 844 2656 de
860 2596 1091 2658 coniuratorum
1105 2593 1235 2657 nefariis
1249 2594 1393 2656 manibus
1408 2593 1536 2657 extorsi.
1565 2593 1633 2675 Ego
1647 2591 1731 2656 laces

411 2686 475 2750 iam
503 2705 648 2750 accensas
670 2688 711 2752 ad
732 2687 826 2752 buius
848 2688 935 2752 urbis
957 2688 1139 2752 incendium
1161 2686 1401 2770 comprehendi,
1429 2687 1561 2770 protuli,
1583 2685 1731 2749 exstinxi.

412 2779 465 2842 lll.
488 2776 517 2840 6.
539 2780 590 2842 ble
612 2781 651 2856 Q.
675 2781 821 2855 Catulus,
846 2782 994 2865 princeps
1015 2782 1111 2844 huius
1133 2780 1254 2843 ordinis
1276 2787 1309 2842 et
1329 2787 1436 2843 auctor
1457 2778 1576 2862 publici
1597 2777 1732 2850 consilii,

281 2869 287 2906 2
391 2853 667 2959 '‘frequentissimo
691 2884 801 2941 senatu
824 2857 986 2959 paredlem
1008 2875 1129 2959 patriae
1150 2875 1333 2938 nominarit
1362 2872 1440 2936 blibi
1461 2873 1514 2936 bic
1527 2874 1577 2936 vir
1598 2871 1732 2936 clarissi-

375 2985 499 3044 tamua,
521 2969 576 3053 qui
597 2975 777 3053 propterte
799 2969 902 3045 sedet,
924 2972 958 3032 L.
982 2969 1118 3052 Gellius,
1139 2970 1189 3033 his
1211 2968 1410 3032 audientibus
1432 2966 1563 3032 civicam
1585 2987 1730 3031 eoronam

413 3061 521 3128 deberi
543 3084 562 3127 a
583 3085 617 3128 re
639 3065 765 3148 publica
786 3064 877 3128 dixit.
910 3064 987 3128 ldibi
1006 3070 1113 3147 togato
1128 3069 1272 3137 senatus,
1293 3083 1358 3126 non
1371 3069 1407 3126 ut
1421 3061 1526 3125 multis
1540 3063 1622 3127 bene
1635 3068 1732 3145 gesta,

413 3159 470 3222 sed
491 3167 525 3223 at
548 3160 668 3223 nemini
691 3168 875 3224 conservata
896 3179 930 3222 re
951 3158 1079 3242 publica
1101 3157 1251 3239 singulari
1273 3176 1388 3240 genere
1403 3155 1643 3238 supplicationis
1657 3157 1734 3220 deo·

411 3273 480 3316 rum
513 3253 736 3317 immortalium
766 3253 883 3336 templa
904 3251 1063 3336 patefecit.
1099 3253 1166 3334 Ego
1188 3271 1259 3314 cum
1281 3251 1314 3313 in
1337 3249 1484 3313 contione
1505 3249 1615 3312 abiens
1636 3249 1734 3331 magi·

412 3354 509 3412 stratu
530 3347 634 3412 dicere
656 3367 674 3412 a
696 3347 821 3411 tribuno
844 3346 887 3430 pl.
909 3345 1095 3431 prohiberer
1109 3365 1192 3428 quae
1207 3345 1443 3417 constitueram,-
1462 3363 1598 3427 cumque
1613 3344 1640 3406 is
1655 3342 1731 3406 mibi

205 820 328 936 νὴ.

479 3680 503 3730 4.
518 3678 604 3742 priore
620 3677 638 3728 F
656 3699 682 3713 -
701 3675 726 3728 4.
744 3675 947 3726 consumam„
958 3675 1094 3738 ceperimus
1109 3686 1162 3725 om.
1176 3675 1202 3723 F.
1226 3670 1323 3723 alludit
1338 3671 1372 3723 ed
1389 3669 1476 3722 torum
1493 3669 1595 3722 Flavius
1605 3671 1733 3736 Vopiscus

413 3757 438 3808 in
455 3769 481 3806 v.
500 3753 580 3804 Taciti
597 3765 620 3804 c.
635 3752 675 3803 43.
695 3777 723 3790 -
742 3753 767 3802 5.
785 3765 830 3816 ego
847 3753 935 3802 Fas:
952 3764 1013 3816 ergo
1029 3751 1078 3802 ΕΡ
1097 3777 1125 3787 -
1143 3749 1223 3799 amaia
1238 3751 1260 3798 G
1278 3773 1305 3782 -
1324 3747 1349 3797 0.
1367 3747 1394 3795 ia
1408 3745 1522 3810 grabiio
1538 3748 1572 3806 G,
1589 3747 1618 3796 ia
1632 3745 1734 3809 grabri-

411 3833 451 3882 rio
467 3832 488 3882 E
506 3857 532 3866 -
556 3841 584 3880 rr
600 3828 674 3878 anab
690 3828 708 3878 F
728 3854 754 3864 —
782 3829 823 3878 44.
842 3839 891 3878 aare
913 3827 1055 3878 coaouiaai
1071 3826 1091 3877 E
1107 3823 1188 3876 solus.
1209 3850 1236 3858 —
1261 3823 1300 3873 43.
1318 3822 1438 3886 collegam
1454 3835 1507 3872 om.
1526 3821 1544 3870 F
1563 3843 1591 3856 -
1608 3820 1735 3884 moliaque

413 3904 492 3958 codd.
510 3905 611 3956 Faerni.
637 3902 792 3954 Tenendum
815 3905 855 3954 est
879 3904 1010 3954 isarnum
1032 3903 1140 3966 praeter
1154 3899 1177 3950 V
1193 3912 1246 3950 aon
1263 3897 1389 3948 habuisse
1406 3897 1456 3947 nist
1472 3896 1579 3947 codices
1595 3895 1734 3947 deterioris

413 3985 501 4034 nome.
521 4008 548 4018 -
569 3980 609 4032 tl.
627 3993 682 4030 meo
698 3991 751 4030 om.
772 3979 790 4029 F
810 4005 835 4017 -
856 3979 896 4032 40.
914 3978 1065 4030 commutarat
1082 3977 1257 4027 Hotomanus:
1275 3972 1456 4024 communicavi
1473 3972 1532 4023 CO.
1551 3971 1590 4022 Ci.
1603 3971 1631 4022 E.
1644 3972 1734 4035 Hagen

414 4058 535 4117 witao,
559 4057 612 4108 siaa
633 4056 718 4106 lator.
739 4055 923 4119 Untaraictiaag
944 4052 1077 4118 (Kantgsb.
1096 4051 1167 4113 iaci)
1185 4065 1211 4116 p.
1231 4049 1278 4101 494
1294 4063 1336 4113 sq.
1364 4047 1540 4100 Commendat
1560 4045 1603 4098 ille
1625 4046 1733 4112 quidem

413 4131 593 4184 neeessariam
616 4131 809 4182 correctionem
832 4131 994 4190 emanarant,
1019 4127 1067 4180 sed
1090 4129 1147 4178 siae
1165 4139 1245 4177 causa
1262 4123 1343 4176 verba
1360 4124 1399 4174 sic
1415 4122 1610 4186 transponenda
1627 4124 1730 4173 censet:

413 4210 467 4273 ligo
481 4208 614 4259 Antonium
626 4233 640 4245 -
649 4237 664 4248 -
674 4206 788 4270 mitigavi
802 4205 1008 4268 provinciamque
1022 4209 1122 4255 amotos
1138 4209 1234 4254 auctor.
1252 4214 1294 4251 ec.
1307 4205 1331 4250 ct
1343 4212 1397 4262 pec.
1414 4198 1563 4247 instructam
1578 4201 1602 4247 at
1616 4201 1735 4246 matera

412 4299 469 4336 cam
485 4284 589 4336 duania
606 4281 657 4347 ivel
673 4295 730 4332 arca
745 4281 781 4345 ec)
798 4281 956 4332 commutavi.
974 4282 1029 4344 Ego
1043 4281 1213 4343 pmoiaciaat,
1230 4276 1344 4338 0400--
1353 4275 1435 4335 serre,
1453 4274 1480 4323 io
1496 4273 1609 4322 contione
1624 4272 1732 4335 deposci.

414 4386 441 4397 ·-
454 4360 495 4411 20.
508 4371 589 4410 marma
598 4357 720 4408 decorabat
731 4357 750 4406 E
762 4383 786 4393 -
802 4357 843 4407 ai.
856 4355 947 4420 inpiatis
958 4368 1011 4406 om.
1025 4356 1043 4404 F
1054 4355 1080 4404 in
1091 4353 1195 4404 lacuna.
1209 4379 1235 4390 -
1249 4351 1290 4403 23.
1302 4363 1389 4413 aragus
1399 4348 1526 4399 amalarii
1540 4375 1568 4384 -
1580 4349 1621 4398 25.
1631 4353 1735 4410 propter

413 4435 462 4494 is,
473 4435 617 4485 Arusianus
629 4447 655 4498 p.
665 4433 713 4484 255
725 4431 766 4495 (ci.
780 4433 860 4482 etiam
871 4430 957 4482 schol.
972 4431 1070 4482 Lucani
1080 4431 1100 4492 1,
1113 4443 1138 4479 v.
1152 4427 1223 4489 aaut:
1239 4423 1359 4477 iactati.
1378 4424 1468 4475 Glossa
1485 4435 1577 4474 veram
1593 4422 1733 4473 lectionem

414 4507 519 4574 expulit,
530 4512 562 4574 pt
578 4509 712 4560 invectum
728 4509 770 4558 est
786 4507 845 4571 §20
861 4507 960 4557 motata
971 4506 1098 4570 (comita)
1115 4517 1163 4571 pro
1180 4502 1303 4565 waiam,
1322 4499 1527 4564 §atgrecum
1542 4509 1591 4560 pro
1605 4497 1732 4561 progredi,

414 4584 468 4648 sat
487 4584 541 4633 ocii'
585 4585 590 4595 “
618 4595 667 4648 pro
682 4583 792 4646 fmcal'm
810 4583 826 4648 5
842 4583 872 4634 62
889 4583 982 4633 adunit
996 4596 1046 4647 pro
1059 4580 1214 4644 maompuit,
1233 4578 1291 4642 §68
1306 4577 1372 4641 fagit
1386 4588 1435 4640 pro
1451 4574 1579 4639 [edidicit.
1594 4599 1621 4610 -
1639 4574 1701 4624 aedit
1716 4575 1734 4622 S

416 4685 443 4696 -
456 4659 563 4715 civicam
602 4659 634 4709 S:
652 4658 682 4709 de
697 4671 790 4720 gaiam
805 4658 854 4708 civi
870 4669 927 4708 eam
942 4657 1003 4707 E·
1022 4657 1063 4707 26.
1077 4670 1095 4706 a
1109 4668 1138 4706 re
1150 4670 1179 4717 p.
1197 4654 1258 4704 Es:
1277 4666 1295 4702 a
1306 4665 1334 4714 p.
1347 4653 1375 4702 ii.
1395 4651 1412 4700 F
1429 4652 1457 4700 et
1472 4661 1541 4699 nnus
1552 4648 1634 4698 oxon.
1658 4645 1732 4699 coni.

414 4732 472 4786 Aul.
490 4731 553 4783 Gall.
572 4732 602 4794 V,
622 4732 650 4792 o,
670 4733 716 4783 ia:
741 4733 796 4783 Hac
817 4744 911 4784 coram
932 4731 1013 4782 abac
1033 4733 1062 4782 i..
1087 4730 1190 4791 Geitiar,
1214 4730 1256 4779 cir
1276 4728 1414 4787 omorio,
1438 4726 1466 4775 ta
1484 4729 1573 4774 amata
1594 4723 1734 4774 cicaronem

413 4808 537 4860 coaaulem
553 4807 643 4858 meari
659 4821 677 4858 a
692 4821 720 4859 ra
734 4807 834 4871 publica
849 4807 955 4868 ccam,
974 4807 1102 4870 guadeat.
1117 4832 1144 4842 -
1163 4804 1543 4868 bemgerta--coasaroctara
1556 4812 1583 4861 p.
1597 4797 1732 4848 Garatoni:

414 4885 473 4936 botta
488 4887 571 4947 gaiae
581 4909 620 4922 --
631 4888 790 4934 aoaaauatae
805 4883 844 4934 rei
856 4897 883 4944 g.
897 4883 957 4934 CO.
976 4882 1015 4933 Gi.
1027 4895 1067 4932 or.
1080 4882 1106 4931 in
1119 4881 1175 4932 Cat.
1188 4880 1235 4938 444,
1254 4879 1313 4944 §ib
1330 4879 1358 4928 et
1373 4876 1416 4937 iv,
1431 4874 1499 4939 fiat,
1517 4871 1563 4923 ubi
1580 4874 1644 4923 item
1654 4870 1733 4922 codd.

415 4961 481 5012 dett.
499 4956 627 5010 ablativos
643 4957 757 5020 habent,
776 4971 819 5023 ep.
837 4958 873 5010 ad
888 4959 960 5009 Fam.
978 4956 1033 5020 liv,
1051 4955 1081 5018 4,
1099 4957 1140 5006 44.
1159 4955 1327 5019 (commotae
1346 4953 1385 5003 rei
1403 4965 1429 5014 p.
1447 4947 1612 5000 ammonam
1631 4947 1696 4998 dedit
1712 4951 1736 4997 at

414 5034 538 5101 angulari
551 5031 644 5085 bamb.
657 5033 684 5083 in
700 5043 783 5096 marg.
797 5032 840 5084 ed.
854 5033 912 5084 tasi
934 5046 950 5083 e
967 5034 1020 5083 vet.
1034 5030 1104 5091 cod..
1121 5032 1152 5080 ut
1166 5028 1221 5092 alt.)
1234 5055 1263 5066 ·-
1280 5028 1321 5079 08.
1338 5025 1510 5078 inmortalium
1525 5023 1546 5074 E
1564 5049 1591 5059 -
1610 5023 1664 5086 ligo
1678 5033 1736 5071 aiax

415 5139 453 5153 --
465 5125 514 5164 aare
528 5111 625 5162 raim
641 5109 724 5161 babet
739 5111 761 5161 A
778 5135 806 5146 -
825 5111 866 5162 29.
885 5124 903 5161 a
918 5110 975 5160 trib.
990 5108 1028 5171 pi.
1047 5108 1128 5158 dicere
1141 5105 1285 5170 maldam
1300 5117 1332 5154 aa
1347 5115 1412 5166 guae
1427 5103 1462 5164 A,
1482 5111 1552 5162 qnae
1567 5098 1646 5151 tectio
1662 5096 1735 5147 haud

413 5191 472 5244 scio
488 5201 522 5240 an
538 5185 658 5251 vulgatae
675 5185 848 5254 praeterendo
865 5185 907 5238 sit.
926 5211 955 5222 ·-
978 5197 1083 5247 curgaa
1099 5182 1136 5233 C:
1159 5182 1254 5232 emat
1275 5178 1352 5243 prob.
1370 5177 1450 5230 armo
1469 5188 1496 5240 p.
1514 5173 1576 5224 299:
1600 5170 1734 5223 «alaram

416 5279 493 5331 guma
511 5261 648 5316 subiicitur
664 5260 811 5333 prioribus,
830 5264 860 5314 ut
875 5259 1028 5328 explicatio,
1045 5270 1099 5310 noa
1114 5259 1259 5309 ainornm
1275 5255 1338 5321 quid
1355 5254 1484 5306 dicatur.»
