4009 6159
683 585 756 649 cn».
777 584 1012 650 xxs-xxrr.
1040 583 1087 669 ss
1109 582 1256 650 sr-eo.
1568 583 1632 649 ost

313 774 418 821 sensu.
461 751 512 817 48.
533 754 696 837 Denique,
725 775 796 819 cum
818 755 924 821 omnia
949 773 1074 836 semper
1095 755 1135 817 ad
1155 754 1338 837 dignitatem
1358 755 1550 819 rettulissem
1571 775 1631 819 neo

312 847 381 913 sine
410 868 448 913 ea
468 849 642 933 quidquam
674 850 885 932 expetendum
913 868 983 911 esse
1012 848 1132 911 homini
1153 851 1187 912 in
1209 850 1273 912 site
1293 856 1468 931 putassem,
1489 856 1631 923 mortem,
1740 934 1751 944 .
1838 910 1845 927 ,

311 962 405 1029 quam
428 943 523 1007 etiarn
545 943 682 1025 virgines
701 943 846 1017 Athonis,
867 945 967 1033 regis,
989 943 1118 1023 opinor,
1140 941 1308 1005 Erechthei
1329 938 1430 1017 iiiios,
1451 962 1509 1025 pro
1530 943 1631 1025 patrie

310 1037 537 1121 contempsisse
564 1037 729 1112 dicuntur,
759 1056 819 1117 ego
840 1036 889 1099 vir
916 1036 1091 1098 consularis
1113 1036 1209 1099 tantis
1230 1036 1324 1098 rebus
1346 1037 1444 1118 gestis
1465 1036 1630 1100 timerem?

309 1131 495 1216 praesertim
525 1150 596 1193 curn
619 1130 687 1192 eius
709 1149 810 1193 essem
835 1128 986 1203 civitatis,
1015 1149 1057 1190 ox
1078 1149 1141 1212 qua
1164 1129 1197 1192 C.
1219 1129 1343 1192 hiucius
1365 1130 1453 1195 solus
1473 1130 1508 1195 iu
1530 1139 1655 1195 cutus

309 1227 467 1290 Porsenae
489 1223 629 1287 venisset
650 1242 785 1305 eumque
806 1221 981 1285 interficere
1002 1224 1165 1305 proposita
1187 1223 1248 1285 sibi
1265 1230 1365 1286 morte
1380 1231 1512 1288 conotus
1526 1227 1629 1287 esset?

309 1340 348 1383 ex
371 1338 434 1403 qua
455 1320 489 1381 P.
510 1318 625 1379 Decius
646 1317 780 1399 primurn
802 1322 906 1398 pater,
929 1324 1004 1397 post
1024 1316 1146 1400 aiiquot
1166 1336 1268 1380 annos
1288 1317 1391 1399 petris
1404 1318 1518 1381 virtute
1538 1338 1630 1401 prae-

307 1412 393 1475 ditus
420 1408 504 1474 iilius
533 1430 569 1473 se
598 1429 634 1473 ac
655 1409 752 1471 vitam
781 1428 870 1472 suam
900 1410 1054 1473 instructa
1073 1410 1142 1473 scie
1163 1429 1222 1491 pro
1244 1410 1346 1472 salute
1366 1412 1476 1493 populi
1498 1412 1629 1475 Romani

306 1506 501 1588 victoriaque
530 1503 734 1567 devovisset?
763 1522 803 1565 en
832 1522 896 1587 qua
924 1502 1170 1565 innumerabiles
1198 1504 1251 1567 siit
1266 1504 1386 1585 ¹purtim
1406 1496 1628 1586 adipiscendae

306 1599 426 1674 laudis,
447 1598 562 1682 partim
583 1597 732 1660 vitandae
752 1596 957 1679 turpitudinis
981 1616 1075 1659 musa
1089 1606 1223 1661 mortem
1237 1598 1272 1661 in
1287 1597 1382 1662 variis
1394 1597 1666 1683 beiiis'uequisso

307 1693 393 1756 simis
415 1690 529 1756 animis
551 1690 773 1774 oppetissenti
795 1692 827 1753 in
844 1710 907 1773 qua
923 1690 1050 1754 civitate
1062 1692 1132 1775 ipse
1146 1694 1378 1765 meminissem,
1399 1698 1521 1775 petrem
1534 1692 1629 1755 buius

306 1788 348 1849 Μ.
371 1786 491 1860 Crassi,
512 1784 719 1847 fortissimum
742 1785 856 1858 virum,
886 1804 927 1846 ne
949 1785 1070 1848 videret
1090 1787 1239 1849 victorem
1262 1786 1355 1848 siuns
1377 1785 1555 1860 inimicum,
1577 1803 1629 1847 ea·

306 1880 378 1942 dem
399 1880 459 1943 sihi
481 1898 577 1941 manu
591 1878 684 1940 sitam
708 1877 910 1951 exhausisse,
932 1898 996 1962 qua
1017 1887 1151 1942 mortem
1173 1897 1267 1962 saepo
1281 1878 1425 1941 hostibus
1439 1878 1629 1941 obtulisset?

305 1973 407 2035 XXii.
429 1968 481 2034 49.
502 1972 588 2037 Haeo
611 1991 670 2054 ego
693 1980 725 2033 et
746 1972 844 2034 multa
865 1972 926 2035 aliu
948 1974 1091 2054 cogitans
1111 1972 1172 2035 hoo
1192 1958 1355 2047 ridebam,
1377 1972 1404 2034 si
1424 1991 1549 2035 causam
1571 1993 1630 2054 pu·

304 2065 417 2130 biioarn
439 2084 510 2128 msa
531 2085 616 2129 mors
637 2066 837 2148 peremisset,
859 2066 1019 2129 neminem
1033 2086 1184 2150 umquam
1208 2056 1292 2139 iore,
1315 2066 1369 2148 qui
1385 2066 1517 2131 auderet
1529 2064 1629 2129 susci·
1638 2077 1666 2123 so

303 2178 380 2241 pere
409 2166 518 2224 contre
548 2160 709 2241 improbos
731 2160 816 2221 oives
846 2160 980 2223 salutem
1001 2160 1048 2221 rei
1069 2158 1226 2241 publicae.
1258 2160 1370 2243 ltaque
1390 2178 1457 2223 non
1478 2159 1579 2223 solum
1600 2159 1628 2221 si

303 2252 335 2315 vi
363 2254 560 2329 interissem,
589 2254 647 2317 sed
677 2253 771 2318 etiam
802 2254 828 2315 si
857 2252 968 2316 morbo
991 2252 1166 2316 exstinctus
1187 2270 1308 2327 essem,
1334 2252 1404 2315 fore
1424 2253 1574 2336 putabam
1593 2258 1629 2315 ut

302 2345 483 2429 exemplum
506 2346 720 2430 reipublicae
743 2346 979 2410 conservandae
1000 2362 1123 2411 mecum
1144 2347 1239 2410 simui
1259 2346 1412 2411 interiret.
1441 2347 1521 2423 Quis
1543 2347 1627 2413 enim

302 2459 451 2523 umquam
473 2460 523 2503 me
545 2460 565 2504 s
586 2448 696 2505 senatu
719 2441 904 2524 populoque
926 2440 1071 2503 Romano
1092 2447 1180 2503 tanto
1195 2441 1337 2504 omnium
1350 2440 1509 2505 bonorum
1522 2439 1628 2505 studio

300 2552 367 2597 non
388 2534 555 2609 restituto,
577 2535 663 2619 quod
686 2542 786 2609 certe,
818 2535 844 2597 si
867 2553 969 2598 essem
991 2532 1194 2607 interiectus,
1215 2533 1360 2597 accidere
1380 2552 1444 2597 non
1464 2528 1665 2617 posuissetis

302 2626 400 2689 ullam
427 2627 473 2694 rei
501 2627 646 2710 publicae
676 2634 797 2710 partem
827 2648 898 2690 cum
929 2647 986 2691 sua
1007 2627 1138 2689 minima
1159 2627 1278 2690 insidia
1299 2629 1430 2691 auderet
1449 2628 1627 2711 sumsere?

302 2718 430 2783 Servavi
451 2720 548 2803 igitur
569 2740 634 2784 rem
657 2721 815 2804 publicam
837 2721 978 2783 discessu
1000 2741 1081 2793 meo,
1103 2721 1243 2795 iudices3
1266 2720 1396 2785 eaedem
1410 2740 1430 2783 a
1443 2721 1536 2785 robis
1549 2722 1628 2787 iibe-

301 2814 412 2897 sisque
432 2813 564 2888 vestris,
585 2816 781 2889 vastimtern,
803 2815 964 2887 incendia,
987 2816 1113 2897 rapinas
1128 2834 1201 2877 meo
1216 2815 1325 2879 dolore
1343 2815 1494 2898 iuotuque
1509 2815 1627 2907 depuli,

302 2915 334 2969 et
361 2925 445 2975 unus
466 2906 516 2970 bis
542 2926 609 2970 rem
630 2908 786 2990 publicam
809 2910 946 2981 servavi,
975 2908 1074 2971 semei
1095 2907 1211 2990 gioria,
1240 2910 1354 2971 iterum
1376 2927 1526 2972 aerumna
1546 2928 1627 2980 mea.

300 3002 414 3084 Neque
435 3001 521 3063 enim
542 3000 576 3063 iu
598 3001 659 3065 hoc
681 3020 730 3063 nre
751 3002 913 3065 hominem
935 3020 1006 3064 csso
1026 3001 1187 3079 infitiabor
1200 3021 1369 3085 umquam,
1390 3010 1426 3065 ut
1440 3022 1490 3065 nrs
1505 3003 1663 3085 optimos·

298 3093 412 3169 fratre,
435 3094 604 3159 carissimis
624 3094 743 3169 liberis,
766 3092 915 3158 fidissima
929 3096 1082 3176 coniuge,
1103 3103 1209 3158 vestro
1224 3102 1411 3177 conspectu,
1432 3096 1544 3179 petria,
1564 3096 1626 3161 hoc

299 3186 431 3257 honoris
459 3188 559 3271 gradu
587 3190 656 3251 sine
683 3188 792 3255 dolore
822 3188 961 3253 caruisse
984 3188 1110 3271 glorier.
1144 3187 1240 3264 Quod
1260 3188 1289 3251 si
1309 3188 1470 3264 iecissem,
1499 3188 1625 3275 quoda

301 3300 351 3343 me
371 3278 558 3345 beneficium
580 3282 756 3355 haberetis,
778 3302 850 3345 cum
871 3302 928 3365 pro
950 3282 1042 3346 vobis
1063 3300 1119 3357 ea,
1141 3280 1323 3365 quaemihi
1345 3290 1452 3347 essent
1464 3282 1555 3357 vilis,
1575 3301 1625 3347 re·

299 3372 490 3455 liquissemt
511 3374 580 3439 Hoc
601 3394 672 3438 mco
695 3375 825 3460 quidem
846 3376 952 3439 animo
966 3377 1082 3439 summi
1096 3376 1130 3444 in
1143 3378 1278 3459 patriam
1291 3377 1409 3441 amoris
1423 3375 1485 3443 mei
1499 3375 1623 3458 signum

300 3486 370 3531 esse
391 3468 486 3533 debet
507 3468 729 3545 certissimum,
752 3471 854 3555 quod,
875 3489 948 3533 cum
970 3469 1081 3532 abesse
1102 3469 1142 3532 ab
1158 3490 1196 3533 ea
1211 3472 1280 3535 sine
1295 3489 1418 3533 summo
1434 3471 1543 3535 dolore
1557 3482 1661 3534 nonae

298 3580 442 3643 possem,
471 3561 557 3627 hunc
589 3583 640 3627 me
667 3565 788 3647 perpeti
817 3582 911 3648 quam
938 3563 1026 3627 iiiam
1054 3562 1236 3627 labefactari
1266 3563 1305 3626 ab
1334 3564 1487 3647 improbis
1516 3562 1622 3627 malui.

298 3652 350 3717 50.
371 3656 593 3731 Memineram,
622 3658 762 3734 iudices,
784 3658 928 3721 divinum
950 3658 1037 3720 iilum
1060 3656 1161 3720 virum
1183 3665 1280 3741 atquc
1301 3677 1343 3719 ex
1362 3658 1479 3732 isdem,
1507 3657 1622 3741 quibus
1784 3722 1792 3737 ,

297 3768 374 3823 nos,
395 3749 555 3814 rsdioibus
577 3759 686 3814 natum
707 3752 747 3814 ed
770 3752 902 3815 salutem
923 3750 1018 3817 huius
1039 3750 1184 3833 imperii,
1206 3750 1240 3812 C.
1259 3749 1410 3831 hiarium,
1429 3769 1551 3818 summa
1571 3770 1622 3813 sc-
1762 3745 1779 3813 ὅ

297 3847 443 3918 nectuto,
464 3861 536 3906 cum
559 3844 589 3907 vi
610 3862 711 3927 prope
734 3846 889 3908 iustorum
912 3864 1070 3909 armorum
1092 3842 1298 3926 profugisset,
1319 3845 1422 3927 primo
1437 3844 1538 3907 senile
1551 3862 1621 3906 cor-

296 3956 358 4020 pus
386 3934 555 4023 paludibus
582 3937 758 4002 occultasse
788 3938 983 4013 demersum,
1013 3937 1129 4001 deinde
1158 3937 1198 4001 ad
1225 3936 1406 4001 infimorum
1434 3958 1470 4002 ac
1500 3938 1657 4002 tenuis-as

297 4030 452 4098 rimorum
477 4030 642 4097 hominum
671 4028 864 4116 [Minturnis]
889 4030 1137 4099 misericordiam
1165 4030 1364 4114 confugisse,
1390 4030 1465 4095 inde
1490 4030 1618 4113 navigio
1724 4026 1774 4094 ἦ..

362 4377 386 4427 t.
403 4376 549 4428 mistum
565 4378 598 4428 P:
616 4376 753 4429 misissem
770 4378 860 4429 GO—
879 4380 904 4432 h.
922 4380 993 4430 sices
1009 4380 1079 4431 1³¹-
1099 4378 1264 4441 croceuosnP
1283 4401 1311 4416 -
1329 4378 1497 4441 mesmes
1512 4380 1532 4429 G
1548 4391 1617 4430 corr.

299 4453 1620 4518 -ssosuss--ctcruuehsbets-³.optsorom.s-srscsoet1>o;srsorooA-t.sor

295 4526 546 4591 detumescens,
566 4529 610 4593 qui
627 4528 709 4581 habet
725 4530 942 4581 eius-diucius.
962 4556 989 4566 -
1010 4529 1036 4580 G.
1056 4531 1089 4580 A:
1109 4531 1139 4592 0.
1157 4529 1236 4580 PGO
1254 4554 1282 4565 -
1300 4528 1470 4579 rusco—
1490 4528 1515 4579 6.
1531 4541 1619 4591 porse·

294 4604 703 4667 useboorr.erporu'ncs.-
729 4604 942 4655 tostiustt-
964 4604 1158 4666 otiosow·
1181 4600 1453 4655 sommum·
1478 4603 1620 4653 tomos
1700 4607 1716 4673 ,t

292 4676 809 4742 poesmussscasinrsup.1rn.m.e
826 4679 973 4729 recentiore
991 4677 1112 4743 suppleta
1129 4680 1241 4730 sunt—
1261 4677 1513 4741 ⁴3.opssttrserr-
1533 4678 1620 4728 tuet-
1710 4681 1721 4709 r
1751 4683 1758 4702 ‘

293 4752 841 4814 sur30m.o-sutuemrstp.ro:
864 4753 1176 4815 reipsututesreo-
1200 4755 1620 4805 tiramuscam-sc·

294 4825 554 4877 mpii-⁴9.
574 4826 839 4878 contemmere:
865 4826 1451 4881 bos.omstumso-23.ouscssn1³¹-
1475 4827 1619 4879 sebe--

295 4912 349 4951 ων.
366 4900 598 4952 mbabeth-
617 4902 811 4965 Mesenen,
829 4902 859 4952 ut
875 4902 981 4967 scripsit
996 4905 1136 4955 Graevius:
1157 4906 1196 4957 Jt.
1211 4905 1341 4967 esem
1359 4905 1389 4954 fl.
1405 4900 1490 4965 Pbtb
1500 4912 1564 4953 cum
1574 4899 1619 4952 iin.

295 4975 413 5039 meta)
430 4974 738 5037 ermpubtbtro-
756 4977 994 5029 musmones
1011 4976 1539 5042 usu-uutsseotltttoexpunotr)
1557 4976 1619 5026 P-

295 5050 872 5113 spumoso-st.stcorr.orsso-
895 5052 1400 5117 ao.stses·dcsorosospcmpo:
1422 5062 1620 5113 suspensum.

295 5123 990 5179 r.setrrsro-3r.ossr1³s1:ttssemo¹o-
1010 5121 1623 5193 83.botsstespsstt(mertP¹)Pflttsrperti

295 5198 445 5262 ωωιος
467 5199 501 5252 os.
520 5198 553 5265 ss
570 5198 612 5251 ce.
630 5200 671 5252 ss.
690 5202 722 5252 so
739 5202 790 5252 ces.
807 5202 898 5255 -ss
915 5204 1068 5268 rescripsi:
1086 5205 1248 5264 verrom
1271 5196 1622 5267 metutam-eruo

294 5272 388 5327 hamb.
408 5300 437 5313 -
456 5275 497 5329 36.
514 5277 652 5331 brutum
661 5280 720 5329 Pa:
737 5276 947 5329 bitumum
963 5276 1107 5329 Lambinus
1124 5276 1166 5342 (ot.
1178 5276 1307 5333 Wesenb
1319 5290 1347 5343 p.
1359 5275 1413 5340 biit
1434 5274 1572 5329 lecestr
1585 5272 1622 5322 ita
