4009 6159
682 588 764 685 ¹cn.
786 590 935 655 v-vn.
962 586 1009 673 ss
1031 584 1179 651 tr-tc.
1535 578 1599 647 ose

280 780 374 845 quem
397 760 478 824 scias
499 777 651 843 umquam
672 759 809 842 legatum
823 760 1066 845 Hispaniensem
1086 760 1156 824 istis
1177 758 1341 823 itineribus
1362 757 1398 820 in
1418 758 1506 821 illam
1528 778 1600 841 pro·

280 855 415 919 vinciam
436 854 644 937 pervenisset

365 944 415 1011 43.
437 950 551 1012 Factus
573 968 607 1011 es
628 948 775 1012 tribunus
797 950 858 1031 ple
881 982 922 997 -
939 948 1017 1033 quid
1040 949 1124 1012 enim
1146 954 1177 1010 te
1200 946 1239 1010 de
1261 946 1523 1029 Hispaniensibus
1544 947 1601 1010 tla-

282 1046 366 1127 gitiis
388 1045 450 1106 tuis
473 1042 763 1126 sordidissimisque
784 1044 875 1106 furtis
896 1045 1110 1125 interrogem?
1131 1074 1173 1088 -
1195 1059 1314 1125 quaero
1335 1039 1390 1103 abs
1411 1046 1444 1102 te
1465 1040 1600 1121 primum

281 1140 442 1214 universe,
474 1136 559 1221 quod
583 1156 683 1219 genus
705 1138 915 1221 improbitatis
938 1145 970 1200 et
992 1136 1119 1199 sceleris
1140 1136 1173 1197 in
1196 1154 1235 1197 eo
1257 1134 1442 1217 magistratu
1462 1141 1601 1217 praeter-
1623 1146 1639 1189 t

280 1234 422 1297 miseris?
444 1233 489 1294 Ac
509 1230 567 1293 tibi
589 1232 653 1294 iam
675 1230 749 1295 indo
770 1231 966 1313 praescribo,
988 1250 1029 1293 ne
1051 1237 1120 1293 tuas
1143 1228 1251 1292 sordes
1269 1248 1339 1291 cum
1355 1228 1602 1291 clarissimorum

280 1327 420 1391 virorum
448 1325 617 1409 splendore
644 1326 846 1408 permisceas.
885 1326 953 1405 Ego
982 1332 1013 1387 te
1040 1342 1257 1407 quaecumque
1278 1322 1395 1405 rogabo
1417 1320 1457 1384 de
1478 1328 1510 1384 te
1531 1324 1602 1406 ipso

280 1420 415 1503 rogabo,
437 1440 541 1503 neque
563 1428 594 1483 te
617 1440 657 1483 ex
679 1419 865 1503 amplissimi
887 1418 946 1482 viri
969 1418 1137 1501 dignitate,
1162 1415 1219 1480 sed
1240 1437 1282 1480 ex
1302 1416 1365 1479 tuis
1386 1416 1526 1480 tenebris
1548 1436 1604 1478 ex·
1682 1471 1685 1476 A

280 1516 417 1591 trabam3
447 1514 616 1598 omniaque
642 1534 713 1578 mea
740 1516 802 1577 tela
829 1515 873 1577 sic
901 1513 934 1575 in
965 1519 996 1575 te
1019 1512 1241 1587 coniicientur,
1269 1518 1306 1574 ut
1325 1531 1418 1575 nemo
1439 1531 1495 1595 per
1516 1517 1602 1573 tuum

280 1610 380 1684 latus,
415 1609 500 1694 quod
532 1608 615 1672 soles
643 1607 766 1683 dicere,
796 1608 971 1671 saucietur:
1004 1607 1039 1669 in
1066 1607 1127 1669 tuis
1149 1605 1353 1688 pulmonibus
1374 1624 1411 1668 ac
1431 1604 1642 1668 visceribusto

280 1703 465 1766 haerebunt.
508 1704 561 1765 vt.
584 1699 634 1764 44.
666 1704 706 1765 Et
734 1704 884 1787 quoniam
916 1702 1056 1765 omnium
1085 1719 1190 1764 rerum
1212 1719 1395 1783 magnarum
1415 1700 1455 1762 ab
1477 1699 1526 1762 dis
1547 1700 1605 1761 im·

281 1796 467 1861 mortalibus
489 1797 643 1881 principia
665 1797 840 1873 ducuntur,
863 1796 935 1859 volo
958 1805 994 1859 ut
1013 1795 1091 1859 mihi
1112 1794 1322 1884 respondeas,
1345 1801 1395 1869 tu,
1418 1795 1525 1878 quite
1546 1794 1605 1875 Py-

281 1892 467 1973 thagoreum
496 1892 580 1955 soles
610 1890 714 1955 dicere
737 1900 768 1955 et
788 1891 926 1956 bominis
949 1889 1122 1954 doctissimi
1143 1910 1258 1953 nomen
1280 1891 1342 1953 tuis
1363 1887 1552 1952 immanibus
1575 1894 1607 1950 et

280 1986 423 2050 barbaris
452 1986 592 2050 moribus
623 1986 846 2069 praetendere:
872 1980 962 2073 duae
992 1992 1023 2048 te
1052 1992 1138 2048 tanta
1166 1986 1304 2068 pravitas
1325 1983 1439 2046 mentis
1459 1980 1607 2069 tenuerit,

282 2082 337 2167 qui
359 2088 466 2144 tantus
487 2076 598 2155 buron)
606 2088 658 2155 ut,
681 2101 753 2143 cum
774 2079 916 2143 inaudita
938 2099 975 2143 ae
996 2077 1118 2142 nelarie
1139 2096 1228 2141 sacra
1249 2078 1445 2160 succeperis,
1467 2094 1539 2139 cum
1560 2076 1645 2139 ints

280 2174 420 2238 ferorum
442 2174 561 2238 animas
583 2174 714 2248 elicere,
737 2195 807 2237 cum
829 2192 999 2257 puerorum
1021 2174 1104 2236 extis
1127 2172 1204 2235 deos
1218 2191 1326 2236 manes
1342 2178 1479 2235 mactare
1494 2170 1608 2246 soleas,

266 2260 451 2352 (auspicia)
464 2269 578 2353 quibus
599 2269 678 2332 baec
699 2269 774 2332 urbs
797 2267 923 2331 condita
944 2259 1147 2351 est,(quibus
1170 2267 1272 2329 omnis
1294 2286 1345 2329 res
1366 2265 1492 2348 publica
1511 2274 1608 2350 atque

281 2364 450 2458 imperium
471 2355 616 2447 tenetur]
642 2364 869 2447 contempseris
897 2362 1053 2445 initioque
1074 2361 1251 2424 tribunatus
1273 2360 1319 2423 tui
1341 2361 1464 2425 senatui
1486 2360 1608 2424 denun-

281 2459 470 2535 tiaris«,ituis
491 2460 669 2523 actionibus
691 2478 844 2541 augurum
865 2459 1019 2541 responsa
1041 2464 1137 2540 atque
1160 2455 1228 2518 eius
1251 2454 1376 2539 collegii
1397 2456 1608 2538 arrogantiam

281 2553 509 2637 impedimento
538 2572 604 2617 non
625 2539 765 2649 futtuo)
806 2548 856 2613 l5.
880 2551 1060 2614 Secundum
1090 2567 1127 2612 ea
1149 2569 1285 2632 quaero,
1315 2549 1491 2614 servarisne
1512 2550 1546 2613 in
1568 2558 1645 2613 ecto

281 2647 400 2712 fidem‘l
423 2667 501 2711 num
523 2646 648 2730 quando
670 2641 728 2710 tibi
741 2665 859 2708 moram
874 2643 1032 2719 attulerit,
1056 2664 1119 2727 quo
1134 2642 1238 2706 minus
1253 2643 1423 2708 concilium
1436 2642 1607 2706 advocares

283 2742 451 2825 legemque
479 2739 595 2817 ferres,
625 2740 713 2825 quod
735 2759 773 2801 eo
796 2740 847 2802 die
869 2740 965 2803 scires
987 2737 1027 2801 de
1049 2736 1138 2800 caelo
1165 2756 1235 2800 esse
1256 2740 1434 2800 servatum?
1466 2738 1508 2801 Et
1528 2756 1607 2820 quo·

282 2837 367 2898 niam
388 2834 441 2919 hic
463 2836 552 2899 locus
574 2841 623 2898 est
644 2854 743 2907 unus,
768 2854 864 2917 quem
885 2833 942 2895 tibi
965 2852 1036 2895 cum
1060 2831 1192 2894 Caesare
1214 2850 1411 2894 communem
1425 2851 1496 2895 esse
1510 2830 1607 2903 dicas,

284 2930 449 3012 seiungam
471 2937 502 2993 te
524 2929 563 2992 ab
585 2927 642 2991 illo
664 2948 729 2991 non
752 2927 854 2991 solum
873 2928 920 2989 rei
935 2926 1082 3009 publicae
1097 2943 1199 2999 causa,
1218 2926 1439 2988 verumetiam
1454 2922 1607 3000 Caesaris,

284 3045 325 3088 ne
348 3042 411 3107 qua
433 3044 474 3087 ex
496 3030 550 3086 tua
572 3042 692 3085 summa
716 3020 903 3103 indignitate
924 3020 1012 3083 labes
1032 3018 1118 3081 illius
1134 3017 1277 3101 dignitati
1291 3017 1441 3101 adspersa
1454 3016 1645 3080 videatums

283 3118 421 3181 Primum
450 3136 585 3202 quaero,
619 3138 694 3181 num
721 3124 755 3178 tu
782 3114 907 3178 senatui
941 3132 1066 3177 causam
1095 3120 1181 3175 tuam
1208 3112 1389 3195 permittas,
1420 3110 1506 3196 quod
1532 3109 1609 3175 iacit

285 3211 420 3274 Caesar?
442 3209 572 3285 deiude,
595 3229 678 3295 quae
701 3212 741 3273 sit
762 3208 931 3273 auotoritas
953 3208 1038 3282 eius,
1060 3207 1115 3289 qui
1137 3226 1173 3269 se
1192 3206 1322 3270 alterius
1342 3205 1441 3281 iacto,
1462 3225 1527 3271 non
1547 3225 1608 3270 suo

284 3304 455 3369 defendat?
478 3304 592 3368 deinde
613 3338 655 3351 -
677 3312 821 3389 erumpet
842 3303 925 3365 enim
948 3300 1120 3386 aliquando
1143 3321 1184 3363 ex
1205 3320 1256 3365 me
1277 3320 1351 3365 vera
1366 3320 1431 3365 vox
1452 3307 1484 3364 et
1504 3300 1608 3364 dicam

283 3400 353 3462 sine
375 3399 574 3462 cunctatione
597 3400 684 3483 quod
706 3400 808 3461 sentio
830 3430 888 3471 -,
915 3397 941 3459 si
962 3398 1024 3461 iam
1045 3394 1216 3459 violentior
1236 3395 1342 3479 aliqua
1362 3396 1396 3459 in
1417 3414 1452 3458 re
1474 3394 1508 3457 C.
1531 3395 1609 3458 Cae·

283 3513 335 3557 sar
355 3492 484 3567 fuisset,
499 3481 541 3573 (si
564 3515 636 3557 eum
657 3492 842 3576 magnitudo
865 3490 1090 3565 contentionis,
1119 3489 1258 3553 studium
1279 3490 1413 3572 gloriae,
1444 3498 1645 3573 praestansao

1706 1962 1806 2109 fil

1749 2338 1765 2372 al

1700 2366 1774 2423 '‘a'‘

1726 2540 1797 2629 (2·

1752 2852 1798 2931 tr
1844 2790 1848 2795 ⁸

283 3588 424 3662 animus,
454 3588 613 3651 excellens
635 3588 783 3651 nobilitas
805 3587 913 3669 aliquo
935 3576 1137 3671 impulisset)
1157 3584 1243 3667 quod
1265 3584 1297 3646 in
1319 3584 1376 3648 illo
1397 3584 1466 3647 viro
1487 3590 1520 3646 et
1540 3590 1608 3647 tum
1727 3615 1739 3643 a

281 3680 447 3744 terendum
470 3689 553 3745 esset
573 3690 606 3745 et
627 3681 771 3744 maximis
792 3681 903 3753 rebus,
925 3698 1004 3763 quas
1027 3684 1138 3761 postea
1156 3674 1270 3760 gessit,
1293 3676 1553 3743 oblitterandum:
1573 3674 1607 3739 id

283 3782 317 3838 tu
340 3774 413 3850 tibi,
433 3774 579 3851 furcifer,
603 3795 725 3850 sumes,
749 3782 781 3837 et
801 3772 921 3837 Vatinii
942 3772 1074 3837 latronis
1096 3792 1133 3835 ac
1151 3770 1297 3854 sacrilegi
1312 3791 1375 3835 vox
1389 3770 1536 3834 audietur
1548 3768 1608 3833 boc

282 3870 488 3953 postulantis,
517 3877 554 3932 ut
579 3869 663 3933 idem
692 3869 751 3932 sibi
772 3867 964 3932 coucedatur
985 3864 1072 3951 quod
1095 3865 1245 3930 Caesari?
1287 3866 1355 3970 Vll.
1377 3860 1427 3929 46.
1451 3865 1502 3929 Sic
1523 3865 1608 3928 enim

1331 3985 1467 4036 q·

350 4172 374 4221 4.
393 4169 452 4220 tort.
470 4182 582 4233 seques,
600 4180 626 4218 v.
645 4170 735 4218 tamen
752 4167 767 4231 ἓ
784 4166 825 4217 30.
845 4192 872 4202 -
891 4166 917 4219 3.
935 4172 970 4218 est
986 4167 1017 4219 G¹
1036 4191 1062 4204 -
1081 4166 1176 4233 nuptus
1190 4169 1221 4218 1²¹
1237 4193 1264 4203 -
1281 4164 1306 4217 4.
1325 4178 1372 4229 ops
1453 4166 1606 4216 ·om.t}-

283 4246 367 4308 prs'roo
383 4246 404 4295 G
421 4270 449 4279 -
471 4245 496 4294 o.
513 4242 647 4294 misereor
662 4244 694 4301 Ρ;
720 4254 773 4292 om.
793 4244 814 4292 G
833 4270 859 4279 -
886 4243 911 4293 6.
929 4244 987 4294 todo
1008 4244 1163 4308 suspectum
1180 4243 1328 4292 Garatontc.
1349 4268 1377 4278 —
1579 4266 1606 4277 -

284 4321 310 4370 4.
327 4320 382 4384 Ego
398 4320 604 4370 tc-·sauctetur
620 4316 738 4369 habeta
757 4342 784 4352 —
809 4328 970 4381 qtraemthqtss
986 4318 1007 4368 0
1026 4346 1053 4355 -
1076 4319 1100 4370 9.
1118 4319 1254 4368 euidenter
1269 4320 1304 4377 Α;
1321 4317 1474 4368 cmtctestur
1507 4362 1528 4375 ,,

285 4394 459 4445 ttenturtt—
479 4391 1077 4445 tt.ac1>o:aso-ots1>:uttsoo—
1097 4391 1501 4444 te.tu·-etcsrsnabets-
1521 4392 1611 4455 Patho-

284 4482 387 4534 gererem
403 4472 439 4521 A:
457 4470 650 4534 Pythagoricum
665 4467 743 4518 PGO
761 4492 787 4502 -
810 4467 848 4518 43.
866 4468 1008 4519 inmanibus
1023 4471 1073 4520 Po
1092 4494 1119 4504 -
1138 4469 1179 4519 45.
1197 4468 1334 4531 succeperis
1347 4471 1382 4519 P:
1399 4467 1534 4530 susceperis
1549 4466 1608 4517 Gt).

286 4545 324 4596 Cf.
343 4546 468 4611 Wagneri
485 4544 697 4609 orthographiam
721 4542 810 4606 Vergit.
833 4555 859 4607 p.
878 4541 926 4593 443
948 4545 975 4594 et
995 4542 1065 4595 adde
1086 4544 1192 4595 Festum
1215 4556 1242 4608 p.
1261 4542 1305 4593 324
1325 4539 1412 4594 Muell.
1430 4542 1452 4591 rt
1467 4554 1519 4605 qao
1534 4553 1611 4591 sucro

283 4621 388 4684 privato
402 4626 517 4685 succepto
532 4625 597 4671 sust.
618 4646 644 4655 -
674 4619 714 4669 to.
732 4618 856 4681 dhmsP
876 4641 903 4654 -
923 4623 993 4668 satos
1009 4620 1037 4669 P¹
1056 4644 1084 4655 -
1101 4618 1184 4667 meets
1199 4619 1248 4669 Po
1267 4644 1294 4654 —-
1313 4617 1353 4667 47.
1371 4618 1486 4680 coaptem
1500 4621 1611 4666 corum

285 4695 346 4745 reris
361 4694 480 4746 habeta
497 4695 592 4747 mediis
609 4708 663 4746 om.
683 4719 711 4729 —
731 4693 770 4743 48.
790 4693 893 4743 tuitione
909 4694 976 4744 coni.
995 4692 1087 4744 Lemb.
1107 4720 1134 4729 -
1155 4693 1193 4743 49,
1212 4692 1317 4756 ecttegto
1330 4693 1488 4756 ,reparatum
1504 4692 1523 4741 Ρ
1539 4692 1609 4755 (sup.

285 4769 330 4820 liu.
343 4782 379 4819 m.
392 4769 408 4819 2
420 4770 463 4833 od)
480 4784 513 4821 ex
529 4771 615 4833 cethegi
632 4768 811 4833 adrogantiam
828 4768 922 4832 (collegi
933 4769 1013 4818 etiem
1026 4768 1073 4831 θ’).
1089 4795 1116 4803 -
1133 4766 1175 4818 20.
1188 4769 1352 4831 tepsdtmestc
1368 4770 1427 4819 1>-
1445 4768 1534 4831 {tsturo
1544 4766 1610 4817 PG:

285 4846 399 4909 suturam
415 4844 462 4894 80
477 4871 504 4881 -
522 4845 663 4896 amorim
679 4844 710 4893 S:
729 4854 861 4893 morose
875 4844 925 4894 PG
940 4870 973 4881 —
989 4843 1030 4894 24.
1048 4841 1117 4907 urm]
1134 4851 1201 4892 norw
1216 4844 1266 4894 Po
1285 4868 1312 4879 -·
1330 4842 1450 4893 chasse
1465 4843 1612 4892 Pcorr.ax

287 4919 411 4969 edtoters't.
431 4920 689 4971 -cosstttacntt-
708 4916 1201 4970 asssomoeonuosatso-
1227 4918 1269 4968 244.
1287 4914 1613 4982 &puteum-omn

288 4995 338 5046 Po
355 4995 480 5059 (priorem
496 5008 508 5045 s
524 4997 544 5048 Ρ
560 4993 685 5045 hebetia
703 4992 814 5057 rasura).
834 5018 862 5029 -
888 4992 929 5044 244.
948 4998 977 5045 to
992 5004 1045 5043 om.
1063 4995 1097 5055 Α,
1123 4992 1169 5057 qni
1189 4992 1273 5043 hebet
1289 4993 1449 5055 μήπω--
1460 4990 1562 5042 water.
1582 5016 1610 5028 -

288 5068 385 5132 secte-1.
404 5070 431 5120 F.
449 5071 596 5121 Gronovius
614 5070 698 5129 cont,
721 5068 747 5117 at
770 5066 857 5119 flrmat
874 5068 937 5132 sucht
953 5068 1071 5119 ettemh
1090 5092 1117 5103 -
1140 5066 1182 5119 28.
1201 5068 1305 5131 declae
1320 5080 1394 5133 susp.
1412 5066 1534 5117 Garatoni
1551 5062 1611 5116 coll.

290 5155 329 5193 cr.
347 5142 411 5195 Phil.
429 5144 464 5207 X,
482 5144 497 5209 g
516 5145 556 5196 49.
570 5150 597 5180 ’-
616 5143 657 5194 29.
676 5144 835 5193 usuctoctone
850 5145 884 5203 1³3
902 5144 1045 5194 certatione
1060 5138 1091 5193 G¹
1108 5168 1135 5179 —
1155 5142 1193 5208 0.]
1211 5144 1318 5195 G.P-
1333 5142 1374 5193 34.
1391 5140 1527 5192 mutato
1541 5137 1609 5193 1²¹-

290 5218 426 5281 ottqoohdo
442 5219 465 5268 G
480 5244 508 5255 -
527 5219 568 5271 32.
585 5217 667 5285 geoth]
683 5218 715 5267 stt
730 5220 763 5281 P,
781 5217 831 5268 sed
846 5230 889 5283 ges
904 5230 964 5284 sup.
979 5216 1023 5270 lla.
1038 5244 1066 5255 -
1083 5218 1264 5271 osherem
1278 5216 1338 5270 9¹0
1355 5242 1383 5255 -
1402 5216 1443 5269 33.
1463 5216 1548 5268 Vottct
1561 5214 1611 5267 Po

291 5294 349 5360 (sed
364 5296 398 5349 1³:
415 5295 526 5359 ombus).
546 5321 573 5332 -
595 5292 636 5347 34.
654 5292 787 5348 sdemuttbi
802 5294 831 5344 Ρ.
