4009 6159
605 568 1233 674 on.xxun-xxx.'sssc-7a
1518 579 1581 647 aas

259 761 354 825 ditur.
398 760 466 825 Sua
487 760 603 843 cuique
624 722 743 825 eiv'iuu
764 761 893 845 religio,
924 760 1026 836 Laeli,
1057 766 1121 835 est,
1153 767 1262 825 nosue
1281 758 1383 824 uobis.
1419 759 1580 823 sunum

258 854 488 939 Hierosolymis
508 854 693 939 pacatisque
713 852 837 919 Iudaeis
857 862 962 919 umen
984 855 1118 918 istorum
1139 854 1251 936 religio
1269 872 1428 917 sacrorum
1442 873 1462 917 a
1475 853 1582 936 splen-

259 949 336 1014 dore
355 947 452 1013 buius
474 948 615 1033 imperii,
646 949 798 1033 gravitate
820 949 957 1013 nominis
979 948 1095 1023 nostri,
1117 948 1272 1011 maiorum
1292 947 1446 1010 institutis
1467 946 1582 1009 abbor-

257 1043 362 1106 rebat:
390 1062 475 1107 nuno
503 1062 579 1105 vero
608 1042 670 1107 hoc
699 1043 815 1125 magis,
844 1041 931 1126 quod
954 1042 1009 1105 illa
1030 1060 1123 1125 gena,
1155 1042 1233 1125 quitl
1255 1040 1296 1105 tle
1317 1048 1425 1105 nostro
1446 1041 1581 1124 imperio

259 1137 408 1212 sentiret,
429 1135 568 1200 ostendit
589 1135 700 1211 armis,
723 1156 819 1219 quam
834 1156 908 1199 cara
922 1135 971 1200 (lis
986 1135 1214 1200 immortalibus
1229 1143 1329 1212 esset,
1351 1135 1474 1209 deurit,
1496 1134 1606 1219 quoda

259 1238 308 1294 est
326 1232 426 1305 ricta,
449 1230 535 1315 quod
558 1229 694 1304 eleuata,
717 1229 803 1314 quod
825 1250 926 1294 serva.

341 1325 461 1387 XXIX.
483 1316 540 1385 70.v
567 1324 669 1399 Quam
691 1325 732 1387 ob
754 1344 820 1387 rem
841 1326 1008 1406 quoniam,
1036 1323 1123 1407 quotl
1145 1324 1265 1387 crimen
1286 1344 1357 1387 esse
1376 1324 1521 1398 uoluisti,
1548 1324 1581 1386 td

260 1426 361 1483 totum
381 1417 472 1482 vides
492 1420 526 1482 in
548 1417 674 1483 laudem
698 1438 767 1482 esse
790 1438 993 1493 conversum,
1015 1419 1178 1482 veniamus
1199 1419 1263 1481 iam
1284 1418 1324 1481 ad
1338 1418 1454 1482 dnum
1469 1420 1582 1482 Rorna-

259 1532 372 1577 norum
395 1513 560 1596 querelas,
590 1532 630 1575 ex
654 1513 770 1597 quibus
791 1512 834 1576 sit
854 1532 930 1576 sane
951 1514 1053 1596 prima
1072 1513 1213 1575 Deciani.
1260 1512 1345 1587 Quid
1365 1513 1423 1577 tibi
1443 1512 1582 1588 tandem,

258 1607 414 1682 Deciana,
436 1606 709 1672 iniuriae-iactum
730 1611 800 1671 eat‘l
826 1606 1002 1689 Negotiaris
1023 1606 1058 1668 in
1078 1606 1177 1669 libera
1197 1606 1335 1669 ciuitate.
1367 1606 1506 1670 Primum
1527 1622 1620 1691 pa-sc

259 1708 324 1764 tera
346 1719 399 1764 me
420 1717 490 1765 esse
511 1700 687 1764 curiosum:
715 1720 884 1785 quousque
906 1700 1126 1782 negotiabere,
1153 1720 1226 1762 curn
1253 1701 1438 1784 praesertim
1461 1702 1505 1765 sis
1525 1702 1582 1765 illo

127 1818 130 1824 ·
260 1794 329 1858 looo
352 1796 470 1859 natarat
499 1793 609 1859 Annos
630 1794 693 1858 iam
714 1795 842 1878 triginta
862 1794 895 1856 in
917 1794 987 1856 loro
1009 1793 1162 1868 versaris,
1184 1794 1240 1856 sed
1262 1802 1368 1858 tamen
1391 1791 1448 1878 [in]
1471 1797 1584 1877 Perga-

260 1908 364 1953 meno.
396 1890 508 1973 Longo
530 1888 713 1964 intervallo,
736 1888 761 1953 ai
785 1888 914 1973 quando
935 1888 993 1952 tibi
1014 1888 1208 1971 peregrinari
1223 1890 1422 1952 commodum
1438 1898 1501 1965 est,
1522 1892 1585 1953 lto-

260 2003 341 2047 maru
363 1984 473 2048 renisa
503 1983 596 2045 aliern
617 1981 730 2045 faciem
752 2002 883 2057 novam,
913 2001 1030 2053 nornen
1051 1990 1158 2056 rems,
1186 2001 1358 2065 purpuram
1380 1983 1523 2066 Tyriam,
1549 1984 1584 2046 in

260 2097 324 2161 qua
344 2078 404 2141 tibi
424 2076 571 2151 invideo,
598 2075 682 2158 quod
705 2077 777 2140 unis
798 2076 993 2141 vestimentis
1015 2084 1078 2139 um
1101 2076 1157 2139 diu
1178 2077 1284 2141 lautus
1304 2096 1350 2141 es.
1392 2072 1445 2140 ll.
1465 2078 1622 2142 Verumtc

260 2178 346 2235 cato:
367 2170 524 2252 negotiari
539 2170 633 2234 libet:
649 2190 705 2233 eur
717 2189 782 2233 non
796 2171 961 2253 Pergami?
985 2172 1160 2254 Smyrnaei
1182 2170 1361 2235 Trallibus?
1376 2172 1433 2235 ubi
1448 2173 1586 2237 etmulti

260 2265 345 2330 cives
367 2265 500 2328 Romani
522 2272 596 2329 sunt
617 2271 650 2328 et
669 2264 720 2328 ius
741 2284 761 2328 a
782 2272 891 2328 nostro
905 2264 1088 2347 magistratu
1103 2258 1263 2343 dicituri(
1262 2265 1372 2329 Otium
1385 2273 1417 2329 te
1433 2266 1586 2331 delectat:

260 2358 347 2435 lites,
377 2358 504 2433 turbae,
533 2366 661 2441 praetor
689 2358 762 2422 odio
784 2342 863 2450 este)
878 2358 1069 2423 Graecorum
1089 2358 1235 2424 libertato
1256 2360 1384 2442 paules.
1405 2355 1489 2436 (Gur
1508 2380 1585 2445 ergo

260 2474 343 2517 unus
364 2460 401 2515 tu
421 2451 725 2535 Apollonidienses)
741 2452 975 2516 amantissimos
996 2453 1109 2536 populi
1129 2455 1282 2531 Romani,
1310 2451 1513 2519 fidelissimos
1534 2476 1587 2520 so·

262 2544 553 2634 cios,(miseriores
573 2544 689 2620 habes,
717 2566 812 2630 quam
833 2554 888 2609 aut
908 2546 1109 2612 Mithridates
1129 2556 1186 2611 aut
1205 2548 1302 2613 etiam
1322 2556 1415 2632 pater
1433 2557 1509 2613 tuns
1528 2550 1624 2615 baro

261 2642 330 2705 buit
341 2658 493 2723 umquam
538 2640 654 2705 curiis
675 2658 733 2724 per
755 2648 785 2704 te
806 2641 867 2704 frui
889 2642 1035 2705 libertate
1056 2662 1127 2718 sua,
1149 2662 1207 2705 cur
1226 2642 1368 2727 denique
1388 2662 1460 2707 esse
1477 2644 1586 2707 liberis

260 2725 324 2798 ubit
344 2733 441 2797 licet?
504 2733 624 2797 omines
646 2742 722 2798 sunt
741 2741 808 2799 tota
830 2731 893 2819 [ex]
909 2738 985 2800 Asia
997 2734 1219 2819 furgaliaaimi,
1233 2735 1439 2813 sanctissimi,
1455 2756 1474 2801 a
1489 2739 1587 2801 Grae·

260 2848 368 2893 eorum
388 2828 517 2891 luxuria
539 2832 572 2891 et
592 2827 720 2891 levitate
742 2830 961 2904 remotissimi,
982 2838 1089 2912 patres
1109 2827 1246 2893 familias
1268 2849 1326 2895 suo
1344 2833 1495 2907 contenti,
1516 2850 1586 2895 era·

260 2928 362 2997 tores,
382 2920 552 2985 rusticani:
573 2940 667 3004 agros
688 2921 807 2987 habent
827 2932 860 2987 et
872 2932 984 2988 natura
998 2924 1157 3006 perbonos
1172 2931 1207 2987 et
1219 2924 1383 3008 diligentia
1398 2927 1585 3011 culturaque

259 3016 418 3080 meliores.
448 3016 486 3077 ln
506 3014 595 3080 bisce
616 3016 700 3099 agris
720 3024 755 3080 tu
776 3018 906 3102 praedia
926 3016 1045 3081 habere
1065 3019 1205 3083 voluisti.
1241 3020 1380 3082 Omnino
1401 3020 1527 3083 mallem
1543 3037 1623 3085 -st

259 3119 292 3175 et
311 3110 415 3193 magis
436 3116 504 3172 erat
524 3114 629 3183 mum,
655 3110 682 3172 si
704 3109 768 3173 iam
790 3119 822 3176 te
844 3113 941 3176 crassi
964 3113 1031 3196 agri
1052 3111 1254 3176 delectabant
1273 3145 1316 3161 -
1336 3114 1388 3177 bic
1410 3114 1528 3178 alieubi
1551 3116 1584 3177 iu

259 3204 462 3269 Crustumino
483 3202 591 3265 autin
616 3203 770 3287 Capenati
791 3208 979 3290 paravisses.
1015 3203 1066 3270 72.
1081 3208 1197 3271 Verum
1220 3216 1306 3272 estc:
1329 3208 1456 3272 Catonis
1475 3216 1524 3273 est
1536 3209 1585 3271 di·

258 3310 362 3365 etum:
391 3296 544 3385 spedibus
566 3300 763 3383 compensari
785 3302 982 3385 pecuniam.»
1023 3302 1132 3384 Longe
1153 3308 1202 3366 est
1224 3303 1355 3366 omnino
1375 3320 1395 3365 a
1415 3302 1522 3365 Tiberi
1542 3302 1584 3365 ad

259 3395 397 3470 Caicum,
414 3412 479 3479 quo
495 3392 530 3455 in
542 3392 615 3456 loco
630 3394 725 3457 etiam
738 3397 956 3478 Agamemnon
978 3416 1050 3459 enm
1065 3397 1207 3461 exercitu
1222 3406 1370 3471 errasset,
1393 3398 1456 3461 nisi
1471 3398 1583 3461 ducem

257 3487 435 3575 Telephum
462 3486 655 3565 invenisset3
689 3488 745 3552 sed
766 3490 906 3553 concedo
933 3489 966 3551 id
989 3510 1132 3574 quoquc:
1158 3491 1277 3576 placuit
1297 3491 1467 3577 oppidum3
1496 3492 1621 3576 regioao

259 3582 445 3647 delectarit:
473 3581 614 3645 emisses.
653 3582 758 3645 XXX.
780 3583 932 3667 Amyntas
955 3590 1003 3646 cst
1024 3604 1154 3667 genere,
1179 3584 1318 3661 honore,
1340 3586 1583 3660 existimatione,

1674 2370 1783 2458 ,ds

1715 2556 1736 2627 6

1650 2680 1742 2753 ,λι

256 3674 395 3763 pecunia
415 3674 564 3760 princeps
585 3674 672 3739 illins
694 3676 838 3741 civitatis.
869 3676 970 3741 Huius
994 3698 1135 3755 socrum,
1157 3678 1322 3759 mulierem
1345 3678 1496 3743 imbecilli
1509 3701 1583 3744 con·
1710 3671 1738 3746 a

258 3772 339 3847 silii,
359 3769 437 3835 satis
457 3768 666 3852 locupletem,
686 3769 820 3853 pellexit
840 3772 996 3835 Decianus
1018 3771 1059 3834 ad
1081 3792 1151 3836 sese
1169 3780 1218 3847 et,
1241 3793 1314 3836 cum
1334 3773 1389 3836 illa
1411 3774 1489 3857 quid
1510 3793 1584 3857 age·

256 3873 347 3931 retau
365 3864 518 3938 nesciret,
539 3863 573 3925 in
595 3864 798 3947 possessione
819 3864 1020 3947 praediorum
1041 3866 1111 3929 eius
1129 3865 1282 3929 familiam
1297 3886 1385 3930 snam
1400 3868 1583 3932 collocavit:

257 3976 390 4023 uxorem
412 3956 545 4022 abdam
565 3956 605 4020 ab
625 3959 762 4043 Amynta
784 3966 1025 4042 praegnantem,
1054 3980 1136 4043 quae
1157 3961 1283 4044 peperit
1302 3961 1388 4044 apud
1409 3964 1621 4029 Decianuma

256 4050 356 4117 liliam
362 4044 388 4135 ί
395 4049 556 4136 hodieque
578 4052 661 4136 apud
684 4051 855 4116 Decianum
878 4060 928 4145 est
947 4058 980 4117 et
1000 4073 1083 4118 uxor
1096 4055 1250 4138 Amyntae
1267 4062 1299 4118 et
1311 4052 1386 4119 filia.
1398 4045 1473 4132 )73.
1487 4058 1583 4120 Num·

257 4143 337 4231 quid
357 4138 470 4211 barum
491 4166 597 4209 rerum
619 4166 638 4209 a
659 4167 711 4211 me
731 4142 872 4230 fingitur,
894 4146 1055 4211 Deciane‘l
1085 4146 1197 4211 Sciunt
1215 4147 1296 4212 baec
1316 4168 1427 4214 omnes
1447 4150 1583 4226 nobiles,

257 4240 362 4304 sciunt
381 4239 459 4304 boui
479 4239 555 4316 riri,
577 4241 682 4305 sciunt
703 4238 843 4326 denique
864 4240 965 4305 nostri
985 4239 1147 4317 homines,
1170 4240 1275 4305 sciunt
1294 4242 1470 4307 mediocres
1486 4262 1583 4327 nego-

255 4334 398 4399 tiatores.
435 4334 581 4419 Exsurge
602 4335 753 4420 Amynta:
774 4340 883 4420 repete
904 4352 924 4398 a
943 4334 1081 4398 Deciano
1108 4354 1174 4400 non
1201 4336 1385 4419 pecuniam,
1407 4356 1472 4400 non
1493 4356 1581 4422 prae·

322 4548 349 4603 l.
365 4554 452 4602 eom
470 4550 575 4615 turpato
595 4550 655 4602 ST:
679 4549 1045 4613 tnpmocutroAFLo-
1064 4550 1089 4599 6.
1106 4547 1404 4613 commensalium
1420 4554 1522 4601 aarum
1537 4551 1583 4600 ST

255 4625 349 4688 Aru,
366 4630 386 4692 -1-
402 4631 505 4677 saum
521 4627 553 4687 03
581 4630 700 4676 ancum
715 4625 907 4689 Panugathus3
933 4623 1157 4688 uroufucteelli.
1177 4648 1206 4661 -
1230 4625 1270 4674 tt.
1288 4626 1507 4687 mamam
1523 4626 1581 4675 ST:

252 4702 405 4764 maan
419 4714 478 4754 eun
493 4700 599 4752 Arno
617 4726 645 4739 ·-
663 4700 706 4751 tlte
722 4699 811 4751 STA:
829 4701 876 4751 teto
893 4712 955 4751 oum
972 4699 1494 4751 sd.victorienaF1,0-t2.taante
1511 4701 1582 4763 Para.

256 4785 312 4828 cua
324 4778 399 4829 SAF
417 4804 446 4817 -
469 4774 511 4829 ts.
526 4789 554 4839 p.
574 4776 677 4839 wlco»
691 4778 808 4839 earam,
829 4777 857 4826 tc
873 4790 924 4839 qun
939 4774 1144 4836 Mommsentus3
1163 4786 1192 4837 p.
1211 4774 1314 4836 sunus
1332 4774 1403 4835 bun,
1426 4785 1506 4835 eam
1520 4773 1583 4825 ltal-

254 4852 338 4904 mtu·
356 4874 385 4891 -·
403 4852 445 4905 ⁴8.
464 4855 570 4915 praem
591 4850 737 4913 Naugerius
758 4852 786 4903 ln
808 4850 1160 4913 auricularumcum
1178 4863 1204 4899 r.
1222 4849 1253 4914 s,
1274 4862 1317 4912 po.
1335 4850 1381 4901 lto.
1398 4851 1461 4909 TA3
1479 4853 1585 4913 procur

254 4928 385 4980 fluum
406 4928 427 4979 b
448 4950 476 4965 ·-
502 4927 544 4979 ib.
561 4927 769 4991 Apollonldtaraaea
787 4926 930 4981 Lambinus
950 4926 977 4977 iu
1001 4924 1134 4977 Adnotatt.
1161 4936 1243 4976 senus
1266 4923 1341 4976 llbrls
1364 4923 1583 4988 manuscriptis-2

254 5003 436 5067 quum
451 5003 569 5063 STAbt
586 5003 784 5068 Δροὶῐσκίάοηωυ
799 5004 826 5055 F.
853 5003 892 5055 ct.
910 5002 925 5067 3
942 5001 984 5053 te.
1001 5000 1067 5052 Pltn.
1084 5000 1160 5051 us.
1177 5000 1201 5048 V
1217 5000 1232 5064 g
1250 5000 1307 5052 tro.
1325 5023 1354 5037 -
1371 4999 1524 5064 pesum
1538 4997 1585 5047 st*

254 5078 319 5131 Ar:
336 5078 540 5144 mumque
554 5078 589 5131 da
605 5091 655 5133 sua
672 5078 894 5131 contecturaL-
913 5075 1156 5129 oenomaum
1167 5075 1210 5126 ed.
1223 5073 1395 5126 Cratandrina
1411 5076 1431 5126 Ι.
1445 5098 1471 5112 -
1491 5069 1585 5134 aaut]

254 5153 811 5206 maren-aceneresmms-
830 5148 1582 5203 taracus-rorem]-ue.cem.A-

253 5230 310 5280 int
326 5228 472 5281 oraru:
490 5240 545 5280 om.
563 5228 584 5279 0
603 5254 630 5267 ··-
648 5228 690 5280 rt.
708 5226 998 5291 Oatoata--pausstom
1014 5225 1099 5277 babet
1113 5224 1436 5289 luliusltuflniauusflit.
1450 5248 1478 5260 —
1496 5221 1587 5274 rm

255 5316 322 5357 nos:
340 5316 396 5359 ont.
414 5304 507 5362 oeten
526 5328 555 5348 -
573 5301 615 5357 et.
631 5303 678 5357 tce
692 5304 719 5357 s.

1672 4050 1763 4155 ‘nt
