4009 6159
415 579 497 654 llll
528 608 530 611 ·
806 595 1336 662 enneadecaeteride

414 784 489 826 num
511 769 544 826 et
562 763 836 846 gravissimorum,
863 765 958 830 edere
987 766 1136 830 debuisti.
1178 766 1218 830 dt
1238 765 1425 831 Voltiniam:
1455 767 1543 832 lubet
1570 770 1655 834 enim
1676 769 1733 834 tihi

414 858 523 921 nescio
551 857 630 941 quid
659 859 754 922 etiam
782 859 823 922 de
852 861 907 922 illa
935 860 1019 923 tribu
1048 861 1222 924 criminari:
1252 861 1333 924 hanc
1354 863 1450 944 igitur
1470 864 1569 946 ipsam
1591 885 1648 928 cnr
1668 887 1733 930 non

415 950 563 1014 edidisti?
594 952 679 1027 Quid
703 953 830 1016 Plancio
852 975 923 1016 cum
944 954 1118 1016 Lemonia?
1148 955 1226 1037 quid
1249 975 1318 1018 cum
1341 954 1532 1021 Oufentina?
1560 960 1638 1042 quid
1660 983 1733 1024 cum

416 1044 635 1108 Clustumina?
662 1065 735 1109 nam
762 1047 931 1123 Maeciam,
960 1067 1023 1110 non
1053 1068 1134 1131 quae
1162 1047 1335 1123 iudicaret,
1362 1049 1417 1112 sed
1439 1070 1522 1132 quae
1543 1054 1735 1129 reiiceretur,

391 1149 485 1200 eesse
505 1138 644 1201 voluisti.
687 1136 738 1202 39.
760 1141 917 1204 Dubitatis
939 1141 1051 1222 igitur,
1072 1141 1210 1216 iudices,
1232 1143 1310 1224 quin
1331 1163 1388 1205 vos
1410 1145 1451 1206 ll.
1474 1144 1654 1210 Laterensis
1676 1167 1735 1212 suu

413 1230 532 1294 indicio
554 1251 617 1294 non
639 1233 680 1295 ad
703 1234 890 1298 sententiam
914 1235 1014 1317 legis,
1033 1235 1089 1298 sed
1111 1234 1151 1298 ad
1173 1255 1261 1298 suum
1283 1256 1372 1318 spem
1394 1236 1532 1321 aliquam
1555 1239 1595 1300 de
1609 1241 1736 1303 civitate

413 1324 584 1407 delegerit?
603 1325 754 1390 dubitatis
773 1329 852 1410 quin
865 1347 919 1390 eas
936 1329 1047 1403 tribus,
1061 1329 1222 1412 inquibus
1236 1348 1364 1412 magnes
1377 1330 1629 1396 necessitudines
1641 1333 1738 1397 hehet

412 1417 568 1494 Plancius,
591 1440 662 1483 cum
684 1421 739 1483 ille
760 1440 826 1484 non
848 1421 993 1496 ediderit,
1015 1421 1164 1486 iudicarit
1184 1418 1296 1485 officiis
1318 1423 1357 1486 ab
1378 1423 1440 1486 hoc
1458 1425 1649 1502 observatas,
1671 1447 1737 1489 non

413 1509 579 1593 largitione
600 1517 786 1597 corruptas?
807 1513 893 1603 Quid
914 1516 999 1577 enim
1020 1523 1127 1598 potest
1147 1515 1268 1591 dicere,
1291 1537 1348 1580 cur
1370 1517 1431 1580 ista
1452 1517 1549 1581 editio
1571 1539 1635 1582 non
1650 1541 1736 1583 sum·

375 1619 494 1668 tomam
516 1606 631 1670 habeat
651 1608 862 1682 acerbitatem,
884 1618 1004 1672 remota
1024 1609 1147 1672 ratione
1169 1609 1234 1682 illa,
1256 1630 1351 1694 quam
1372 1612 1405 1675 in
1419 1612 1619 1676 decernendo
1635 1615 1736 1677 secuti

412 1704 543 1764 samuel
585 1697 635 1763 to.
658 1704 706 1765 Tu
733 1701 853 1785 deligas
876 1703 1024 1764 exomni
1053 1703 1172 1786 populo
1195 1711 1251 1768 eut
1272 1706 1389 1771 amicos
1416 1713 1490 1768 tuos
1514 1713 1569 1769 aut
1589 1707 1735 1770 inimicos

412 1814 500 1857 meos
521 1802 576 1858 aut
597 1795 735 1879 denique
750 1816 815 1870 eos,
837 1815 919 1880 quos
933 1796 1156 1871 inexorabiles,
1182 1818 1263 1880 quos
1277 1799 1477 1873 inhumanos,
1494 1819 1575 1883 quos
1591 1801 1735 1864 emdeles

411 1888 595 1952 existimes?
624 1896 658 1953 tu
679 1910 729 1952 me
751 1891 877 1972 ignaro,
905 1911 964 1953 nec
986 1890 1152 1973 opinante,
1174 1892 1275 1955 inscio
1298 1900 1389 1955 notes
1411 1901 1442 1957 et
1464 1899 1534 1956 tuos
1556 1901 1589 1956 et
1609 1902 1734 1958 tuorum

411 1983 585 2046 amicorum
604 1984 812 2058 necessarios,
833 1984 1032 2067 veliniquos
1053 1984 1104 2046 vel
1127 2004 1214 2047 meos
1235 1985 1286 2048 vel
1309 1985 1402 2048 etiam
1425 1985 1626 2050 defensorum
1648 2007 1736 2050 meo·

374 2088 495 2152 temm,
518 2079 693 2162 eodemque
714 2078 882 2160 adiungas,
904 2097 984 2162 quos
1008 2085 1120 2140 natura
1142 2087 1235 2160 putes
1257 2097 1386 2161 asperos
1406 2088 1501 2163 atque
1516 2082 1659 2144 omnibus
1674 2083 1735 2144 ini·

412 2174 516 2254 quos'l
538 2172 652 2235 deinde
674 2168 817 2234 ednodus
839 2178 985 2254 repente,
1006 2179 1043 2234 ut
1064 2178 1138 2234 ante
1160 2191 1342 2234 consessum
1365 2191 1506 2236 meorum
1528 2172 1667 2237 iudicum
1689 2176 1736 2238 vi·
1789 2193 1795 2199 ·

412 2265 518 2339 deam,
545 2285 640 2349 qnam
669 2265 824 2349 potuerim
847 2266 902 2347 qni
924 2273 1031 2328 essent
1051 2263 1149 2328 futuri
1172 2265 1345 2348 suspicari,
1375 2266 1459 2348 apud
1482 2285 1600 2350 eosque
1622 2287 1672 2331 me
1694 2289 1735 2331 ne

413 2358 555 2442 quinque
577 2359 705 2442 quidem
727 2360 869 2432 reiectis,
893 2359 979 2442 quod
1001 2360 1034 2421 in
1056 2359 1200 2441 proxime
1224 2378 1278 2421 reo
1294 2358 1334 2420 de
1349 2359 1472 2422 consilii
1488 2362 1644 2424 sententia
1659 2381 1734 2425 con·

411 2454 554 2517 stitutum
576 2463 639 2527 est,
661 2473 754 2535 cogas
774 2473 902 2516 causam
925 2453 965 2516 de
985 2453 1120 2515 fortunis
1143 2451 1288 2514 omnibus
1309 2451 1438 2515 dicere?
1481 2448 1532 2514 ll.
1554 2456 1625 2516 Non
1640 2457 1733 2530 enim,

373 2547 439 2609 sesi
459 2555 516 2611 aut
536 2549 680 2612 Plancina
702 2548 748 2611 ita
768 2547 868 2621 vixit,
899 2556 936 2610 ut
963 2546 1139 2609 offenderet
1159 2545 1263 2608 sciens
1285 2546 1461 2619 neminem,
1488 2553 1543 2608 aut
1563 2554 1598 2609 tu
1620 2548 1663 2610 ita
1685 2567 1734 2611 er-

409 2643 501 2716 rasti,
522 2651 558 2706 ut
579 2663 633 2706 eos
655 2641 766 2705 ederes
787 2640 988 2724 imprudens,
1015 2646 1051 2703 ut
1073 2658 1130 2702 nos
1152 2638 1251 2702 invito
1272 2647 1304 2702 te
1326 2647 1431 2700 tamen
1453 2639 1493 2702 ad
1514 2640 1645 2716 iudices,
1667 2661 1731 2706 non

410 2734 450 2796 ad
484 2733 646 2799 carnifices
676 2735 871 2809 veniremus,
903 2733 1023 2797 idcirco
1056 2733 1117 2794 ista
1150 2733 1247 2794 editio
1278 2752 1334 2815 per
1367 2752 1401 2795 se
1433 2753 1497 2796 non
1531 2734 1643 2797 acerba
1674 2743 1731 2799 est.

409 2829 507 2892 xvfl.
528 2831 578 2893 An
598 2851 674 2895 vero
696 2849 797 2913 nuper
817 2828 984 2892 clarissimi
1006 2827 1090 2891 cives
1112 2845 1227 2890 nomen
1242 2826 1359 2889 editicii
1374 2825 1489 2890 iudicis
1504 2846 1570 2889 non
1583 2828 1731 2902 tulerunt,

409 2944 481 2986 cum
509 2944 549 2987 ex
572 2944 655 2988 cxxv
683 2922 862 2998 iudicibus,
891 2921 1087 3005 principibus
1109 2921 1264 3004 equestris
1287 2919 1423 2992 ordinis,
1451 2919 1594 3003 quinque
1615 2930 1647 2985 et
1667 2942 1732 2985 axx

371 3032 481 3081 wreus
510 3018 669 3093 reficeret,
703 3018 932 3102 quinquaginta
960 3015 1107 3089 referret,
1141 3015 1310 3096 omniaque
1342 3013 1448 3096 potius
1470 3015 1731 3096 permiscuerunt,

408 3130 504 3195 quam
533 3113 563 3176 ei
591 3112 655 3195 legi
676 3112 916 3194 conditionique
945 3119 1109 3192 parerent:
1140 3129 1199 3172 nos
1221 3128 1326 3191 neque
1349 3127 1390 3172 ex
1412 3107 1731 3182 delectisiudicibus,

408 3205 464 3269 sed
492 3226 533 3268 ex
561 3207 650 3269 omni
680 3205 814 3290 populo,
844 3224 949 3286 neque
971 3203 1073 3268 editos
1096 3203 1136 3267 ed
1157 3202 1380 3277 reiiciendum,
1410 3202 1467 3266 sed
1488 3203 1527 3266 ab
1549 3209 1731 3266 accusatore

407 3301 595 3364 constitutos
616 3299 738 3363 iudices
759 3299 803 3362 ita
822 3297 977 3373 feremus,
999 3306 1035 3361 ut
1055 3299 1213 3361 neminem
1233 3294 1438 3359 reiiciamusl
1474 3290 1525 3358 42.
1547 3297 1658 3378 Neque
1673 3313 1730 3378 ege

407 3413 492 3456 nunc
513 3392 593 3475 legis
613 3393 813 3478 iniquitatem
828 3412 959 3474 queror,
981 3391 1038 3455 sed
1059 3391 1176 3454 iactum
1198 3398 1285 3454 tuum
1311 3411 1331 3454 a
1352 3391 1508 3454 sententia
1523 3390 1608 3472 legis
1630 3391 1730 3454 doceo

370 3487 596 3568 eediscrepare,
616 3494 650 3550 et
670 3487 749 3549 illud
771 3487 919 3550 acerbum
941 3485 1106 3558 iudicium,
1129 3485 1166 3559 si,
1188 3486 1345 3567 quemad
1369 3485 1495 3568 modum
1517 3491 1644 3548 senatus
1658 3504 1730 3546 cen·

407 3577 471 3642 snit
486 3580 693 3663 ,populusque
715 3581 822 3655 iussit,
844 3581 888 3643 ite
908 3580 1055 3653 fecisses,
1078 3586 1113 3641 ut
1134 3579 1208 3641 huie
1231 3587 1263 3642 et
1284 3599 1373 3642 suam
1395 3587 1428 3642 et
1448 3579 1487 3641 ab
1508 3578 1569 3642 hoc
1584 3579 1730 3642 observa·

407 3681 455 3735 tas
478 3673 575 3736 tribus
597 3673 723 3748 ederes,
745 3694 809 3738 non
830 3674 925 3737 modo
947 3686 1013 3736 nou
1036 3692 1205 3755 quererer,
1228 3672 1285 3736 sed
1298 3671 1384 3734 hunc
1401 3673 1441 3735 iis
1454 3672 1612 3736 iudicibus
1626 3673 1729 3746 editis,

408 3766 463 3851 qui
492 3767 589 3831 iidem
618 3776 714 3831 testes
737 3788 807 3831 esse
828 3775 975 3850 possent,
1007 3766 1184 3830 ahsolutum
1208 3773 1367 3847 putarem,
1396 3785 1501 3848 neque
1524 3787 1607 3829 nuuc
1630 3765 1727 3829 multo

407 3880 497 3924 secus
525 3862 683 3926 existimo.
717 3862 794 3925 Cum
824 3863 907 3925 enim
935 3860 993 3924 has
1016 3861 1116 3923 tribus
1140 3861 1283 3934 edidisti,
1314 3860 1432 3942 ignotis
1454 3867 1485 3922 te
1506 3859 1663 3922 iudicibus
1683 3861 1728 3922 uti

369 3953 500 4020 semalle
522 3975 616 4036 quam
638 3955 722 4018 notis
743 3953 943 4018 indicavisti:
965 3954 1073 4037 fugisti
1089 3955 1277 4018 sententiam
1293 3953 1381 4036 legis,
1395 3953 1588 4036 aequitatem
1603 3973 1727 4016 omnem

406 4046 559 4123 reiecisti,
580 4049 615 4111 in
636 4048 773 4112 tenebris
795 4069 889 4133 quam
911 4048 944 4110 in
966 4050 1037 4112 luce
1060 4067 1184 4111 causam
1199 4047 1318 4111 versari
1334 4047 1482 4110 maluisti.
1525 4043 1577 4108 la.
1592 4046 1729 4111 Voltinia

407 4141 507 4206 tribus
525 4142 566 4205 ab
586 4142 649 4206 hoc
667 4149 831 4226 corrupta:
861 4144 1040 4206 Teretinam
1061 4143 1215 4206 habuerat
1229 4143 1382 4206 venalem.
1413 4142 1499 4217 Quid
1514 4141 1633 4204 diceret
1646 4140 1728 4225 apud

471 4462 495 4511 l.
511 4460 646 4510 undictam
661 4461 681 4510 T
699 4485 726 4495 -
745 4458 810 4510 tutet
826 4459 859 4509 T:
878 4459 935 4511 libat
950 4461 999 4512 ΕΟ
1014 4486 1041 4497 -
1059 4459 1133 4524 enim]
1150 4464 1173 4509 et
1189 4459 1255 4509 etim
1270 4459 1303 4519 T;
1323 4457 1356 4509 cl.
1375 4471 1435 4523 pag.
1450 4457 1576 4520 letare.
1592 4485 1619 4494 -
1639 4457 1662 4510 3.
1676 4459 1728 4508 Ou-

403 4539 499 4604 semea
516 4551 581 4590 nos:
602 4538 717 4601 Ufentina
733 4537 783 4589 CO
802 4563 830 4576 ·-
848 4536 872 4588 l.
890 4535 1040 4588 edoma
1056 4536 1122 4585 TE:
1141 4533 1302 4585 emmona
1317 4534 1346 4583 0.
1372 4532 1410 4584 Ct.
1429 4545 1455 4597 p.
1473 4534 1546 4595 toea,
1560 4531 1600 4584 tl.
1614 4559 1642 4569 -
1660 4535 1728 4584 uae

403 4611 978 4666 cimniitettomT-retcereturT-tt.
997 4611 1165 4661 nedittot'-
1185 4609 1409 4671 lt.dttt9ns'l-
1429 4608 1724 4660 lt.ioemorolttis't'-

403 4689 509 4740 emmae
528 4689 548 4739 'l
565 4715 592 4724 -
612 4688 652 4738 l3.
669 4687 755 4752 lmcio]
776 4688 866 4739 taciem
882 4689 916 4747 'l'3
942 4685 1127 4737 insiccoE-
1148 4683 1188 4735 st.
1207 4685 1346 4734 amicorum
1363 4683 1428 4732 TE:
1452 4695 1506 4733 om.
1528 4685 1548 4734 0
1568 4709 1594 4720 -
1617 4684 1657 4734 uel
1676 4684 1726 4734 iot-

404 4777 466 4826 qoos
489 4763 554 4814 TE:
579 4763 619 4813 ool
634 4761 730 4813 omittit
748 4763 768 4812 0
789 4786 817 4798 -
846 4763 886 4812 ta.
909 4765 972 4823 aput
994 4757 1331 4824 (sic)·-etcoret1abetn
1354 4785 1379 4794 -
1398 4757 1494 4822 eoaque]
1511 4770 1552 4808 eos
1568 4753 1678 4820 queue
1696 4785 1722 4796 -

405 4840 445 4888 te.
465 4840 494 4888 da
513 4838 621 4901 sortiente
640 4835 751 4886 omnum
771 4848 824 4886 om.
849 4838 870 4886 s
894 4863 921 4872 -
947 4836 1004 4884 Non
1024 4833 1239 4884 enim--acertu
1260 4839 1294 4884 est
1313 4832 1432 4884 habetA
1451 4857 1478 4868 -
1503 4833 1545 4882 tt.
1569 4835 1668 4884 oedem
1690 4835 1723 4895 T;

404 4911 804 4975 mma-immiti
823 4937 850 4947 -
869 4909 1102 4961 22.oedtetol'-
1121 4907 1594 4960 ae.seoero--totesmhonets
1613 4910 1725 4960 -aodi-

404 4986 830 5049 ticiT3edittctE306s'tictomA
849 5011 876 5020 -
895 4983 1581 5046 tt.mq1esoer-ae.reosE-retceur-
1600 4985 1726 5046 quiequa-

404 5067 476 5130 ptotc
493 5064 557 5115 TE:
575 5062 632 5112 LO
652 5089 680 5099 -
698 5061 788 5110 Omnia
804 5072 868 5123 quos
884 5060 903 5109 Τ
922 5087 949 5096 -
969 5060 1011 5109 26.
1030 5056 1214 5120 condicionique
1230 5058 1290 5108 Τ-
1309 5056 1402 5108 delicta
1417 5057 1437 5107 T
1455 5081 1482 5093 -
1501 5057 1542 5107 27.
1561 5059 1725 5108 ceditest'-

404 5137 666 5190 revineenda-
691 5135 948 5186 summumne
968 5159 995 5171 -
1017 5135 1057 5184 29.
1077 5134 1228 5183 deceoT-
1248 5132 1486 5183 damnemu—
1506 5132 1726 5194 querere-tu

405 5215 439 5266 T:
457 5215 565 5264 iiaE-
583 5211 741 5263 eedtttnt-
759 5209 800 5259 33.
818 5210 884 5260 wem
899 5213 969 5260 este
984 5209 1049 5260 TE:
1067 5211 1136 5258 estes
1151 5207 1296 5258 lidemo-
1316 5207 1356 5258 35.
1374 5207 1517 5257 iudicauisti
1533 5207 1621 5257 ΤΕ·-
1640 5207 1727 5259 dita-

405 5291 513 5343 retioom
532 5289 596 5343 TE:
616 5287 772 5344 remman
787 5285 808 5336 0
826 5311 853 5321 -
872 5285 941 5350 opud
955 5283 1106 5336 mulctanda
1122 5283 1252 5346 outopud
1267 5281 1576 5334 maecenatesque.
