4009 6159
682 565 756 631 cm
777 564 960 631 var-rx.
987 561 1033 649 ss
1055 560 1203 630 rr-ss.
1536 554 1595 621 aar

282 738 384 813 dane,
406 736 544 820 denique
565 734 710 817 cogitaris
731 768 772 782 -
794 741 843 808 est
863 735 947 799 enim
967 753 1020 799 res
1041 734 1112 799 eius
1133 732 1237 809 modi,
1260 738 1312 808 ut,
1333 731 1361 797 si
1382 731 1438 797 tibi
1458 730 1493 793 in
1514 750 1602 795 men·

281 838 345 895 tem
367 830 462 895 modo
483 831 582 905 venit,
604 849 697 893 nemo
719 830 761 893 sit
782 830 837 913 qui
858 835 889 919 te
911 829 977 891 ullo
1000 829 1140 893 onrciatu
1162 848 1232 892 esse
1253 827 1418 910 indignum
1439 832 1529 909 putet
1549 858 1601 900 -,

281 924 469 1007 cogitarisne
490 924 524 987 in
546 923 601 987 illc
623 930 679 986 tuc
701 921 892 988 intolerabili
915 943 979 987 non
1000 943 1099 1006 regno
1120 955 1162 969 -
1183 941 1256 987 nam
1273 923 1363 1004 cupis
1377 920 1409 985 id
1424 920 1534 983 audire
1548 953 1601 995 -,

280 1018 335 1083 sed
359 1017 541 1093 latrocinio,
573 1037 673 1099 augur
692 1016 762 1081 fieri
782 1018 815 1079 in
839 1016 878 1092 Q.
900 1017 1021 1081 Metelli
1049 1016 1172 1091 locum,
1200 1023 1253 1092 ut,
1281 1016 1472 1099 quicumque
1494 1023 1525 1078 te
1546 1014 1602 1079 ad-

281 1112 452 1195 spexisset,
474 1110 633 1195 duplicem
655 1111 796 1176 dolorem
818 1111 1035 1194 gemitumque
1056 1111 1231 1194 susciperet
1251 1118 1283 1172 et
1304 1128 1345 1171 ex
1359 1106 1516 1172 desiderio
1538 1110 1625 1172 cla-a

279 1205 397 1269 tissimi
426 1205 503 1267 civis
533 1212 564 1269 et
593 1224 634 1268 ex
659 1204 780 1268 bonore
810 1204 983 1287 turpissimi
1004 1212 1101 1288 atque
1121 1203 1367 1289 improbissimi?
1395 1203 1517 1267 adeone
1538 1223 1602 1267 non

279 1297 499 1362 labefactatam
520 1320 587 1362 rem
608 1298 767 1382 publicam
790 1306 821 1361 te
838 1298 965 1361 tribuno
979 1319 1085 1381 neque
1100 1304 1341 1382 conquassatam
1356 1297 1524 1372 civitatem,
1545 1298 1602 1361 sed

280 1399 406 1475 captam
426 1392 508 1456 bane
530 1394 639 1457 urbem
661 1401 758 1475 atqua
779 1412 960 1475 perversam
976 1392 1113 1477 putaris,
1135 1401 1172 1456 ut
1185 1411 1336 1483 auffirem
1349 1390 1508 1454 Vatinium
1520 1390 1603 1455 terre

279 1489 469 1568 possemus?
505 1482 741 1549 2441444444
763 1506 899 1570 quaero,
921 1487 964 1561 si,
986 1486 1020 1549 id
1042 1485 1129 1570 quod
1144 1485 1367 1568 concupieras,
1388 1504 1489 1567 augur
1501 1484 1603 1548 tactus

280 1598 385 1653 esses,
412 1579 446 1642 in
469 1600 532 1663 qua
553 1588 609 1644 tua
629 1579 817 1663 cogitatione
840 1599 918 1655 nos,
948 1579 1003 1663 qui
1026 1587 1058 1643 te
1080 1580 1265 1654 oderamus,
1285 1579 1340 1642 rix
1362 1577 1501 1642 dolorem
1521 1578 1641 1641 fere-to

279 1673 400 1747 bamus,
422 1673 470 1736 illi
483 1683 599 1749 autem,
614 1673 731 1757 quibus
746 1694 816 1738 eras
831 1674 864 1737 in
879 1674 1011 1746 deliciis,
1032 1673 1089 1736 vix
1101 1674 1201 1738 risum
1214 1672 1381 1737 tenebants
1402 1672 1458 1736 sed
1474 1691 1603 1756 quaero,

280 1767 307 1829 si
336 1767 377 1829 ad
405 1776 509 1831 cetera
535 1769 683 1843 vulnera,
714 1768 828 1852 quibus
856 1788 923 1831 rem
953 1766 1111 1848 publicam
1140 1766 1257 1851 putasti
1277 1765 1416 1830 deletum
1436 1765 1493 1840 iri,
1522 1764 1605 1828 hanc

280 1880 409 1944 quoque
438 1861 631 1926 mortiferam
657 1862 782 1945 plagam
809 1858 980 1925 inflixisses
1009 1867 1181 1943 auguratus
1202 1860 1267 1936 tui,
1298 1866 1401 1923 utrum
1421 1858 1604 1923 decreturus

279 1953 378 2019 fueris
399 1954 450 2028 id,
473 1954 558 2039 quod
579 1975 715 2038 augures
737 1976 847 2019 omnes
868 1974 972 2038 usque
993 1954 1033 2016 ab
1055 1953 1190 2018 Romulo
1212 1953 1429 2028 decreverunt,
1449 1954 1524 2018 Iove
1542 1953 1604 2017 ful·

280 2055 376 2130 gente
396 2069 467 2113 cum
489 2050 609 2132 populo
630 2049 682 2132 agi
703 2048 793 2112 nelas
815 2069 902 2123 esse,
932 2068 990 2122 an,
1021 2049 1096 2132 quia
1116 2055 1152 2112 tu
1173 2067 1298 2130 semper
1318 2048 1364 2111 sic
1383 2048 1520 2130 egisses,
1548 2062 1634 2113 au-ts

283 2142 386 2226 spicia
406 2142 504 2205 fueris
526 2162 626 2225 augur
646 2142 880 2208 dissoluturus?

366 2235 421 2299 lx.
444 2230 494 2299 24.
522 2238 567 2299 Ac
594 2256 635 2300 ne
661 2236 780 2301 diutius
807 2237 921 2321 loquar
942 2236 982 2300 de
1003 2241 1158 2318 auguratu
1178 2241 1251 2310 tuo,
1273 2234 1361 2320 quod
1381 2234 1500 2299 insitus
1520 2234 1604 2299 facio

281 2336 317 2392 ut
344 2328 492 2391 recorder
520 2329 628 2393 ruinas
654 2330 702 2393 rei
729 2329 893 2414 publicae;
922 2348 1030 2413 neque
1056 2328 1156 2392 enim*
1172 2334 1208 2392 tu
1228 2347 1378 2411 umquam
1406 2336 1509 2393 stante
1540 2349 1604 2393 non

282 2419 377 2486 modo
400 2422 561 2486 maiestate
582 2422 705 2498 borum,
727 2424 783 2487 sed
806 2424 900 2487 etiam
921 2424 999 2487 urbe
1020 2431 1052 2486 te
1074 2440 1226 2505 augurem
1245 2420 1315 2485 iore
1334 2424 1469 2505 putastis
1490 2456 1531 2470 -
1552 2444 1606 2487 re·

280 2535 351 2577 rum
379 2522 501 2591 umen,
533 2524 570 2580 ut
597 2518 718 2582 somnia
748 2525 801 2583 tua
833 2518 1028 2603 relinquam,
1061 2516 1103 2580 ad
1134 2516 1253 2579 scelera
1281 2517 1423 2591 veniam,
1453 2517 1527 2581 volo
1559 2516 1644 2583 nuso

282 2608 360 2671 mibi
389 2611 598 2693 respondeas:
628 2630 700 2675 cum
726 2612 769 2675 444.
790 2611 940 2675 Bibulum
967 2610 1147 2686 consulem,
1179 2630 1243 2674 non
1271 2609 1374 2673 dicam
1400 2610 1544 2674 beneda
1570 2631 1606 2674 re

283 2703 412 2785 publica
433 2704 639 2779 sentientem,
661 2725 702 2769 ne
724 2715 759 2769 tu
780 2706 857 2769 mibi
877 2706 974 2783 homo
997 2689 1110 2789 potens
1131 2705 1283 2779 irascare,
1306 2704 1416 2787 quiab
1430 2724 1470 2768 eo
1483 2705 1606 2769 dissen-

282 2798 368 2870 sisti,
397 2797 454 2861 sed
480 2797 642 2861 bominem
670 2806 753 2862 certe
781 2819 938 2883 nusquam
966 2798 1240 2883 progredientem,
1269 2797 1348 2860 nibil
1367 2799 1402 2861 in
1422 2817 1457 2861 re
1479 2797 1608 2880 publica

283 2892 486 2966 molientem,
513 2899 634 2955 tantum
661 2894 768 2957 animo
797 2893 837 2957 ab
864 2894 1043 2957 actionibus
1072 2893 1134 2955 tuis
1156 2892 1412 2965 dissentientem,
1440 2911 1512 2954 cum
1534 2911 1605 2954 eum
1712 2964 1717 2976 ‚

283 2993 318 3051 tu
349 2985 512 3050 consulem
543 2987 575 3048 in
605 2986 730 3051 vincula
752 2986 882 3051 duceres
905 2994 938 3049 et
958 2986 998 3049 ab
1019 2985 1128 3049 tabula
1148 2985 1273 3049 Valeria
1293 2984 1432 3067 collegae
1454 2986 1501 3049 tui
1522 2984 1643 3049 mittio

284 3080 446 3155 iuberent,
467 3080 623 3143 fecerisne
645 3086 718 3143 ante
735 3088 836 3144 rostra
851 3087 979 3163 pontem
994 3079 1187 3143 continuatis
1201 3078 1420 3154 tribunalibus,
1443 3100 1606 3164 perquem

284 3174 395 3237 consul
417 3174 526 3258 populi
547 3174 680 3236 Romani
701 3172 969 3237 moderatissimus
991 3180 1024 3236 et
1045 3172 1318 3236 constantissimus
1338 3171 1463 3236 sublato
1477 3172 1606 3250 auxilio,

285 3268 420 3332 exclusis
443 3266 569 3343 amicis,
590 3268 623 3330 vi
643 3266 838 3349 perditorum
858 3266 1024 3330 bominum
1045 3266 1191 3342 incitata,
1213 3266 1394 3351 turpissim0
1415 3267 1607 3331 miserrimc·
1644 3297 1647 3302 ·

284 3381 347 3444 que
369 3361 552 3444 spectaculo
573 3380 638 3423 non
660 3359 695 3423 in
716 3380 892 3436 carcerem,
913 3360 970 3425 sed
992 3362 1033 3424 ad
1055 3361 1244 3445 supplicium
1267 3369 1298 3426 et
1319 3361 1359 3427 ad
1381 3382 1491 3427 necem
1512 3362 1608 3427 duca·

284 3458 392 3518 retur?
429 3451 481 3517 22.
496 3454 633 3530 Quaero,
655 3474 731 3518 num
753 3454 826 3538 quis
849 3462 921 3519 ante
943 3463 975 3519 44
996 3462 1060 3518 tam
1082 3454 1338 3532 fueritnelarius,
1359 3457 1415 3541 qui
1428 3455 1462 3519 id
1475 3456 1645 3522 leocritiae

283 3555 321 3611 ut
341 3549 495 3624 sciamus,
516 3556 623 3613 utrum
644 3555 785 3613 veterum
805 3547 982 3613 facinorum
1004 3548 1048 3613 sis
1070 3550 1209 3614 imitator
1225 3569 1266 3614 an
1279 3551 1426 3616 inventor
1438 3572 1604 3618 novorum.

350 3916 374 3967 t.
392 3912 511 3980 cogitaris
531 3913 677 3978 Madvigius
697 3927 725 3979 p.
743 3912 791 3966 stc
814 3914 958 3968 delendum
980 3918 1082 3968 censet.
1102 3945 1130 3956 -
1152 3915 1180 3967 ia
1194 3920 1300 3969 44444444
1313 3916 1387 3967 modo
1403 3918 1467 3969 Piis
1492 3921 1566 3971 modo
1581 3920 1608 3970 tn

283 3991 426 4043 4444444140
445 4018 472 4027 -
491 3990 515 4041 3.
534 3994 596 4041 ante
613 3992 640 4040 ie
655 3990 698 4041 4444
714 3992 741 4041 in
757 3993 777 4042 Ρ
794 3990 862 4042 duae
880 3995 968 4043 tresve
985 3991 1089 4043 litteras
1106 4002 1199 4043 erasae
1215 3991 1289 4051 sunt;
1309 3989 1369 4041 tort.
1385 3994 1549 4057 4444444444,
1566 3995 1606 4047 44-

284 4080 375 4128 qaam,
393 4066 420 4116 ie
437 4065 479 4115 illo
496 4067 547 4115 cet.
567 4090 594 4101 -·
613 4063 639 4115 4.
656 4065 748 4115 Metalli
764 4065 845 4116 besua
861 4068 882 4117 Α
905 4068 958 4131 (qui
975 4066 1058 4117 habet
1073 4065 1320 4131 aegre-domani:
1342 4068 1495 4121 masuam
1509 4072 1560 4123 PG
1578 4096 1605 4106 -

284 4142 420 4205 memisse
435 4142 484 4192 PG
502 4164 529 4175 -
549 4141 574 4191 s.
592 4140 818 4202 metamaucum
833 4144 852 4193 P
872 4170 899 4181 -
922 4143 1055 4193 4444444444
1070 4145 1103 4194 P:
1127 4141 1259 4193 4444444444
1274 4146 1298 4191 st
1311 4141 1441 4206 fordsshet
1457 4145 1520 4205 (303
1543 4145 1607 4195 clar.

284 4215 460 4279 refertissimi
476 4214 569 4266 Lamb.
589 4216 614 4266 in
631 4226 715 4279 marg.
741 4214 789 4267 Alii
807 4216 885 4268 codd.
903 4216 1004 4269 habent
1018 4217 1148 4282 tertiumsi
1163 4222 1187 4268 et
1201 4216 1275 4277 ctas..
1293 4218 1323 4266 ut
1339 4216 1399 4269 cod.
1413 4218 1522 4283 Fristng.
1534 4232 1607 4271 saec.

283 4292 338 4353 xv,
356 4304 371 4341 4
389 4304 432 4341 me
450 4290 477 4341 in
488 4290 552 4341 edit.
565 4291 635 4355 Lips.
648 4290 712 4343 48444
730 4290 871 4345 adhibitus.
886 4318 913 4328 —
932 4293 956 4343 7.
975 4292 1153 4356 4444444444444
1167 4293 1201 4342 P:
1220 4290 1368 4355 bisfactum
1385 4293 1445 4343 ii-
1464 4294 1489 4345 8.
1504 4307 1609 4357 Μυον-

283 4378 340 4416 sam
356 4366 388 4416 P:
408 4379 520 4417 merrom
536 4366 601 4426 θος
619 4366 652 4417 44.
666 4366 779 4431 445244.
795 4394 820 4406 -
838 4368 940 4430 mauris
954 4369 982 4420 Ρ.
995 4369 1140 4420 Manutius:
1157 4373 1261 4431 petere
1276 4368 1367 4419 PG·
1383 4368 1609 4433 smepstaarasii

285 4465 314 4477 -
333 4440 358 4490 9.
376 4440 510 4503 cooequo
527 4441 549 4492 G
566 4466 593 4477 -
613 4441 653 4491 44.
672 4442 866 4494 delitiisPG-
885 4443 925 4493 42.
942 4441 1084 4496 44444444Ρ
1103 4468 1131 4479 -
1148 4442 1610 4508 mp.pamsape:petmstrsa

279 4528 308 4577 p.
322 4514 342 4564 0
354 4540 383 4551 ·-
395 4514 501 4565 (44444444
517 4516 551 4565 tat
564 4516 684 4567 24444444
703 4518 778 4569 datm
794 4516 873 4568 codd.
886 4520 914 4568 et
926 4518 962 4578 0;
977 4531 1050 4580 posse
1066 4518 1142 4569 raes·
1157 4530 1231 4583 susp.
1243 4516 1336 4569 tamb.
1355 4517 1394 4570 ct.
1407 4520 1442 4572 ad
1457 4535 1484 4586 p.
1496 4521 1555 4583 924,
1566 4521 1608 4572 26.

286 4589 368 4640 -43,
386 4590 587 4655 4444444446·-
606 4590 646 4642 44.
665 4590 697 4642 ab
713 4594 779 4644 PG:
797 4607 816 4643 4
831 4594 877 4644 St)
896 4619 924 4632 -
943 4595 984 4644 ts.
1002 4595 1179 4657 semitisP-
1197 4595 1238 4646 47.
1254 4594 1345 4657 Mare]
1361 4597 1423 4647 ante
1441 4596 1611 4647 Garatonium

283 4676 383 4715 novum
399 4668 479 4730 eaput
495 4677 511 4715 a
527 4679 570 4717 vv.
582 4680 670 4717 oenoe
685 4672 804 4719 4444444.
819 4668 850 4719 49
868 4668 1025 4733 incipiebam
1043 4668 1117 4720 illum
1134 4669 1207 4719 recte
1223 4669 1341 4721 sensisse
1357 4670 1470 4722 testatur
1486 4669 1570 4721 codex
1580 4671 1609 4732 P,

284 4740 311 4791 in
328 4751 381 4805 quo
398 4743 428 4791 ut
444 4741 470 4791 in
487 4741 559 4792 initio
576 4742 684 4794 maioris
702 4744 777 4795 incisi
792 4742 828 4793 44
843 4744 973 4810 scriptum
989 4746 1040 4796 est.
1060 4770 1088 4783 -
1106 4744 1170 4808 sotto
1185 4745 1205 4796 P
1221 4770 1254 4781 -
1269 4743 1312 4795 24.
1329 4758 1381 4796 ecs
1395 4744 1479 4795 4444444
1493 4746 1524 4797 ds
1538 4758 1568 4795 rs
1580 4759 1609 4808 ρ.

284 4814 500 4867 mmmmm
516 4816 755 4882 (nemorensem
773 4820 835 4869 G·
854 4817 1487 4883 23.terrp.1³;rrp.c;rotp.riticodd.-
1505 4819 1612 4870 itote·

284 4888 343 4940 cata
358 4891 419 4941 PG:
436 4890 521 4941 sewu
536 4889 583 4940 80
601 4916 629 4929 -
648 4891 841 4945 44--444444444
856 4892 1012 4945 44444444-
1030 4892 1063 4944 ab
1079 4893 1167 4945 aem
1181 4896 1217 4945 P:
1234 4893 1446 4958 4444444444444.
1459 4892 1609 4958 4444444444)

285 4964 320 5021 ῦς
339 4977 357 5014 a
373 4965 539 5030 4444444444
556 4965 602 5018 So
619 4992 647 5005 ·-
670 4968 725 5019 mitt
741 4968 770 5020 Ρι
788 4992 816 5007 -
835 4969 877 5021 26.
893 4969 1090 5021 inrorat?-
1116 4968 1159 5020 27.
1176 4966 1606 5020 conec-asumuntur-

286 5041 416 5091 eos.P.ii.
434 5044 453 5092 P
472 5068 500 5079 -
519 5048 542 5093 ct
558 5048 680 5095 44444444.
699 5047 829 5096 omb—
847 5045 888 5097 28.
905 5046 983 5097 aia:
1000 5050 1030 5095 ut
1046 5045 1095 5095 PG
1112 5068 1142 5080 -
1159 5042 1286 5094 beurim
1302 5045 1431 5095 cml-
1448 5043 1607 5095 44444444Ρῑι

285 5113 392 5165 {ammte
408 5113 466 5167 Gi*
483 5117 618 5183 tempesta,
636 5119 709 5183 quod
725 5132 758 5171 ex
774 5119 915 5171 scholiasta
931 5122 961 5171 ut
976 5120 1050 5172 varia
1064 5116 1143 5170 lectio
1160 5118 1323 5170 afferebatur
1338 5121 1366 5170 44
1381 5132 1398 5170 4
1411 5119 1491 5170 navio
1507 5119 1535 5169 tn
1548 5120 1608 5169 Ver.

286 5188 362 5239 44444.
374 5189 437 5253 1,p.
449 5190 498 5243 494
514 5190 619 5244 lectioni
634 5192 739 5245 44444444
755 5193 823 5245 adeo
841 5192 987 5260 praelatum
1004 5196 1060 5256 est,
1078 5206 1132 5245 non
1147 5192 1279 5248 lemmatis
1294 5197 1401 5262 putem
1416 5207 1477 5248 esse
1488 5192 1566 5246 Orelli
1576 5192 1607 5258 (2)

287 5264 365 5315 acute
381 5263 466 5330 vidit.)
483 5290 511 5305 -
529 5268 571 5321 24.
587 5268 796 5333 capitumet
813 5294 841 5309 -·
859 5269 901 5323 344.
919 5270 963 5334 qut
978 5270 1006 5323 id
1021 5272 1044 5323 G
1059 5282 1129 5324 corr.
1146 5282 1181 5323 cx
1195 5271 1265 5335 qstd.
