4009 6159
659 580 732 646 cn.
754 577 1059 644 xxvr-xxun
1088 574 1145 661 ss.
1166 572 1313 641 72-77.
1585 553 1648 631 779

317 773 353 816 se
375 750 474 817 exilio
493 769 597 835 pacno
618 750 773 813 multavit.
798 748 947 811 XXVII.
969 749 1007 810 In
1023 746 1085 812 bec
1098 766 1157 812 vos
1169 747 1311 832 pudore,
1331 733 1470 823 iudices,
1492 753 1524 810 et
1537 748 1570 809 in
1586 744 1647 808 bac

316 846 383 911 rita
412 852 502 909 tanto
530 842 642 908 sceleri
672 843 776 906 locum
805 841 906 906 luisse
933 843 1084 906 creditis?
1115 843 1277 927 Adspicite
1296 842 1419 927 ipsum,
1451 838 1644 906 contuemini

317 961 369 1015 os,
391 938 532 1003 contorte
555 938 672 1001 crimen
695 956 767 1000 curn
790 938 870 1011 vita3
891 935 986 1002 vitam
1009 936 1049 1000 ab
1072 936 1164 999 initio
1188 956 1291 1019 usque
1314 935 1353 999 ad
1373 935 1436 999 boc
1449 942 1647 1017 tempnsex-

316 1034 466 1120 plicatam
487 1051 560 1097 cum
583 1030 716 1093 crimine
737 1031 966 1113 recognoscite.
1009 1028 1061 1092 75.
1084 1030 1175 1094 Mitto
1196 1049 1264 1093 rem
1284 1029 1460 1113 publicam,
1484 1048 1566 1113 quae
1585 1026 1648 1089 fuit

317 1147 444 1211 semper
466 1126 574 1190 Sullae
597 1124 773 1188 car-issima:
795 1124 897 1188 hosne
918 1126 1054 1199 amicos,
1076 1124 1156 1186 tales
1170 1123 1264 1197 viros,
1286 1132 1349 1187 tam
1364 1123 1493 1207 cupidos
1508 1122 1568 1197 sui,
1589 1132 1669 1203 perc

318 1240 400 1305 quos
421 1240 472 1283 res
494 1220 562 1283 cius
585 1217 744 1283 secundae
767 1218 927 1301 quondam
948 1224 1040 1280 arant
1054 1224 1198 1293 ornatae,
1220 1238 1304 1280 nunc
1319 1218 1524 1281 sublevantur
1537 1216 1649 1278 adver-

317 1334 389 1389 sae,
420 1312 641 1377 crudelissime
662 1313 767 1395 perire
789 1312 907 1385 voluit,
936 1318 972 1374 ut
994 1332 1066 1374 cum
1088 1312 1225 1374 Lentulo
1247 1320 1279 1375 ct
1301 1311 1434 1375 Catilina
1455 1318 1495 1376 et.
1509 1310 1648 1391 Cethego

316 1406 532 1473 foedissimam
553 1407 650 1469 vitam
673 1425 710 1468 ac
732 1405 957 1480 miserrimam,
979 1405 1161 1489 turpissima
1179 1413 1278 1469 morte
1294 1407 1475 1487 proposita,
1497 1404 1647 1486 degeret?

316 1504 406 1575 Non,
429 1500 578 1581 inquam,
601 1498 684 1562 cadit
705 1499 739 1563 in
760 1499 820 1563 hos
841 1518 960 1574 mores,
982 1518 1048 1562 non
1069 1499 1103 1561 in
1126 1498 1210 1561 bunc
1232 1499 1403 1583 pudorem,
1424 1518 1490 1561 non
1511 1498 1545 1560 in
1564 1496 1647 1559 hanc

317 1600 432 1670 vitam,
455 1613 521 1657 non
543 1594 576 1657 in
597 1592 684 1656 bunc
704 1595 864 1657 bominem
886 1594 948 1656 ista
969 1593 1119 1677 suspicio.
1148 1593 1407 1677 Novaqnnedam
1427 1592 1483 1657 illa
1503 1589 1683 1655 immani-to

318 1698 366 1753 tas
396 1695 509 1753 exorta
539 1694 606 1760 est3
635 1686 832 1750 Incredibilis
853 1685 916 1749 luit
936 1706 973 1750 ac
994 1686 1165 1769 singularis
1187 1686 1292 1761 iuror3
1318 1706 1359 1749 ex
1380 1686 1489 1748 multis
1510 1686 1550 1748 ab
1570 1683 1648 1747 ado-

318 1783 470 1848 lescentia
492 1779 632 1846 collectio
654 1780 850 1864 perditorum
870 1778 1034 1844 hominum
1047 1779 1135 1844 ritiIs
1156 1787 1287 1861 repente
1308 1781 1368 1843 ieta
1388 1785 1476 1843 tanta
1495 1779 1649 1862 importu-

317 1880 401 1943 nitas
434 1874 570 1939 inauditi
592 1870 723 1937 s'celeris
745 1874 873 1937 exarsit
915 1869 966 1936 76.
990 1875 1113 1949 Nolite,
1142 1874 1282 1949 iudIccs,
1304 1872 1463 1947 arbitrari,
1485 1870 1648 1934 bominum

316 1973 408 2037 illum
429 1972 584 2054 impetum
607 1974 639 2031 ct
661 1976 810 2031 conatum
831 1966 928 2031 fuisse
949 2000 992 2015 —
1013 1986 1117 2052 neque
1140 1969 1225 2030 enim
1245 1967 1312 2030 ulla
1334 1984 1412 2050 gens
1431 1973 1497 2029 tam
1516 1964 1649 2027 barbara

317 2073 373 2132 aut
399 2071 463 2128 tum
494 2062 641 2125 immanis
671 2079 822 2146 umquam
851 2059 926 2135 fuit,
957 2060 989 2123 in
1019 2081 1084 2144 qua
1103 2081 1168 2125 non
1190 2061 1285 2125 modo
1307 2068 1373 2135 tot,
1402 2059 1564 2124 sedunus
1585 2067 1687 2123 tumst

318 2158 456 2223 crudelis
477 2154 580 2219 hostis
601 2154 721 2237 patriae
746 2155 788 2217 sit
807 2154 955 2218 inventus
970 2177 1030 2217 -ε
1051 2155 1165 2218 beluae
1182 2156 1338 2237 quaedam
1351 2153 1427 2239 illae
1442 2173 1483 2218 ex
1495 2154 1651 2237 portentis

317 2254 472 2317 immanes
493 2268 531 2313 ac
551 2246 656 2321 ierac,
678 2246 781 2310 forma
796 2247 961 2311 bominum
976 2247 1124 2323 indutae,
1147 2248 1346 2312 exstiterunt.
1368 2249 1541 2333 Perspicite
1554 2249 1650 2313 etiam

317 2353 414 2429 atque
435 2343 548 2415 etiam,
578 2339 718 2415 iudices,
740 2341 882 2405 —nibil
904 2340 989 2404 enini
1012 2348 1080 2416 est,
1103 2342 1189 2426 quod
1212 2345 1246 2406 in
1267 2342 1327 2407 bac
1349 2362 1444 2407 causa
1464 2344 1529 2407 dici
1549 2343 1652 2426 possit

316 2436 536 2503 vehementius
557 2456 622 2497 -z
650 2436 775 2518 penitus
797 2434 993 2519 introspicite
1017 2436 1187 2512 Catilinae,
1214 2439 1377 2513 Autronii,
1400 2430 1546 2519 Cethegi,
1568 2436 1651 2499 Len·

317 2534 394 2608 tuli,
416 2538 658 2612 ceterorumque
680 2537 818 2592 mentes:
842 2549 922 2614 quas
941 2550 998 2594 ros
1014 2531 1048 2592 in
1062 2530 1112 2594 his
1128 2529 1295 2605 libidines,
1319 2552 1402 2616 quae
1416 2533 1549 2615 flagitia,
1571 2544 1688 2615 quasso

317 2626 550 2711 turpitudinen,
581 2630 715 2707 quantas
747 2623 912 2700 audacias,
942 2644 1038 2708 quam
1067 2625 1269 2688 incredibiles
1289 2626 1429 2702 furores,
1459 2644 1538 2710 quas
1558 2631 1651 2688 notas

316 2721 510 2793 facinorum,
544 2738 627 2803 quae
650 2717 768 2781 indicia
788 2718 1050 2801 parricidiorum,
1072 2727 1207 2803 quantos
1230 2739 1361 2784 acervos
1383 2721 1538 2784 scelerum
1560 2737 1651 2801 repe·

316 2814 423 2879 rietist
445 2815 495 2879 lix
517 2812 638 2895 magnis
661 2819 693 2875 et
716 2811 872 2876 diuturnis
895 2821 927 2875 et
946 2813 1010 2875 iam
1025 2811 1203 2896 desperatis
1224 2814 1272 2877 rei
1293 2814 1439 2899 publicae
1457 2812 1576 2878 morbis
1590 2813 1651 2874 ista

316 2914 448 2992 repente
469 2906 517 2970 ris
539 2905 658 2990 erupit,
679 2913 716 2970 ut
737 2925 775 2969 ea
796 2906 939 2970 contacta
961 2914 994 2970 et
1008 2906 1109 2969 eiecta
1123 2907 1345 2972 convalescere
1360 2906 1535 2993 aliquando
1554 2913 1587 2969 et
1601 2925 1650 2969 sa-

316 3002 385 3067 nari
408 3000 519 3065 civitas
540 3006 665 3084 posset;
688 3020 793 3084 neque
808 3001 893 3063 enim
908 3008 957 3063 est
970 3002 1140 3085 quisquam
1155 3001 1210 3084 qui
1233 3002 1419 3077 arbitretur,
1441 3002 1504 3065 illle
1517 2998 1689 3063 inclusisse

317 3096 350 3159 iu
379 3114 413 3158 re
443 3092 570 3179 publica
597 3094 740 3175 pestibus
772 3093 893 3157 diutius
914 3092 994 3158 baec
1015 3102 1099 3157 stara
1120 3096 1273 3177 potuisse.
1310 3096 1423 3181 Itaque
1445 3116 1501 3160 cos
1523 3114 1587 3160 non
1608 3094 1648 3156 ad

316 3186 543 3275 perficiendum
564 3187 687 3262 scelus,
717 3188 773 3252 sed
794 3188 834 3252 ad
856 3188 989 3251 luendas
1012 3187 1059 3251 rei
1085 3188 1233 3270 publicae
1259 3208 1379 3273 poenas
1407 3190 1521 3253 Furiae
1552 3207 1650 3272 quae-

316 3283 391 3347 dam
411 3282 630 3347 incitaverunt.
674 3282 820 3346 XXVIII.
842 3278 894 3345 77.
916 3283 952 3344 ln
974 3282 1060 3345 bunc
1081 3281 1177 3365 igitur
1198 3302 1325 3366 gregem
1344 3304 1401 3347 vos
1423 3302 1508 3347 nnnc
1529 3284 1562 3345 P.
1578 3280 1651 3345 Sul·
1708 3331 1710 3334 .

316 3378 398 3452 lam,
420 3376 563 3451 iudices,
586 3396 627 3441 ex
647 3376 717 3452 his,
740 3376 796 3462 qui
811 3397 883 3441 cum
896 3374 958 3440 hoc
970 3376 1081 3441 rivrmt
1095 3383 1150 3440 aut
1164 3377 1330 3454 rixertmt,
1351 3376 1649 3443 honestissimorum

383 3771 408 3822 4.
423 3782 520 3832 peenas
534 3768 554 3818 T
574 3794 600 3804 -·
619 3766 712 3817 iudices
727 3768 802 3831 ΒΘ),
822 3768 832 3816 4
854 3767 935 3819 oxon.
953 3769 980 3818 et
996 3768 1056 3819 cod.
1074 3770 1258 3834 Victorianus,
1276 3775 1307 3824 ut
1316 3774 1445 3825 Graecus
1462 3774 1587 3825 coniecit:
1607 3776 1650 3825 to·

318 3848 377 3899 dicii
392 3846 454 3906 TR,
472 3856 552 3909 wem
570 3842 711 3894 lectionem
729 3840 847 3895 defendit
863 3842 1011 3905 Seytierbrs
1028 3856 1056 3907 p.
1074 3842 1106 3895 38
1123 3844 1274 3909 explicans:
1293 3845 1363 3897 sulla
1381 3861 1434 3899 non
1451 3849 1544 3899 inertia
1562 3862 1649 3914 neque

317 3922 422 3987 ignavia
438 3919 555 3983 quadam
579 3920 625 3969 aut
644 3920 804 3969 necessitate
826 3916 891 3977 ulla,
919 3917 969 3967 sed
984 3918 1077 3968 iudicio
1093 3920 1178 3983 patria
1195 3920 1293 3982 carnit,
1320 3919 1379 3972 coll.
1398 3923 1453 3973 cic.
1471 3922 1507 3973 de
1524 3922 1595 3974 Orat.
1613 3925 1648 3982 11,

318 3996 581 4062 54004Νορ.444.
600 3996 643 4055 te,
662 3993 779 4044 3.-i.
798 3992 1484 4056 aspiciteI-tpacolboocB-irrtuemioiss-
1512 3997 1536 4048 3.
1555 3999 1651 4061 oe]boa

317 4067 896 4132 TB-coaterreT-crimeouuncitu:
918 4067 998 4117 citara
1019 4068 1145 4119 miratio
1165 4082 1244 4131 omae
1265 4070 1364 4120 adbuc
1387 4073 1651 4137 ursumpileatum

316 4158 374 4196 caea
388 4143 493 4195 aanor
508 4142 619 4206 recem]
635 4142 675 4192 sic
692 4140 744 4192 Erl.
758 4143 786 4192 et
801 4143 830 4201 Τ,
849 4142 896 4193 nisi
915 4142 987 4206 quod
1005 4145 1032 4194 in
1049 4144 1191 4207 lictorque
1206 4158 1261 4196 non
1278 4145 1359 4197 tuisse
1371 4146 1497 4209 traditur,
1515 4148 1587 4213 quod
1599 4162 1649 4213 ego

318 4234 351 4271 er
366 4215 503 4269 Taddidi:
521 4218 616 4267 crimen
632 4230 689 4266 cum
704 4217 758 4267 cito
773 4217 806 4267 ab
821 4218 893 4267 tuitio
910 4219 945 4268 ud
960 4219 1006 4269 boc
1022 4224 1118 4281 corpus
1134 4220 1262 4282 replicata
1277 4233 1335 4270 uera
1350 4222 1422 4271 crito¹
1435 4236 1535 4288 recepe.
1547 4225 1582 4285 B;
1599 4226 1650 4274 cri-

317 4308 373 4345 mea
388 4306 446 4342 cum
461 4291 516 4341 cita
531 4304 610 4354 usque
626 4294 662 4342 ad
677 4292 722 4343 boc
739 4297 834 4355 ternpus
849 4292 978 4355 ecplicuto
994 4306 1053 4343 mem
1069 4293 1141 4343 crim.
1158 4307 1209 4343 rec.
1227 4294 1245 4343 S
1262 4296 1289 4344 et
1299 4294 1378 4346 codd.
1392 4296 1457 4348 dett.
1470 4323 1498 4334 -
1517 4297 1542 4349 4.
1555 4312 1650 4362 marper

317 4368 364 4432 pet
379 4368 406 4418 S.
425 4367 461 4424 Β;
479 4366 529 4429 fuit
545 4366 571 4416 S.
590 4378 685 4428 seraper
701 4367 719 4416 S
737 4390 765 4403 -
786 4367 809 4417 6.
829 4372 934 4417 creatae
951 4367 1021 4418 bion.
1035 4364 1182 4418 electoralis
1194 4369 1221 4417 et
1232 4367 1274 4419 ed.
1288 4367 1366 4419 itit:
1384 4370 1517 4424 ordinatos
1530 4375 1606 4425 TBs
1620 4402 1647 4411 -

318 4445 342 4494 8.
359 4442 528 4508 [ecdiciam
544 4441 565 4490 Τ
581 4466 609 4476 -
629 4442 653 4491 a.
671 4456 722 4491 aon
738 4442 843 4503 inquam
861 4441 930 4491 cadtt
945 4441 1004 4502 ΤΒ,
1028 4442 1129 4493 Oxonn.
1148 4455 1256 4494 ornnes:
1282 4458 1334 4493 ecc
1349 4447 1430 4509 cudit,
1447 4462 1511 4511 cort,
1529 4451 1648 4513 inquunt,

318 4520 385 4569 cudit
401 4520 476 4570 Parc.
494 4515 588 4567 Lamb.
608 4519 636 4566 et
652 4518 680 4567 0.
706 4519 740 4567 44
756 4530 782 4567 v.
801 4516 882 4579 secu.
901 4530 927 4581 p.
946 4515 979 4566 tl
996 4518 1055 4579 (ooo
1071 4517 1139 4567 cudit
1154 4519 1182 4567 ic
1197 4518 1241 4568 bos
1256 4518 1338 4581 44494444
1354 4521 1382 4582 Β)
1402 4546 1430 4558 -
1440 4551 1442 4554 v
1454 4523 1495 4573 to.
1513 4524 1573 4589 istc}
1588 4525 1650 4574 baec

317 4594 337 4645 B
356 4620 383 4631 -
402 4592 540 4643 inmaniter
556 4591 591 4653 T,
611 4592 692 4643 etsie
710 4592 776 4642 intra
793 4592 821 4643 in
838 4591 890 4642 boc
906 4590 990 4641 verbo
1008 4594 1037 4642 et
1052 4592 1078 4641 in
1096 4594 1223 4657 cognatis.
1242 4620 1270 4631 -
1298 4595 1338 4645 tt.
1355 4596 1431 4659 saror
1446 4610 1478 4648 cc
1494 4600 1585 4663 ceput.
1602 4601 1651 4663 suit

317 4669 337 4719 Β
354 4694 382 4707 -
402 4668 442 4718 tt.
457 4667 550 4730 perdd
567 4665 632 4716 bom.
652 4666 792 4716 ccdaedeli
812 4692 841 4703 ·-
859 4667 908 4716 44441
925 4672 999 4717 tereto
1015 4668 1076 4727 ΤΒ,
1094 4668 1138 4719 ed.
1158 4667 1238 4719 etan:
1265 4674 1338 4720 tuctu
1353 4671 1515 4722 idalio-
1532 4674 1650 4737 operte-

318 4742 384 4793 nitot
399 4742 432 4802 l'3
458 4740 605 4791 mancas
624 4741 836 4803 imperotores
856 4764 884 4777 —
910 4742 951 4791 43.
970 4742 1134 4793 ανῠὶ4νανοΤ
1156 4743 1244 4805 (nubta
1259 4744 1341 4807 inquit
1356 4745 1481 4797 arbim
1496 4749 1549 4798 tud.
1567 4748 1598 4811 Β)
1620 4776 1646 4785 -

319 4818 358 4868 ib.
376 4816 718 4867 conmonuemus
737 4841 764 4851 -
790 4816 831 4867 ta.
848 4816 949 4879 patine
966 4830 1020 4867 om.
1038 4818 1058 4868 Β
1078 4844 1105 4853 -
1124 4817 1313 4869 betoceTBs:
1338 4819 1469 4872 brusaco
1488 4849 1517 4859 -
1536 4824 1576 4873 47.
1593 4824 1649 4886 scr-

317 4906 372 4944 utur
388 4893 407 4942 B
426 4918 454 4928 —
473 4892 609 4943 ectiteuctt
624 4890 658 4950 'I3
675 4890 778 4954 tum
793 4891 813 4941 B
827 4917 855 4928 -
874 4892 916 4942 48.
928 4892 1029 4957 udices]
1046 4892 1166 4942 eumn.
1186 4891 1224 4943 ct.
1238 4892 1272 4942 nd
1291 4905 1318 4957 p.
1329 4891 1388 4954 754,
1401 4895 1442 4945 49.
1455 4922 1484 4932 -
1499 4898 1647 4960 poesttBtt)

318 4971 345 5020 et
361 4968 404 5019 ed.
423 4970 534 5019 tacens.
553 4968 631 5017 toti:
647 4971 729 5028 poem
745 4966 793 5017 ΤΒ
814 4992 841 5001 -
862 4966 902 5017 49.
917 4968 1036 5029 pomum
1051 4967 1111 5018 Τ-
1129 4968 1171 5018 at.
1189 4972 1262 5018 nome
1277 4967 1466 5031 saciacum:
1485 4975 1558 5021 octar
1573 4972 1649 5022 ecete-

317 5058 375 5095 rator
390 5044 440 5096 440
458 5070 482 5079 -
500 5043 543 5093 22.
560 5042 682 5093 isdum
695 5068 723 5079 -
742 5042 1028 5093 emercarentur:
1048 5044 1417 5107 acccersucicontmRO-
1433 5044 1646 5107 repperietisl-

316 5118 358 5172 nt.
376 5120 468 5171 niceta
485 5119 505 5169 Β
524 5144 553 5155 -
571 5122 595 5169 et
610 5116 700 5167 sutori
716 5117 853 5180 aliquando
870 5118 930 5167 B-
949 5118 991 5168 ΒΒ.
1006 5122 1089 5179 percu
1103 5118 1224 5170 Ernesti:
1246 5119 1324 5182 pecc
1338 5117 1416 5169 codd.
1433 5146 1459 5159 -
1480 5119 1650 5170 crbwcrm

317 5194 336 5245 Β
355 5220 384 5230 ·-
401 5194 443 5245 26.
462 5192 532 5257 baec]
549 5192 595 5243 boc
610 5192 743 5255 inperium
760 5191 819 5243 cod.
834 5192 999 5243 Victorianus
1015 5195 1043 5243 et
1053 5192 1145 5243 bamb.
1160 5220 1188 5231 —
1208 5194 1249 5245 28.
1266 5207 1311 5245 cor
1325 5194 1419 5245 mcor
1429 5193 1544 5259 publium
1559 5194 1648 5259 sptium

316 5270 337 5320 Β
356 5294 383 5306 -
407 5268 449 5320 29.
468 5281 502 5320 cc
516 5268 548 5318 tir
565 5266 608 5318 ed.
628 5267 701 5319 stra.
720 5292 748 5305 -
774 5272 820 5319 aot
836 5268 870 5317 T:
895 5272 971 5331 atque
986 5268 1047 5321 Ro.
