4009 6159
446 550 527 618 toti
857 552 1009 619 oltfflo
1029 554 1109 619 vno
1130 557 1171 619 ll.
1195 555 1340 621 CAELIO

445 733 540 810 atque
563 741 703 805 exponas
725 741 855 785 necesse
878 730 935 787 est.
965 725 1172 789 Accusatores
1189 725 1318 809 quidem
1332 725 1491 802 libidines,
1512 746 1653 803 amores,
1674 727 1763 792 adul·
1862 796 1865 800 ,

443 819 538 894 teria,
559 817 666 891 Baias,
688 824 787 890 actas,
811 817 968 892 convivia,
991 819 1238 893 comissationes,
1260 827 1383 895 cantus,
1404 820 1617 905 symphonias,
1639 823 1764 905 navigia

443 917 574 986 iactant,
596 909 743 995 idemque
766 907 943 993 significant
964 911 1043 974 nihil
1066 933 1100 976 se
1121 920 1152 976 te
1168 914 1265 976 invita
1279 913 1395 978 dicere.
1428 913 1588 988 Quaem,
1612 917 1763 998 quoniam

443 1014 546 1072 mente
577 1004 684 1068 nescio
719 1023 782 1088 qua
804 1006 955 1070 effrenata
975 1014 1071 1090 atque
1093 1007 1256 1089 praecipiti
1278 1009 1312 1070 in
1333 1007 1437 1072 lorum
1458 1008 1575 1073 deterri
1596 1011 1763 1074 iudicium-

418 1120 504 1188 eque
533 1099 677 1172 voluisti,
705 1107 761 1162 aut
789 1098 891 1162 diluas
920 1107 1044 1182 oportet
1071 1120 1108 1162 ac
1128 1099 1208 1164 falsa
1230 1120 1299 1164 esse
1320 1102 1451 1179 doceas,
1481 1111 1536 1167 aut
1556 1104 1636 1168 nihil
1658 1125 1762 1189 neqrre

441 1197 561 1261 crimini
590 1201 644 1257 tuo
673 1213 778 1276 neque
808 1194 987 1257 testimonio
1016 1194 1208 1258 credendum
1237 1216 1307 1259 esse
1334 1196 1462 1260 fateare.
1505 1195 1556 1259 36.
1579 1198 1636 1261 Sin
1658 1206 1763 1262 autem

439 1291 590 1356 urbanius
612 1306 662 1351 me
684 1307 776 1370 agere
799 1289 915 1362 mavis,
943 1289 989 1352 sic
1011 1308 1100 1371 agam
1123 1297 1243 1352 tecum:
1272 1291 1441 1354 removebo
1462 1292 1552 1356 illum
1575 1311 1683 1354 senem
1705 1291 1764 1354 du-

439 1408 508 1450 rum
530 1405 567 1448 ac
589 1402 690 1466 paene
712 1389 883 1464 agrestem3
907 1402 947 1444 ex
969 1383 1039 1445 istis
1061 1383 1122 1446 tuis
1144 1403 1263 1446 sumam
1286 1385 1425 1468 aliquem
1440 1404 1478 1448 ac
1491 1385 1689 1468 potissimum
1705 1385 1763 1450 mi-

439 1482 557 1545 nimum
579 1478 717 1550 fratrem,
740 1477 794 1559 qui
816 1484 865 1539 est
885 1477 918 1539 in
940 1477 1002 1538 isto
1025 1496 1140 1559 genere
1163 1477 1401 1552 urbanissimus,
1424 1480 1480 1561 qui
1500 1488 1532 1542 te
1558 1488 1643 1543 amat
1662 1479 1762 1563 pluri·

402 1595 429 1640 ro
438 1597 539 1648 mum,
569 1572 624 1652 qui
653 1577 782 1654 propter
812 1570 920 1632 nescio
943 1589 1055 1652 quam,
1078 1570 1188 1644 credo,
1210 1571 1409 1634 timiditatem
1432 1581 1464 1636 et
1477 1580 1650 1637 nocturnos
1665 1593 1764 1656 quos-

439 1670 509 1731 dam
540 1667 651 1729 inanes
684 1672 784 1727 metus
815 1670 918 1726 tecum
947 1682 1072 1745 semper
1099 1667 1190 1747 pusio
1220 1685 1290 1728 cum
1321 1667 1439 1729 maiore
1466 1687 1573 1730 sorore
1602 1666 1763 1730 cubitavit

437 1763 518 1826 Eum
540 1767 650 1842 putato
673 1767 775 1822 tecum
797 1757 906 1841 loqui:
930 1757 1014 1831 Quid
1036 1759 1253 1833 tumultuaris,
1277 1762 1388 1822 sorori
1411 1761 1488 1843 quid
1510 1761 1655 1824 insaniei

556 1853 659 1928 «Quid
681 1852 816 1916 clamore
839 1871 951 1914 exorsa
974 1851 1078 1913 verbis
1100 1872 1228 1933 parvam
1250 1873 1316 1916 rem
1338 1873 1483 1936 magnam
1504 1841 1629 1918 4444444

437 1951 582 2014 Vicinum
604 1945 870 2010 adolescentulum
892 1943 1083 2026 adspexisti:
1094 1946 1224 2036 (candor
1237 1947 1332 2010 buius
1348 1955 1378 2010 te
1394 1955 1427 2011 et
1440 1949 1632 2030 proceritas,
1654 1947 1759 2012 vultus

276 2066 316 2139 pe
401 2067 429 2112 44
438 2042 585 2126 oculique
614 2039 847 2140 perpulerunt)
867 2040 993 2121 saepius
1022 2040 1128 2103 videre
1155 2039 1300 2103 voluisti:
1329 2041 1414 2104 luisti
1443 2061 1510 2104 non
1532 2060 1703 2124 numquam
1727 2042 1762 2102 in

438 2137 538 2200 isdem
568 2135 686 2209 hortis,
718 2135 764 2196 vis
796 2132 910 2196 nobilis
944 2132 1059 2196 mulier
1085 2133 1175 2197 illum
1203 2131 1301 2197 filium
1330 2133 1465 2198 familiae
1494 2141 1584 2216 patre
1605 2153 1702 2218 parco
1725 2154 1763 2196 ac

438 2230 541 2294 tenaci
560 2228 678 2291 habere
699 2227 762 2290 tuis
784 2227 882 2310 copiis
905 2225 1102 2291 devinctum:
1131 2248 1195 2290 non
1218 2236 1326 2311 potes;
1359 2229 1515 2303 calcitrat,
1536 2229 1671 2311 respuit,
1694 2246 1759 2288 non

438 2332 527 2409 putat
548 2331 602 2387 tua
623 2322 707 2385 dona
728 2341 796 2384 esse
818 2321 913 2384 tanti:
943 2321 1051 2386 confer
1073 2330 1103 2384 te
1125 2321 1198 2385 alio.
1234 2324 1339 2386 llabee
1367 2324 1478 2386 hortos
1500 2321 1540 2386 ad
1562 2321 1700 2384 Tiberim
1723 2340 1760 2382 ac

438 2419 606 2501 diligenter
627 2436 665 2478 eo
687 2415 756 2478 loco
778 2415 910 2497 parasti,
933 2437 996 2500 quo
1019 2416 1122 2478 omnis
1137 2417 1282 2479 iuventus
1297 2416 1426 2480 natandi
1441 2436 1535 2481 causa
1548 2414 1653 2479 venit:
1683 2413 1760 2477 hina

400 2513 513 2584 solicet
534 2510 731 2575 conditiones
754 2510 896 2593 quotidie
917 2509 1014 2591 legas.
1049 2507 1111 2570 Cur
1131 2509 1215 2583 huic,
1239 2511 1294 2594 qui
1315 2519 1345 2574 te
1368 2512 1504 2595 speruit,
1527 2509 1661 2574 molesta
1682 2513 1740 2572 es‘l

521 2600 807 2668 xvi.37.1tede0
831 2623 914 2667 neruo
936 2604 975 2667 ad
998 2611 1046 2675 te,
1076 2601 1175 2676 Caeli,
1203 2603 1355 2679 vicissim,
1382 2623 1420 2666 ac
1441 2603 1519 2667 milri
1540 2604 1761 2667 auctoritatem

438 2703 569 2786 patriam
592 2698 853 2781 severitatemque
875 2692 1034 2778 suscipior
1064 2695 1120 2758 sed
1143 2696 1269 2770 dubito,
1300 2717 1396 2780 quem
1418 2705 1539 2780 patrem
1560 2697 1761 2780 potissimum

439 2816 577 2860 sumam:
601 2791 855 2856 Caecilianumne
876 2791 1033 2874 aliquem,
1055 2790 1274 2858 vehementem
1296 2799 1391 2874 atque
1414 2792 1548 2854 dommi

463 2893 571 2953 «Nunc
586 2887 669 2950 enim
685 2885 810 2947 demum
833 2885 875 2946 mi
898 2885 1020 2948 animus
1042 2886 1141 2958 ardet,
1162 2905 1246 2947 nunc
1268 2904 1373 2946 meum
1393 2904 1448 2948 cor
1464 2884 1641 2948 cumulatur
1660 2887 1737 2948 ira.»

400 2987 502 3056 aedui
522 2983 610 3046 illum
635 2979 682 3042 40
704 2979 829 3052 infelix,
852 3000 871 3042 o
893 2979 1059 3042 scelestelo
1076 3013 1115 3022 -
1133 3011 1174 3024 -
1189 2978 1295 3041 Ferrei
1317 2987 1390 3040 suut
1409 2979 1463 3041 isti
1485 2985 1607 3062 patres:
1633 2979 1760 3061 «Egone

440 3077 516 3160 quid
547 3074 672 3138 dicam‘l
702 3092 801 3156 egone
824 3073 899 3157 quid
923 3074 1039 3137 velim‘l
1069 3093 1149 3156 quae
1179 3081 1212 3136 tu
1235 3074 1342 3136 omnia
1363 3072 1425 3134 tuis
1445 3071 1549 3136 foedis
1569 3071 1660 3136 factis
1680 3072 1760 3136 44444

438 3181 474 3235 ut
495 3170 687 3255 nequiquam
701 3168 832 3230 velimm
858 3167 912 3230 vix
926 3167 1057 3229 ferendi.
1089 3166 1214 3228 Diceret
1235 3167 1305 3229 talis
1322 3173 1425 3248 pater:
1452 3166 1534 3229 «Cur
1555 3173 1586 3229 te
1607 3167 1641 3228 in
1666 3167 1759 3230 istam

438 3265 628 3329 vicinitatem
650 3260 858 3324 meretriciam
880 3258 1061 3324 contulisti?
1091 3280 1148 3322 cur
1167 3260 1326 3322 illecebris
1347 3261 1480 3342 cognitis
1503 3279 1568 3322 non
1589 3259 1759 3342 refugisti?

437 3379 494 3421 cur
514 3357 649 3420 alienam
671 3355 769 3417 ullam
790 3353 954 3416 mulierem
977 3356 1086 3416 noelli
1114 3354 1193 3416 Dide
1215 3373 1252 3415 ac
1274 3355 1404 3427 dissice,
1426 3373 1484 3436 per
1505 3375 1555 3417 me
1576 3353 1701 3417 licebit:
1732 3354 1758 3416 si

400 3477 429 3526 to
439 3451 554 3535 egebis,
576 3448 633 3511 tibi
657 3447 785 3521 dolebit,
807 3447 885 3510 mihi
908 3455 956 3512 sat
978 3455 1035 3522 est,
1058 3448 1114 3532 qui
1135 3448 1245 3512 aetatis
1261 3448 1346 3530 quod
1365 3447 1526 3532 reliquum
1540 3456 1589 3510 est
1602 3447 1758 3511 oblectem

503 3760 527 3809 4.
546 3757 617 3807 baias
632 3759 664 3818 P,
682 3754 731 3806 sed
748 3757 775 3805 ai
791 3757 817 3806 in
834 3769 885 3806 rae.
904 3783 937 3792 —
957 3761 1028 3806 actas
1044 3759 1077 3806 P:
1104 3756 1301 3806 44444105-
1325 3754 1507 3806 comissationes
1524 3759 1567 3807 1³¹:
1589 3757 1759 3810 comisatims

438 3829 481 3892 P²;
500 3832 685 3882 emnessationes
701 3831 777 3881 EGS
795 3855 821 3864 —
842 3830 865 3880 3.
884 3831 995 3892 idernqae
1011 3832 1104 3882 PEG:
1121 3831 1243 3892 iidemque
1259 3831 1306 3881 SO
1325 3857 1352 3866 -
1371 3833 1396 3882 5.
1414 3845 1446 3881 ac
1462 3845 1525 3882 uos:
1544 3838 1591 3883 aut
1607 3834 1640 3894 C,
1657 3839 1682 3884 et
1696 3834 1716 3884 0
1729 3861 1757 3873 -

438 3910 462 3959 6.
480 3908 579 3958 ommuni
595 3907 624 3957 Pi
639 3908 667 3956 in
692 3919 744 3956 ras.
763 3905 852 3956 hebet.
874 3934 899 3942 -
928 3906 951 3956 8.
970 3906 1135 3956 contutati
1151 3905 1309 3969 Madvigius:
1332 3919 1365 3956 ee
1381 3907 1403 3956 is
1419 3907 1497 3970 ipitaer
1512 3905 1554 3968 1²¹,
1580 3921 1614 3956 aa
1628 3907 1667 3958 itis
1681 3909 1760 3972 ipitur

436 3985 485 4034 4444
500 3983 557 4035 Ρ444
568 3985 587 4033 G
597 3984 630 4042 S;
648 3995 681 4032 444
698 3980 800 4045 [hisloae
816 3983 865 4032 4444
881 3983 913 4040 0;
932 3995 965 4030 aa
981 3981 1074 4030 intimis
1089 3981 1138 4030 44444
1155 3981 1223 4031 coni.
1241 3978 1422 4030 vollenhoven
1437 3982 1464 4031 in
1480 3981 1621 4032 limmdatt.
1638 3996 1677 4032 or.
1690 3983 1757 4034 Cael.

436 4058 519 4122 Lugd.
537 4061 593 4110 Bat.
612 4058 676 4109 4339
694 4057 778 4108 editis.
800 4085 826 4094 -
849 4070 947 4108 mmam
963 4051 993 4108 Ρ2
1012 4057 1039 4106 in
1055 4068 1107 4106 ras.
1126 4055 1216 4106 hebet.
1236 4081 1264 4091 -
1289 4055 1313 4105 9.
1328 4055 1442 4118 piurima
1457 4057 1501 4118 qai
1515 4055 1553 4120 12¹,
1573 4058 1759 4123 plurimamque

435 4131 465 4185 P²
484 4161 510 4169 -
528 4133 602 4183 44444
618 4145 668 4182 om.
691 4134 711 4181 G
730 4159 757 4168 -
776 4133 816 4182 40,
834 4130 998 4195 timiditatem]
1016 4130 1136 4193 seqnitur
1152 4131 1178 4180 in
1195 4134 1228 4182 P:
1253 4136 1276 4181 44
1291 4145 1338 4181 noc
1356 4132 1386 4195 (et
1401 4145 1448 4182 noc
1463 4133 1490 4182 in
1507 4134 1601 4199 marg.)
1617 4148 1759 4186 444444444-

435 4209 546 4259 44444444.
565 4206 758 4271 deprehendistis
774 4219 799 4270 p.
819 4206 891 4266 4005,
910 4205 941 4254 22
959 4217 1044 4266 usque
1061 4202 1095 4253 ad
1111 4204 1207 4255 44444444
1223 4205 1366 4256 4444444444
1382 4220 1409 4271 p.
1423 4207 1496 4270 4000,
1509 4207 1534 4267 4,
1554 4212 1581 4260 et
1597 4209 1716 4262 similiter
1731 4213 1758 4260 in

434 4285 497 4346 EG,
516 4285 566 4335 nisi
583 4282 654 4348 quod
674 4282 701 4331 in
724 4281 765 4332 his
783 4280 915 4345 quaedam
932 4281 1022 4330 vitiata
1038 4281 1108 4331 suut.
1128 4306 1156 4316 -
1181 4282 1221 4331 44.
1240 4282 1443 4344 qaitarnultaaeis
1459 4283 1488 4331 l>¹
1506 4308 1534 4320 -
1561 4283 1601 4335 43.
1616 4297 1712 4348 parram
1727 4288 1755 4336 P.

434 4359 510 4410 llunc
524 4369 633 4409 versum
651 4358 783 4408 comicum
801 4369 861 4408 esse
878 4357 979 4421 primus
996 4355 1061 4407 vidit
1076 4356 1185 4407 Beierus
1202 4355 1236 4406 ad
1255 4357 1308 4408 Cic.
1328 4357 1402 4407 04444.
1420 4359 1445 4418 4,
1463 4370 1490 4422 p.
1504 4359 1560 4410 443.
1578 4385 1606 4395 -
1625 4360 1667 4411 43.
1684 4373 1758 4424 aspe-

432 4435 528 4485 nistil’
547 4461 574 4470 -
593 4433 813 4496 impermistum
829 4435 866 4483 P:
887 4432 1155 4495 pepuleruntEGSO
1175 4457 1202 4466 —
1222 4432 1261 4483 46.
1279 4433 1355 4482 isdem
1372 4435 1404 4483 1³:
1424 4432 1511 4482 iisdem
1527 4433 1548 4483 0
1564 4459 1598 4472 -
1612 4436 1653 4485 ais
1669 4434 1711 4498 1³²,
1728 4436 1759 4486 ut

433 4507 577 4572 Madvigius
594 4508 707 4558 conenit
722 4521 749 4572 p.
763 4507 823 4559 tut:
842 4508 898 4558 4444
914 4505 944 4560 P*
953 4508 1000 4558 EG
1018 4508 1053 4569 (in
1068 4507 1154 4557 iisdem
1168 4506 1247 4558 bortis
1261 4507 1317 4557 aisa
1329 4507 1417 4557 4454444
1427 4508 1535 4558 mulier:
1552 4508 1623 4559 444444
1632 4510 1652 4574 l.
1664 4510 1756 4575 [pp.

432 4597 464 4634 ac
479 4589 497 4633 t.
513 4584 604 4634 4445444
619 4585 668 4634 tais
682 4585 760 4647 copiis
775 4585 914 4634 deuinctam
929 4598 980 4634 non
992 4589 1078 4646 potes:
1097 4584 1126 4644 0)
1145 4609 1172 4618 -
1196 4583 1235 4632 t'l.
1254 4583 1378 4633 4444444444
1399 4597 1450 4632 non
1469 4587 1549 4644 porea
1563 4584 1665 4635 44444444
1680 4583 1709 4635 1²¹
1725 4610 1754 4620 —

432 4660 473 4709 49.
488 4661 590 4722 parasti
604 4663 637 4712 P:
659 4661 819 4723 praeparasti
841 4661 916 4710 EGS
936 4686 963 4699 -
988 4659 1029 4708 40.
1048 4659 1136 4709 cotidie
1157 4660 1176 4708 1>
1200 4685 1227 4695 —
1250 4655 1685 4721 esem.1>¹,addtditmsnosa‚
1707 4657 1755 4710 sed

431 4734 518 4785 vetus.
537 4759 564 4770 -
583 4735 624 4785 22.
642 4735 748 4798 suspicio
764 4738 823 4786 PG¹
842 4762 867 4773 -
888 4735 929 4786 43,
947 4735 1100 4785 ceiianmnne
1116 4735 1168 4783 EG
1186 4759 1213 4768 -
1231 4731 1272 4784 tl.
1291 4735 1327 4783 mi
1343 4731 1503 4784 liibbeclriua
1521 4733 1622 4798 (domic.
1634 4735 1691 4785 444.
1703 4733 1755 4784 4444.

431 4821 491 4873 pag.
505 4809 558 4872 dil:
576 4811 637 4860 miti
654 4811 737 4863 CO·
752 4811 793 4862 46.
806 4811 932 4872 qaidicam
948 4805 1016 4861 1³¹-
1035 4822 1111 4874 epure
1127 4808 1187 4872 qaid
1201 4808 1275 4858 aelim
1291 4810 1352 4859 PS:
1371 4808 1432 4872 qaid
1445 4808 1520 4858 444444
1536 4809 1679 4870 omittitG;
1696 4807 1757 4870 qaid

429 4883 502 4936 uelim
524 4884 683 4936 Ribbecliue
701 4897 763 4937 cum
784 4885 931 4950 Spengelio.
952 4913 978 4923 -
1003 4885 1045 4935 27.
1063 4885 1216 4948 nequiquam
1230 4884 1292 4934 PG:
1316 4884 1484 4946 nequidquam
1500 4885 1520 4935 0
1539 4909 1567 4920 -
1589 4883 1636 4934 444
1650 4881 1753 4945 tamid.

430 4959 621 5010 diceretPEG:
639 4961 685 5011 444
699 4961 803 5024 ferenda
818 4961 907 5012 dicerm
924 4961 969 5012 SO
989 4986 1016 4998 -
1034 4961 1110 5014 444444
1126 4962 1252 5012 ciuitatem
1269 4965 1290 5012 G
1305 4987 1333 4999 -
1351 4963 1392 5016 28.
1410 4961 1539 5013 4444440444
1554 4961 1575 5010 Ρ
1594 4985 1622 4997 -·
1640 4959 1682 5010 49.
1700 4958 1756 5008 dide

430 5045 461 5084 ao
476 5033 563 5084 4444444
578 5036 724 5088 Puteanus:
742 5037 877 5100 444444444
888 5037 924 5100 pq
936 5049 968 5086 44
984 5039 1050 5088 dirce
1064 5039 1098 5099 P,
1116 5038 1202 5088 didace
1218 5049 1250 5086 44
1266 5037 1331 5087 disce
1346 5039 1380 5097 G;
1400 5037 1435 5086 dii
1451 5038 1512 5088 deae
1527 5048 1559 5086 ac
1572 5033 1681 5091 44444Ε;
1699 5031 1755 5081 dide

429 5109 514 5159 disiice
536 5109 565 5159 0.
593 5110 631 5160 De
654 5110 738 5162 torma
759 5111 884 5175 4444444444,
908 5124 989 5176 quam
1011 5112 1094 5164 habet
1110 5114 1190 5164 etiem
1207 5111 1266 5163 cod.
1285 5111 1379 5164 Medic.
1398 5112 1426 5162 in
1442 5112 1504 5163 Tac.
1521 5113 1588 5161 Anu.
1607 5111 1634 5172 1,
1652 5108 1700 5169 65,
1725 5118 1751 5156 v.

429 5184 538 5235 Lacbm.
557 5181 591 5234 ad
608 5186 714 5236 lucret.
732 5197 759 5250 p.
773 5185 829 5237 448.
849 5213 877 5223 -
895 5199 942 5249 per
956 5199 996 5237 me
1012 5187 1092 5237 4444544
1107 5190 1141 5250 Ρ,
1159 5185 1209 5238 sed
1224 5199 1253 5237 er
1269 5187 1295 5236 in
1312 5199 1364 5238 ras.
1382 5185 1497 5252 plurium
1514 5183 1670 5246 litterarum,
1688 5182 1754 5233 item

428 5259 461 5311 444
477 5260 503 5310 in
520 5273 572 5313 ras.
592 5286 620 5297 ·-
639 5260 679 5313 30.
697 5259 810 5313 dolebunt
826 5265 847 5313 G
864 5285 891 5298 -
911 5267 950 5314 444
966 5266 1001 5313 est
1017 5273 1070 5313 am.
1089 5261 1139 5314 ito
1157 5285 1184 5298 -
1202 5261 1325 5325 reliquom
1340 5264 1374 5324 P;
1391 5260 1514 5326 rotimum
1529 5257 1699 5313 Ribbeckius.
