4009 6159
395 556 478 626 IIII
577 614 579 624 .
821 563 972 628 ORATIO
993 564 1218 630 PHILIPPICA
1239 565 1278 629 lI.

392 738 456 808 ret,
485 733 632 797 inventus
660 737 733 798 esti
764 733 860 798 Cuius
891 734 1018 820 quidem
1041 735 1099 798 tibi
1120 735 1236 808 fatum,
1264 735 1346 798 sicut
1368 733 1401 797 G.
1426 736 1568 812 Curioni,
1595 745 1711 821 manet,

390 827 538 907 quoniam
566 827 599 890 id
626 827 712 891 domi
740 834 814 891 tuae
844 836 909 904 est,
940 830 1027 913 quod
1047 830 1109 893 fait
1130 828 1255 892 illorum
1277 831 1404 912 utrique
1424 828 1530 892 latale.
1567 824 1617 892 lt.
1640 833 1712 894 Non

389 920 493 1002 placet
514 923 556 986 M.
577 923 714 986 Antonio
736 922 916 987 consulatus
939 944 1037 988 meus.
1073 927 1115 987 At
1135 923 1254 1007 placuit
1275 925 1307 985 P.
1327 923 1475 997 Servilio,
1496 930 1533 988 ut
1552 945 1627 988 eum
1648 925 1712 1008 pri·

388 1035 473 1077 mum
496 1017 656 1080 nominem
678 1037 719 1080 ex
740 1016 825 1080 illius
840 1019 991 1100 temporis
1007 1015 1238 1089 consularibus,
1261 1015 1317 1099 qui
1331 1015 1476 1098 proxime
1491 1023 1539 1079 est
1552 1025 1711 1096 mortuus3

363 1109 507 1194 aplaeuit
529 1112 567 1186 Q.
592 1110 720 1186 Gamla,
743 1113 832 1174 cuius
855 1131 979 1196 semper
998 1112 1032 1174 in
1053 1112 1113 1174 hac
1134 1130 1168 1173 re
1189 1109 1316 1194 publica
1330 1111 1414 1172 viret
1434 1112 1621 1188 auctoritem
1645 1115 1712 1198 pla·

387 1204 453 1268 cuit
474 1206 597 1270 duobus
619 1206 779 1281 Lucullis,
808 1207 850 1268 Μ.
873 1206 1001 1279 Crasso,
1030 1204 1068 1280 Q.
1090 1203 1279 1277 Hortensio,
1310 1203 1344 1266 C.
1367 1203 1510 1280 Curioni,
1539 1207 1573 1270 C.
1594 1209 1712 1285 Pisoni,

387 1301 439 1363 Μ’.
462 1299 644 1374 Glabrioni,
667 1301 717 1364 Μ’.
740 1299 877 1383 Lepido,
899 1301 933 1362 L.
955 1299 1118 1373 Volcatio,
1142 1298 1175 1361 C.
1197 1298 1324 1380 Figulo,
1346 1298 1383 1359 D.
1406 1298 1529 1377 Silano,
1551 1302 1586 1364 L.
1609 1304 1713 1367 liure·

387 1413 463 1470 nae,
493 1395 635 1478 quitum
659 1401 748 1457 erant
769 1395 914 1457 consules
937 1394 1112 1476 designati3
1140 1391 1259 1475 placuit
1279 1390 1362 1454 idem
1385 1394 1472 1475 quod
1494 1396 1711 1478 consularibus

387 1489 429 1550 Μ.
452 1488 580 1565 Catoni,
611 1489 665 1574 qui
696 1510 765 1553 cum
788 1489 888 1552 multa
909 1491 973 1552 vita
994 1487 1152 1550 excedens
1172 1485 1324 1569 providit,
1348 1494 1416 1549 tum
1438 1488 1523 1571 quod
1546 1497 1577 1552 te
1598 1511 1712 1555 consu·

350 1581 448 1645 talem
471 1604 534 1646 non
556 1583 646 1647 vidit.
688 1585 825 1648 Maxime
847 1604 921 1647 vero
942 1582 1141 1646 consulatum
1163 1600 1267 1645 meum
1292 1579 1347 1644 Gn.
1368 1582 1537 1666 Pompeius
1558 1583 1711 1666 probavit,

388 1676 463 1759 qui,
491 1683 527 1742 ut
554 1698 604 1741 me
634 1678 770 1761 primum
798 1677 954 1742 decedens
983 1698 1023 1741 ex
1054 1677 1145 1760 Syria
1166 1675 1262 1749 vidit,
1293 1676 1477 1758 complexus
1498 1683 1531 1740 et
1551 1678 1711 1760 gratulans

388 1790 458 1834 meo
488 1769 640 1835 beneficio
668 1772 802 1856 patriam
831 1791 865 1834 se
887 1773 1029 1835 visurum
1051 1790 1121 1834 esse
1144 1769 1233 1831 dixit.
1277 1767 1340 1830 Sed
1363 1769 1440 1853 quid
1463 1770 1604 1853 singulos
1626 1791 1711 1834 com-

295 1943 299 1955 Ι
388 1870 550 1930 memoro‘l
585 1866 853 1951 Frequentissimo
876 1867 999 1930 senatui
1023 1867 1068 1930 sic
1090 1862 1227 1947 placuit,
1256 1869 1292 1925 ut
1313 1871 1397 1926 esset
1418 1883 1529 1940 nemo,
1558 1868 1613 1951 qui
1634 1867 1711 1930 mihi

277 1960 302 2018 st
387 1979 453 2022 non
474 1967 509 2023 ul
529 1961 653 2044 parenti
675 1960 791 2043 gratias
813 1967 933 2044 ageret,
957 1960 1012 2045 qui
1034 1958 1111 2022 mihi
1129 1976 1192 2020 non
1209 1956 1305 2019 vitam
1323 1977 1427 2032 suam,
1448 1957 1611 2035 fananas,
1634 1959 1712 2022 libe-

350 2065 457 2129 atros,
478 2075 546 2118 rem
567 2055 727 2138 publicam
749 2053 881 2118 referret
902 2061 1071 2138 acceptam.
1114 2053 1166 2115 VI.
1190 2047 1240 2114 t3.
1263 2051 1327 2114 Sed
1350 2033 1500 2136 qdoniam
1521 2053 1601 2130 illis,
1631 2075 1711 2138 quos

279 2147 307 2230 ,t
316 2197 318 2209 .
387 2148 563 2223 nominari,
585 2156 632 2212 tol
652 2156 684 2211 et
705 2147 820 2212 talibus
842 2149 918 2240 viris
940 2169 991 2212 res
1014 2145 1142 2231 publica
1162 2145 1270 2209 orbata
1289 2152 1353 2220 est,
1376 2148 1539 2212 veniamus
1554 2149 1592 2214 ad
1613 2150 1711 2224 rivas,

277 2231 284 2250 ⁵
390 2243 444 2328 qui
468 2243 530 2307 duc
555 2242 594 2305 de
617 2243 827 2307 consularium
850 2264 981 2308 numero
1003 2242 1119 2326 reliqui
1141 2250 1224 2305 sunt.
1263 2240 1298 2302 l..
1323 2240 1429 2314 Cotta,
1452 2242 1501 2327 vir
1521 2263 1642 2306 summo
1663 2243 1712 2305 in-

302 2351 315 2368 *
389 2337 482 2420 genio
505 2357 688 2419 summaque
707 2337 890 2419 prudentia,
919 2337 1015 2401 rebus
1037 2338 1076 2400 iis
1098 2335 1209 2418 gestis,
1235 2354 1314 2418 quas
1336 2343 1371 2397 tu
1394 2336 1616 2419 reprehendis,
1639 2359 1712 2423 sup

388 2431 590 2514 plicationem
625 2430 764 2494 decrevit
793 2430 897 2498 verbis
930 2429 1148 2514 amplissimis,
1174 2429 1359 2513 [eiqueqilli
1390 2430 1467 2513 ipsi,
1503 2452 1584 2514 quos
1617 2433 1711 2497 modo

157 2529 256 2630 ὦ
349 2525 567 2601 denominavi,
597 2524 777 2589 consulares
810 2531 1002 2607 senatusque
1025 2530 1155 2587 cunctus
1178 2522 1417 2634 assensus-est]
1438 2525 1493 2609 qui
1515 2525 1618 2589 honos
1641 2534 1713 2609 post

388 2619 548 2683 conditam
569 2620 651 2681 hanc
672 2619 782 2682 urbem
804 2618 929 2682 habitus
952 2627 1000 2681 est
1022 2624 1127 2700 togato
1143 2624 1217 2681 anta
1231 2638 1281 2681 me
1296 2620 1426 2681 nemim.
1470 2614 1521 2680 ll.
1537 2620 1572 2682 L.
1589 2619 1712 2694 Caesar,

343 2723 362 2815 f
388 2713 563 2796 avunculus
585 2721 676 2789 tuus,
699 2733 762 2797 qua
784 2714 944 2788 oratioue,
967 2733 1030 2798 qua
1050 2711 1245 2786 annotanda,
1268 2731 1332 2794 qua
1353 2713 1504 2795 gravitate
1524 2714 1712 2777 sententiam

342 2818 356 2880 t
388 2808 467 2870 dixit
486 2806 520 2869 in
543 2806 659 2871 sororis
682 2827 756 2871 suae
778 2807 896 2882 virum,
925 2807 1070 2890 vitqicum
1091 2805 1198 2869 tuuml
1229 2807 1321 2868 llunc
1350 2815 1385 2869 tu
1406 2826 1477 2870 cum
1500 2814 1658 2870 auctorem
1680 2815 1713 2869 et

267 2930 273 2946 ·
388 2907 623 2984 praeceptorem
646 2903 785 2965 omnium
808 2901 1012 2965 consiliorum
1033 2900 1194 2984 totiusque
1215 2900 1298 2964 uitae
1321 2899 1484 2963 debuisses
1505 2901 1638 2976 habere,
1666 2902 1713 2963 vi-

352 2995 459 3058 satrici
489 3001 519 3058 te
548 2995 683 3058 similem
705 3015 798 3080 quam
826 2996 973 3059 avunculi
996 2995 1145 3059 maluisti.
1191 2993 1295 3056 Iluius
1324 3014 1383 3076 eqo
1416 2993 1539 3058 alienus
1572 2995 1712 3059 consiliis

289 3077 310 3167 ,’
388 3089 496 3153 consul
519 3099 585 3152 tum
607 3109 683 3154 usus
706 3110 792 3153 sum:
816 3097 866 3166 tu,
888 3090 1007 3154 sororis
1029 3086 1126 3166 lilius,
1149 3087 1263 3171 ecquid
1285 3089 1418 3152 adeum
1441 3109 1593 3173 umquam
1616 3088 1655 3151 de
1676 3108 1711 3151 re

387 3184 512 3267 publica
529 3184 702 3248 rettulistil
724 3187 765 3247 At
779 3185 819 3248 ad
836 3206 915 3270 quos
930 3185 1048 3248 referti
1063 3184 1096 3245 di
1110 3182 1320 3246 immortalesl
1341 3182 1390 3245 Ad
1406 3201 1462 3246 cos
1482 3183 1616 3257 scilicet,
1632 3201 1712 3266 quo·

386 3300 456 3342 rum
487 3279 578 3342 nobis
607 3281 700 3342 etiam
730 3265 800 3342 'dies
822 3279 942 3342 natales
964 3278 1113 3342 audiendi
1135 3285 1218 3339 sunt.
1263 3271 1313 3338 lli.
1335 3277 1438 3340 Hodie
1460 3297 1525 3340 non
1548 3275 1710 3339 descendit

387 3373 552 3437 Antonius.
588 3373 670 3435 Curi
693 3371 747 3434 dat
768 3372 945 3435 nataliciam
968 3371 1000 3434 in
1022 3372 1131 3434 hortis.
1166 3373 1250 3434 Cuil
1272 3373 1428 3434 neminem
1445 3372 1632 3434 nominabo:
1655 3393 1712 3454 pu-

349 3476 451 3531 aatate
474 3473 540 3529 tum
562 3465 744 3530 Phormioni
767 3466 878 3540 alicui,
901 3473 966 3530 tum
990 3464 1168 3540 Gnathoni,
1189 3473 1256 3528 tum
1279 3465 1373 3528 etiam
1394 3465 1539 3528 Ballioni.
1568 3464 1712 3528 Oloedi·

293 2802 302 2814 Ι

455 3758 478 3808 t.
497 3761 531 3808 cal
548 3767 602 3806 om.
620 3767 635 3803 a
651 3781 686 3792 -
701 3753 745 3804 tili
761 3753 870 3804 Vabt:
891 3759 914 3804 tc
931 3768 961 3817 ες
980 3755 1008 3804 at
1022 3767 1049 3804 v.
1067 3755 1150 3806 Maur.
1169 3753 1274 3818 Hauptti
1290 3751 1404 3803 Observa.
1422 3755 1488 3803 etitt.
1507 3765 1534 3817 p.
1553 3753 1569 3803 9
1585 3754 1613 3804 el
1627 3751 1708 3804 Klots

387 3835 414 3885 in
430 3835 494 3886 Aac.
512 3846 570 3882 aaa.
585 3831 671 3893 pailet.
689 3836 713 3881 at
726 3830 801 3893 paed.
819 3826 875 3879 Vol.
893 3829 997 3891 XXXX,
1018 3844 1043 3895 p.
1061 3829 1103 3881 la.
1124 3857 1151 3867 -
1170 3830 1266 3892 factm
1281 3830 1317 3878 at
1334 3855 1361 3863 -
1384 3829 1448 3878 sicat
1462 3828 1529 3878 VD:
1553 3829 1625 3879 denti
1641 3829 1662 3878 0
1681 3855 1708 3865 -

388 3911 414 3960 0.
433 3921 487 3959 om.
505 3906 528 3954 V
545 3917 585 3970 pr.
604 3919 639 3956 m.
660 3931 687 3942 -
707 3904 810 3955 &ariam
826 3905 862 3953 V:
881 3903 1013 3956 θνήσκων»
1030 3907 1052 3956 D
1072 3933 1099 3943 -
1118 3906 1142 3956 2.
1161 3905 1227 3955 domi
1243 3905 1307 3956 u0:
1331 3906 1418 3954 damea
1433 3903 1468 3963 V;
1486 3904 1571 3953 dmarat
1586 3901 1708 3955 Klotzius.

387 3984 531 4036 Arusianus
549 3995 575 4046 p.
593 3980 641 4031 tle
659 3978 746 4032 locum
764 3981 803 4031 sic
820 3981 943 4044 corrupte
961 3980 1059 4031 habet:
1082 3982 1182 4042 qaaada
1206 3979 1250 4029 tibi
1266 3980 1444 4040 destinasset,
1467 3979 1533 4039 qaod
1547 3978 1596 4042 tall
1610 3978 1712 4028 illorm

386 4057 588 4122 attiqaesatale.
609 4079 636 4093 -
656 4055 680 4106 ³.
698 4055 842 4106 coaaalalaa
861 4055 923 4103 V··
939 4054 1056 4117 masal)
1076 4081 1101 4092 -
1122 4053 1147 4105 l.
1165 4054 1376 4116 macoma
1392 4079 1419 4089 -
1438 4054 1462 4102 5.
1478 4053 1575 4116 placuit
1593 4053 1633 4117 (t.]
1651 4054 1711 4117 pta-

386 4135 503 4195 euitpaae
519 4132 554 4192 V3
572 4131 715 4194 placuitque
731 4131 769 4181 .l..
787 4130 809 4179 D
828 4129 883 4192 ised
900 4128 932 4180 h:
950 4130 1046 4192 placuit
1063 4143 1096 4191 .q.
1115 4130 1132 4178 l.
1151 4132 1178 4180 t:
1199 4129 1295 4192 placuit
1311 4142 1337 4190 p;
1354 4130 1381 4192 l.)
1400 4153 1428 4164 -
1447 4129 1475 4178 ia
1495 4130 1585 4192 lacp.
1602 4144 1626 4179 r.
1644 4143 1659 4178 a
1679 4153 1707 4166 -·

386 4214 451 4262 olvat
467 4211 522 4259 Va:
540 4209 602 4258 oluit
619 4207 678 4272 bql
696 4234 723 4244 -
745 4209 770 4258 V.
792 4207 836 4256 Μ’.
855 4205 985 4256 Glabrioni
1004 4205 1135 4256 lluretus:
1152 4207 1189 4255 Μ.
1208 4206 1338 4255 Glabrioni
1354 4203 1462 4254 codices
1480 4204 1516 4267 (in
1532 4205 1555 4254 I)
1571 4205 1607 4254 Μ.
1620 4204 1711 4266 Lepido

387 4286 474 4338 locum
492 4285 650 4336 hebetante
668 4295 765 4334 nomeu
783 4282 810 4334 0.
828 4281 958 4343 Piaaoil-
977 4281 1021 4330 Μ’.
1035 4281 1126 4341 Lepido
1142 4279 1176 4329 b:
1194 4282 1230 4330 Μ.
1243 4281 1334 4343 Lepida
1351 4279 1434 4330 ceteri
1451 4278 1530 4329 codd.
1545 4305 1578 4315 -
1599 4279 1711 4328 Vulcatio

387 4365 430 4414 Vt
446 4362 456 4426 {
460 4362 569 4413 Volcatio
584 4360 602 4410 b
623 4373 691 4410 corr.
711 4371 743 4409 ex
764 4356 879 4421 Volcano)
898 4383 926 4393 -
948 4357 984 4405 Μ.
997 4356 1085 4420 ilipula
1102 4355 1123 4404 V
1137 4355 1307 4418 (significatur
1326 4355 1353 4406 G.
1372 4354 1485 4405 ltaacim
1499 4353 1603 4418 Fipalur
1618 4351 1709 4403 consul

388 4452 413 4491 a.
430 4438 462 4489 et
478 4451 502 4487 a.
522 4437 570 4487 Ch.
588 4435 623 4496 n.)
644 4461 670 4473 -υ
694 4433 718 4484 9.
737 4431 910 4484 lma--aidit
931 4443 984 4480 om.
1004 4444 1020 4481 a
1039 4457 1066 4467 —
1094 4432 1135 4480 tt.
1153 4442 1193 4480 me
1209 4443 1262 4480 om.
1279 4428 1313 4489 b;
1332 4435 1355 4480 ta
1370 4442 1425 4491 ag;
1443 4429 1597 4490 alpiam
1612 4432 1636 4477 te
1651 4430 1662 4476 t
1680 4453 1709 4464 -

387 4513 528 4562 sirias—
551 4507 786 4572 coaplazuth—
807 4507 1483 4566 ti.seaimmv-dinitcarct;aaaeom.a-
1504 4500 1709 4566 quidapab-

387 4585 655 4638 commamoraboa-
675 4583 714 4633 ⁴3.
732 4584 951 4634 sammull-
971 4580 1349 4644 litaniamascendunt:
1368 4577 1711 4642 aemamtatottamuo

389 4662 446 4724 (sed
464 4663 475 4711 t
490 4661 539 4722 cal)
559 4685 586 4694 —
604 4661 765 4721 smtaaama
785 4683 810 4694 -
831 4659 870 4707 ta.
888 4656 977 4719 reserat
992 4653 1025 4706 V¹
1044 4684 1070 4694 -
1089 4662 1192 4719 accepta
1208 4669 1223 4706 a
1241 4683 1268 4692 -
1287 4654 1411 4706 tutv1-
1431 4656 1471 4705 ta.
1489 4653 1628 4704 ammovit
1643 4651 1711 4701 th

390 4735 756 4794 -aaaoaaadoaaa-
776 4729 1052 4792 lupatadaaw-
1072 4727 1709 4791 dacaorulariuszacoaaalarilltsedgaa,

389 4821 452 4884 act)
473 4847 499 4855 -
520 4819 559 4869 ts.
576 4818 614 4868 bia
630 4829 670 4880 ag
687 4843 714 4853 -
735 4818 775 4867 49.
792 4817 852 4867 mibi
869 4817 1047 4880 decrwitg-
1066 4817 1106 4867 Μ).
1126 4816 1404 4880 adommvtpostaat
1420 4805 1712 4876 add.iuVm.I:pt⁷.)

390 4923 417 4932 -
437 4896 478 4946 at.
497 4895 523 4944 l..
542 4905 629 4943 caesae
646 4894 656 4942 t
674 4919 700 4927 -
726 4893 767 4942 ΜΞ.
786 4905 898 4956 qaaapra
914 4895 1042 4956 praedata
1056 4891 1088 4941 V¹
1106 4918 1132 4928 —
1157 4891 1304 4942 sententiat
1321 4917 1348 4927 -
1372 4891 1414 4941 23.
1432 4903 1488 4940 cram
1505 4895 1532 4940 ta
1548 4903 1564 4939 a
1582 4915 1610 4924 -
1628 4889 1669 4939 td.
1688 4893 1712 4938 tc

388 4987 438 5024 assa
453 4972 472 5022 b
485 4997 512 5008 -
529 4970 648 5020 camarti
664 4982 714 5020 aare
729 4982 763 5018 m.
776 4971 798 5019 D
813 4997 840 5007 -
852 4969 893 5020 26.
911 4969 996 5019 coarat
1012 4973 1065 5017 tum
1080 4979 1204 5017 amaram
1215 4979 1277 5018 nos:
1295 4966 1420 5016 comulas
1440 4965 1572 5025 umanr
1591 4969 1708 5015 tamum.

389 5049 441 5100 ΒΟ
455 5074 482 5083 -
501 5046 589 5107 ecquid
605 5047 657 5108 gt:
676 5045 796 5106 baccqaid
812 5045 849 5107 V;
867 5051 891 5094 et
907 5045 968 5107 qaid
984 5043 1027 5094 ab
1046 5069 1072 5077 -
1092 5043 1122 5091 de
1137 5055 1166 5092 ra
1181 5039 1221 5104 V¹,
1237 5055 1264 5104 p.
1283 5039 1384 5090 addidit
1399 5052 1435 5090 m.
1453 5041 1479 5091 t.
1501 5068 1529 5078 -
1546 5041 1588 5091 27.
1606 5038 1711 5089 retaliet

389 5124 472 5174 VDO
492 5149 518 5158 -·
537 5119 573 5184 at]
590 5121 624 5169 ad
640 5119 675 5180 V;
694 5131 747 5168 om.
766 5119 788 5168 D
807 5145 834 5154 -
852 5119 942 5182 resarta
957 5119 979 5168 V
997 5143 1024 5153 -
1044 5119 1070 5166 di
1085 5118 1187 5167 lamort.
1205 5118 1233 5166 t:
1251 5117 1288 5164 dii
1303 5117 1412 5165 immart.
1430 5116 1451 5165 0
1468 5141 1497 5152 -
1515 5117 1556 5167 Μ.
1575 5116 1627 5166 (har
1642 5114 1712 5164 aaa?

390 5199 516 5250 hlurelus.
538 5223 565 5232 -
583 5194 731 5245 nataliciam
747 5191 812 5258 (scil.
831 5195 925 5256 comm)
943 5195 979 5244 V:
1005 5194 1127 5244 malicia
1143 5194 1194 5243 ΒΟ
1214 5219 1242 5228 -
1265 5197 1353 5255 patale
1368 5196 1420 5241 tran
1435 5192 1470 5240 V:
1488 5195 1601 5254 putatote
1616 5203 1672 5239 auor
1688 5190 1710 5239 l)

393 5301 421 5311 -
439 5273 480 5324 30.
497 5273 615 5338 fomlam
630 5273 652 5324 D
665 5297 692 5307 -
711 5271 825 5336 puellm
840 5269 876 5331 V;
893 5269 997 5334 qoaloai
1014 5267 1095 5332 abg;
1113 5267 1254 5334 qqaatioot
1269 5271 1323 5317 t-
1340 5266 1556 5317 atiamom.l)-
1575 5263 1709 5325 aaamtv3
