4009 6159
413 553 476 622 976
842 561 995 627 ORATIO
1018 561 1098 627 PRO
1118 563 1154 627 P.
1177 562 1320 628 SESTIO

274 783 279 793 .
315 696 318 712 ί
412 730 557 806 horrida,
579 738 683 807 muta,
705 730 800 815 plena
821 731 924 795 luctus
946 741 978 797 et
999 733 1154 797 maeroris
1175 733 1313 796 fuerunt.
1333 698 1426 821 {Quis
1443 739 1493 797 est
1509 733 1620 798 ltaliae
1642 734 1744 808 locos,

276 730 351 829 rt-J-

211 830 326 930 ΜΨ

412 828 445 889 in
478 846 544 909 quo
576 814 657 902 8887
673 822 844 914 448848μεί4
869 828 902 889 in
932 828 1066 910 publicis
1093 827 1307 892 monumentis
1325 823 1478 891 *studium
1504 828 1613 891 salutis
1635 848 1744 901 meae,

412 896 838 1003 testimonium⁴dignitatisl
882 922 963 984 LXI.
987 917 1058 984 lua.
1080 924 1160 986 Nam
1182 922 1260 1006 quid
1282 942 1342 1004 ego
1364 920 1419 984 illa
1441 920 1481 984 de
1503 940 1553 984 me
1569 921 1679 985 divina
1692 942 1746 985 se-

411 1022 505 1078 natus
527 1015 671 1077 consulta
694 1018 957 1080 commemorem?
986 1017 1038 1079 vel
1060 1016 1146 1099 qnod
1168 1017 1202 1079 in
1224 1016 1342 1099 templo
1365 1016 1450 1079 Iovis
1473 1013 1593 1100 Optimi
1615 1016 1747 1079 Maximi

390 1108 528 1172 isacium
552 1116 617 1185 est,
639 1130 711 1173 cum
733 1111 782 1173 vir
803 1111 846 1184 is,
875 1111 929 1193 qui
952 1111 1126 1193 tripertitas
1149 1110 1234 1173 orbis
1255 1119 1410 1173 terrarum
1431 1128 1503 1172 oras
1524 1118 1621 1193 atque
1642 1111 1747 1193 regio-

410 1224 468 1268 nes
489 1205 589 1268 tribus
611 1203 779 1286 triumphis
801 1204 965 1267 adiunctas
989 1203 1064 1267 huic
1087 1204 1222 1287 imperio
1237 1204 1376 1278 notavit,
1398 1202 1438 1266 de
1455 1203 1573 1285 scripto
1588 1203 1748 1267 sententia

410 1300 496 1362 dicta
517 1298 595 1361 mihi
617 1300 672 1361 uni
696 1299 910 1362 testimonium
933 1299 1054 1380 patriae
1076 1306 1280 1363 conservatae
1302 1296 1405 1373 dadit;
1435 1296 1526 1360 cuius
1555 1300 1747 1362 sententiam

409 1394 453 1457 ita
474 1392 749 1476 frequentissimus
771 1402 900 1456 senatus
923 1399 1052 1455 secutus
1075 1401 1141 1467 est,
1163 1398 1200 1454 ut
1222 1412 1304 1455 unus
1318 1390 1502 1455 dissentiret
1521 1391 1623 1455 hostis
1644 1392 1746 1477 idque

409 1488 514 1570 ipsum
543 1487 660 1550 tabulis
689 1482 824 1571 publicis
854 1480 1058 1551 mandaretur
1078 1487 1119 1549 ad
1141 1486 1324 1549 memoriam
1348 1485 1466 1569 posteri
1488 1488 1639 1569 temporis
1661 1508 1747 1550 sem-

373 1583 583 1664 ropiternam:
606 1580 657 1646 vel
679 1582 764 1664 quod
787 1588 835 1644 est
857 1579 1012 1664 postridie
1035 1580 1196 1643 decretum
1218 1583 1251 1644 in
1272 1582 1358 1643 curia
1372 1581 1482 1664 populi
1496 1581 1597 1662 ipsius
1612 1581 1746 1644 Romani

410 1683 585 1750 eteorum,
616 1675 671 1759 qui
701 1694 743 1738 ex
764 1675 946 1758 municipiis
968 1683 1194 1749 convenerant,
1225 1674 1405 1747 admonitu,
1434 1674 1570 1757 nequis
1592 1673 1744 1737 decaelo

409 1776 564 1845 servaret,
586 1788 627 1832 ne
650 1770 721 1854 quis
743 1789 864 1833 moram
879 1768 977 1832 ullam
994 1770 1136 1832 all'erret:
1161 1770 1189 1831 si
1205 1767 1279 1852 quis
1293 1768 1383 1830 aliter
1396 1767 1539 1843 lecisset,
1562 1788 1634 1831 eum
1648 1768 1745 1853 plane

410 1882 587 1927 eversorem
616 1864 663 1926 rei
692 1864 839 1946 publicae
865 1862 935 1927 lore
967 1863 1066 1946 idque
1094 1870 1238 1927 senatum
1268 1861 1451 1945 pravissime
1473 1861 1625 1937 laturum,
1654 1871 1687 1926 et
1708 1872 1745 1926 ut

409 1960 514 2023 statim
536 1956 576 2020 de
598 1958 666 2020 eius
688 1956 771 2021 lacto
793 1958 975 2022 referretur.
1011 1957 1081 2032 Qua
1103 1956 1257 2040 gravitate
1279 1975 1337 2018 sua
1358 1977 1428 2019 cum
1451 1954 1600 2039 frequens
1614 1962 1745 2020 senatus

371 2068 399 2116 48
409 2052 633 2118 nonnullorum
655 2052 757 2115 scelus
778 2053 1006 2135 audaciamque
1028 2049 1198 2124 tardasset,
1229 2058 1335 2113 tamen
1366 2049 1446 2113 illud
1468 2048 1606 2124 addidit,
1634 2059 1685 2124 ut,
1716 2050 1743 2112 si

409 2148 523 2212 diebus
546 2146 703 2231 quinquo,
727 2146 843 2230 quibus
865 2148 915 2230 agi
939 2146 978 2208 de
1001 2165 1051 2209 me
1073 2145 1247 2228 potuisset,
1269 2164 1333 2207 non
1356 2153 1442 2207 esset
1462 2151 1583 2218 actum,
1605 2143 1744 2206 redirem

408 2245 440 2306 in
469 2242 601 2327 patriam
631 2240 785 2323 dignitate
816 2240 902 2303 omni
931 2248 1125 2324 recuperata.
1169 2239 1266 2300 [ΧΠ.
1288 2239 1437 2303 Decrevit
1466 2236 1578 2302 eodem
1599 2246 1745 2321 tempore

321 2382 323 2387 ,
409 2345 554 2412 senatus,
577 2344 613 2398 ut
633 2336 690 2411 iis,
714 2336 769 2419 qui
792 2355 833 2398 ex
855 2342 921 2399 tota
944 2334 1034 2397 ltalia
1056 2333 1167 2397 salutis
1189 2353 1278 2397 meae
1302 2353 1397 2397 causa
1419 2340 1647 2407 convenerant,
1669 2352 1744 2415 age·

408 2440 518 2497 rentur
538 2430 669 2515 gratiae,
690 2438 786 2513 atque
810 2438 845 2492 ut
865 2429 960 2505 ldem,
975 2430 1016 2492 ad
1040 2449 1089 2492 res
1111 2428 1282 2491 redeuntes
1304 2435 1340 2491 ut
1361 2428 1523 2501 venirent,
1545 2434 1741 2508 rogarentur.

371 2518 589 2615 roldllfflaeo
612 2532 679 2588 erat
701 2524 876 2588 studiorum
904 2524 937 2586 in
959 2542 1030 2588 mea
1052 2523 1153 2587 salute
1174 2521 1356 2616 contentio)
1381 2529 1419 2585 ut
1440 2522 1480 2596 ii,
1509 2521 1565 2605 qui
1587 2540 1606 2583 a
1628 2528 1741 2583 senatu

409 2621 449 2686 de
471 2608 749 2703 mer‘ogabantur,
772 2618 876 2683 eidem
899 2617 1022 2681 senatui
1045 2637 1102 2701 pro
1117 2636 1168 2680 me
1183 2616 1410 2699 supplicarent.
1445 2619 1549 2699 Atque
1570 2616 1615 2679 ita
1635 2616 1669 2678 in
1689 2615 1740 2678 bis

408 2716 503 2781 rebus
525 2734 608 2777 unns
630 2722 678 2777 cst
699 2711 786 2776 solus
808 2712 975 2787 inventus,
998 2712 1053 2794 qui
1077 2710 1116 2774 ab
1138 2710 1197 2773 hac
1218 2717 1281 2773 tam
1303 2711 1449 2795 impensa
1462 2710 1625 2773 voluntate
1639 2710 1742 2772 bono·

409 2832 478 2875 rom
501 2809 606 2893 palam
629 2806 809 2881 dissideret,
831 2814 867 2869 ut
888 2806 982 2871 etiam
998 2805 1038 2881 Q.
1054 2804 1201 2869 Metellus
1224 2805 1350 2888 consul,
1374 2807 1428 2889 qui
1444 2804 1522 2869 milri
1537 2803 1588 2866 vel
1602 2804 1740 2865 maxime

410 2927 451 2971 ex
480 2905 602 2987 magnis
629 2901 886 2965 contentionibus
917 2902 962 2964 rei
992 2900 1138 2983 publicae
1161 2897 1275 2961 iniisset
1296 2898 1457 2973 inimicus,
1485 2897 1524 2961 de
1547 2916 1618 2959 mea
1638 2896 1739 2959 salute

373 3001 575 3064 nretturerit.
609 2996 672 3073 Qui
694 2997 848 3059 excitatns
871 3015 942 3058 cum
965 3012 1086 3058 summa
1108 2991 1292 3055 auctoritate
1314 2993 1347 3055 P.
1371 2992 1511 3066 Servilii,
1535 3002 1598 3054 tum
1611 2991 1740 3054 incredi-

409 3095 463 3157 bili
484 3092 621 3177 quadam
643 3090 796 3173 gravitate
818 3089 958 3165 dicendi,
981 3108 1053 3152 cum
1075 3087 1129 3149 ille
1148 3106 1258 3149 omnes
1278 3105 1378 3169 prope
1396 3085 1436 3148 al)
1451 3085 1559 3149 inferis
1576 3094 1741 3149 evocasset

409 3188 554 3253 Metellos
576 3194 608 3248 et
628 3186 668 3248 ad
689 3185 774 3247 illius
798 3183 941 3266 generis,
971 3181 1057 3266 qood
1081 3180 1140 3244 sibi
1163 3199 1234 3242 cum
1257 3200 1296 3243 eo
1319 3199 1485 3242 commune
1508 3189 1609 3253 esset,
1638 3179 1740 3261 digni·

407 3290 504 3345 tatem
525 3278 698 3363 propinqui
727 3278 777 3340 sni
801 3285 939 3341 mentem
960 3296 978 3339 a
1002 3275 1164 3339 Clodianis
1186 3274 1361 3338 latrociniis
1382 3274 1575 3349 reflexisset,
1603 3292 1739 3355 cumque

409 3398 480 3440 eum
502 3375 542 3438 ad
565 3372 731 3437 domestici
754 3372 892 3454 exempli
915 3371 1098 3435 memoriam
1120 3376 1153 3431 84
1166 3368 1207 3433 ad
1226 3368 1383 3431 Numidici
1397 3368 1484 3431 illius
1498 3367 1617 3431 Metelli
1631 3386 1738 3454 casum

370 3470 458 3536 torel
480 3468 653 3552 gloriosum
675 3466 726 3529 vel
749 3485 874 3548 gravem
896 3466 1120 3529 convertisset:
1142 3462 1368 3527 collacrimavit
1385 3464 1434 3525 vir
1455 3463 1599 3545 egregius
1613 3480 1650 3524 ac
1663 3480 1738 3523 vere

408 3563 554 3629 Metellus
584 3568 749 3646 totumque
778 3581 812 3623 sc
834 3561 867 3622 P.
891 3560 1026 3623 Servilio
1048 3558 1165 3622 dicenti
1189 3559 1372 3620 etiamtum
1395 3556 1542 3631 tradidit,
1570 3576 1630 3619 nec
1650 3555 1737 3617 illam

408 3660 546 3723 divinam
569 3657 754 3741 gravitatem
776 3655 903 3738 plenam
926 3654 1125 3739 antiquitatis
1147 3652 1268 3716 diutius
1292 3651 1388 3717 horno
1411 3652 1552 3716 eiusdem
1573 3651 1736 3734 sanguinis
1783 3737 1785 3740 Ι

407 3820 659 3831 -ρ--ψ---ηη
677 3818 752 3825 .-.-..-
778 3814 1095 3823 ,-.....,..-----,-ω--.--.
1125 3816 1130 3821 .
1165 3814 1213 3827 ..--
1228 3815 1326 3823 -.-.-...,.
1348 3816 1360 3821 ..
1428 3816 1432 3820 .
1457 3816 1462 3819 .
1476 3815 1482 3819 .
1503 3815 1521 3820 -
1539 3815 1544 3820 .
1564 3815 1568 3819 .
1607 3815 1693 3822 ...,.-

473 3910 497 3963 4.
516 3916 567 3973 opt.
585 3907 667 3973 4888]
686 3908 773 3958 ,0.44.
793 3908 827 3966 Ρ,
847 3919 896 3956 om.
910 3918 972 3957 cum
990 3904 1035 3957 lin.
1049 3908 1070 3955 G
1083 3932 1109 3941 -
1129 3907 1154 3956 9.
1171 3906 1319 3969 4884888849
1332 3931 1360 3941 -
1379 3904 1516 3969 taipertum
1531 3904 1624 3953 APG:
1643 3904 1737 3965 tripor-

406 3986 465 4039 iitaa
482 3988 502 4038 0
520 3984 610 4050 (habet
626 3987 661 4035 ll:
681 3982 886 4045 884--88488444
905 4008 932 4018 -
958 3983 982 4034 6.
1002 3983 1145 4046 4848841484
1166 4009 1192 4018 -
1217 3981 1341 4043 48884848
1357 3982 1378 4029 G
1397 4007 1424 4015 —
1444 3980 1468 4029 7.
1487 3979 1576 4041 888484
1592 3980 1619 4039 P,
1638 3980 1739 4040 qoosioa

407 4066 436 4116 G¹
455 4090 483 4100 -
507 4061 533 4113 8.
550 4074 615 4111 unns
636 4059 765 4111 4888444884
786 4058 858 4121 48848
874 4058 974 4107 88844884
990 4056 1069 4119 corr.)
1091 4057 1134 4106 488
1151 4054 1204 4118 (488
1221 4055 1300 4116 corr.)
1317 4067 1365 4116 quc
1385 4053 1467 4115 488884
1483 4056 1504 4103 G
1523 4080 1550 4090 -
1576 4052 1600 4103 9.
1616 4054 1738 4115 postolis

407 4140 463 4205 44444.
477 4144 504 4191 48
518 4138 588 4202 erp.)
600 4138 619 4188 P
633 4160 661 4173 -
680 4135 721 4184 44.
734 4146 767 4185 ac
782 4132 924 4195 8884848448
940 4132 984 4193 qni
995 4134 1016 4182 G
1029 4160 1057 4169 -
1075 4144 1107 4181 88
1117 4155 1154 4167 --
1164 4134 1276 4180 moret
1291 4141 1345 4179 om.
1359 4130 1397 4188 (ἃς
1417 4125 1732 4179 consectaneis.

408 4214 498 4280 (habet
514 4215 593 4264 etiam
606 4211 635 4275 Α)
650 4236 676 4245 -
691 4210 732 4259 li.
746 4209 885 4271 84484849
900 4234 926 4245 -
940 4207 1003 4257 84484
1020 4208 1080 4257 P-
1100 4206 1139 4256 444.
1158 4205 1250 4266 484888]
1268 4208 1322 4253 4884
1338 4205 1369 4264 l.;
1388 4206 1417 4254 at
1432 4203 1493 4254 vide
1509 4204 1622 4269 Madvig.
1635 4218 1662 4269 p.
1676 4202 1733 4255 498.

408 4317 435 4328 -
454 4297 482 4342 oi
497 4291 519 4341 ai
536 4292 570 4351 G,
588 4288 618 4337 ui
634 4283 842 4348 Wesenbergina
860 4296 886 4348 p.
904 4284 920 4333 u
938 4281 1101 4333 emendavit:
1119 4280 1169 4329 nisi
1185 4281 1220 4336 P;
1242 4284 1271 4330 84
1288 4292 1340 4330 om.
1359 4279 1379 4329 0
1396 4306 1430 4315 -
1446 4278 1486 4329 46.
1506 4278 1622 4343 quinque]
1642 4278 1680 4328 .V.
1701 4279 1735 4338 P;

405 4368 428 4417 la
444 4368 464 4417 G
484 4393 511 4401 -
530 4364 570 4414 ll.
589 4360 736 4426 4488448488
752 4358 808 4423 (llil.
820 4371 846 4408 m
858 4359 928 4423 exp.)
947 4360 965 4408 P
984 4384 1012 4394 -
1033 4357 1073 4407 48.
1092 4355 1180 4406 8848448
1197 4356 1231 4404 G:
1250 4355 1311 4403 sotis
1326 4355 1346 4404 P
1365 4381 1392 4391 -
1412 4353 1453 4403 49.
1471 4353 1737 4417 84888--8888488-

406 4447 449 4491 488
464 4439 547 4491 habet
562 4444 582 4488 Α
600 4463 633 4474 -
649 4436 715 4485 4488
731 4436 824 4485 APG:
843 4433 992 4483 444880-
1011 4432 1166 4482 8848884484
1181 4454 1207 4466 -
1227 4429 1359 4480 aratum
1375 4429 1436 4480 PG:
1455 4429 1601 4479 444880-
1619 4426 1736 4491 tatoris]

406 4517 460 4567 iam
476 4517 524 4566 PG
544 4541 570 4550 -
588 4512 693 4574 4888888
709 4511 769 4560 P-
788 4509 945 4571 4888484448
962 4508 1022 4557 P-
1042 4508 1083 4557 aa.
1100 4503 1214 4556 4848448444
1230 4503 1320 4553 G0—
1340 4516 1510 4553 88888888
1526 4502 1737 4553 8884889884-

405 4590 474 4651 ciiii,
493 4594 546 4639 4884
561 4584 699 4638 incredibili
715 4585 826 4647 quodam
843 4584 973 4635 Manutius
991 4584 1028 4647 (et
1044 4583 1084 4633 sic
1100 4582 1131 4642 0,
1148 4579 1197 4633 sod
1215 4591 1269 4630 om.
1284 4578 1442 4641 mciii:
1460 4592 1559 4629 8884848
1574 4591 1632 4628 com
1647 4583 1737 4627 88848-
1788 4628 1793 4641 ,

405 4668 482 4717 844848
497 4666 524 4715 P.
543 4662 643 4713 Seruilii
660 4660 753 4726 (8848444
771 4660 797 4723 P)
815 4660 928 4721 quodam
944 4660 1007 4719 PG,
1026 4671 1083 4708 8884
1098 4670 1197 4707 nerano
1212 4656 1362 4705 auctoritate
1376 4656 1401 4704 P.
1415 4654 1567 4719 0.(8848484
1582 4654 1736 4716 8884844848-

406 4742 489 4805 rnm),
512 4745 565 4790 turn
585 4739 611 4789 P.
629 4736 700 4787 8848.
718 4734 856 4785 incredibili
877 4734 988 4797 qocdom
1007 4732 1213 4795 Wesenbergius
1230 4744 1257 4795 p.
1275 4730 1321 4790 84ς
1347 4742 1446 4781 unvano
1466 4743 1524 4780 8884
1541 4731 1691 4781 cosmon
1705 4730 1733 4779 P.

407 4816 506 4869 88484444
522 4812 660 4866 incredibili
676 4812 787 4875 quodam
803 4809 950 4873 Ssyliertus
967 4822 993 4874 p.
1007 4808 1048 4858 86.
1075 4806 1114 4859 Ci.
1134 4808 1214 4857 etiarn
1233 4807 1322 4856 llerm.
1341 4820 1367 4871 p.
1383 4806 1422 4856 44.
1437 4833 1464 4843 -
1482 4806 1524 4857 46.
1537 4804 1735 4856 cmiiicomnia

406 4894 440 4944 P:
463 4891 536 4954 quari
557 4888 636 4941 848848
652 4888 681 4938 48
697 4887 765 4937 88848
781 4890 896 4936 sonaret
910 4885 948 4935 Ne
964 4884 1020 4947 quis
1036 4885 1069 4941 G;
1093 4882 1126 4933 cl.
1145 4880 1178 4931 ad
1195 4894 1221 4930 v.
1239 4882 1280 4932 44.
1301 4906 1328 4916 -
1346 4882 1388 4932 48.
1406 4882 1542 4946 septenam
1557 4881 1592 4931 d:
1613 4880 1735 4944 8844848484

406 4968 457 5018 Pu
476 4992 504 5004 -
522 4964 563 5016 49.
581 4976 637 5015 nun
653 4975 671 5012 o
687 4962 817 5012 48888488
833 4962 895 5010 G-
915 4961 949 5009 84
964 4957 1091 5009 4488844484
1106 4956 1173 5006 iiiios
1188 4956 1319 5007 Manutius
1332 4957 1373 5019 (ex
1384 4969 1444 5021 pag.
1456 4954 1515 5019 844,
1528 4956 1581 5018 ill:
1604 4954 1639 5003 84
1655 4966 1735 5003 omen

407 5040 506 5092 dicitius
521 5037 564 5100 P¹,
587 5038 622 5088 84
636 5049 716 5087 88888
732 5036 796 5085 44848
812 5035 885 5085 844488
901 5036 931 5085 94
942 5033 1039 5097 [corni
1056 5031 1103 5096 m.)
1121 5034 1149 5080 et
1165 5027 1208 5090 (P,
1228 5032 1263 5081 84
1277 5044 1356 5082 88848
1372 5033 1481 5083 4484444448
1496 5032 1536 5082 (9.
1556 5057 1583 5069 -
1602 5030 1643 5080 844.
1655 5028 1735 5079 88448·

407 5115 525 5168 cinnii
538 5113 580 5164 oir
593 5110 754 5164 Lambinus:
771 5110 1038 5170 88848888488448484
1053 5106 1108 5171 (litt.
1122 5111 1151 5156 ot
1161 5108 1317 5172 expunctae)
1328 5108 1372 5157 uir
1387 5109 1420 5168 9;
1437 5107 1478 5158 aci
1493 5105 1640 5157 4884488844
1653 5108 1682 5154 nt
1691 5104 1735 5152 asir
1802 5155 1807 5167 ¹

407 5194 443 5250 G;
461 5189 643 5243 8848848844
658 5192 734 5251 cique
749 5192 778 5237 84
793 5188 834 5237 cir
849 5200 902 5251 aar.
921 5198 953 5237 oc
967 5200 993 5237 8.
1010 5185 1048 5237 44.
1066 5188 1146 5235 tollen
1160 5194 1187 5235 ac
1202 5183 1403 5236 Mommsenius.
1422 5208 1449 5219 -
1473 5182 1513 5234 84.
1532 5183 1609 5235 844884
1625 5185 1677 5231 aaa
1693 5180 1734 5228 44-

407 5268 472 5327 casti
487 5264 595 5328 iamim
613 5265 641 5316 at
656 5274 683 5317 r.
700 5260 788 5317 44844.
805 5274 833 5327 p.
847 5260 904 5313 498.
