4009 6159
576 584 1023 651 cccxxxv-xxxam.
1051 529 1265 669 sese-Lea.
1522 570 1583 639 aaa

268 758 460 825 adolescenti
482 755 663 848 propinquo
686 776 759 819 suo:
780 755 862 819 nihil
883 756 951 839 ipsc
974 755 1078 839 attigit
1098 754 1139 817 ds
1159 752 1335 817 Valerianis
1355 751 1457 816 bonis.
1489 747 1584 825 Quod

213 886 216 897 ·
265 861 417 921 statuerat
440 852 560 926 iacere,
589 850 744 914 adductus
770 851 865 914 buius
898 850 1021 933 pudore
1043 857 1077 912 et
1097 870 1161 913 nou
1183 848 1384 931 amplissimis
1406 843 1585 931 patrimonii

265 948 379 1031 copiis,
403 948 436 1011 id
457 966 522 1009 non
546 945 648 1008 solum
670 944 760 1019 lecit,
783 945 839 1007 sed
862 946 956 1009 etiam
974 942 1100 1027 prolixe
1114 943 1335 1025 cumulateque
1349 941 1435 1006 iecit.
1458 942 1585 1022 linquo

264 1041 397 1123 intelligi
420 1041 530 1114 debet,
564 1060 636 1103 eum
666 1047 776 1102 contra
796 1040 883 1123 leges
905 1041 1056 1122 pecunias
1078 1058 1143 1101 non
1165 1038 1303 1121 cepisse,
1330 1037 1385 1121 qui
1406 1045 1470 1100 tam
1490 1031 1587 1096 luerit

210 1172 216 1183 ·
263 1138 295 1200 in
322 1136 499 1199 hereditate
526 1132 729 1198 concedenda
753 1133 902 1198 liberalis.
945 1130 996 1195 90.
1019 1135 1060 1195 ut
1080 1131 1297 1196 Falcidianum
1323 1130 1441 1194 crimen
1468 1133 1517 1190 est
1537 1125 1610 1187 in·ti

264 1250 357 1313 gens:
380 1228 501 1293 talenta
522 1228 753 1312 quinquaginta
775 1248 808 1292 se
831 1228 942 1291 Flacco
966 1227 1043 1290 dicit
1058 1225 1193 1289 dedisse.
1222 1225 1397 1288 Audiamus
1416 1220 1586 1286 bominem.

263 1326 330 1387 Non
352 1322 453 1386 adest
488 1321 559 1398 Quo
581 1322 676 1386 modo
699 1322 794 1405 igitur
816 1316 1115 1405 dicittOEpistolam
1136 1326 1236 1383 mater
1257 1321 1327 1383 eius
1348 1317 1468 1404 pmiert
1488 1322 1521 1378 et
1541 1312 1587 1375 al-

263 1426 360 1481 teram
383 1408 494 1508 soror)
516 1416 667 1499 scriptum
689 1416 728 1479 ad
751 1438 785 1480 se
808 1416 917 1479 dicunt
939 1434 1008 1477 esse
1030 1414 1069 1477 ab
1090 1413 1146 1477 illo
1164 1421 1282 1476 tantam
1297 1414 1463 1496 pecuniam
1476 1409 1586 1473 Flacco

265 1512 377 1575 datam.
410 1514 494 1593 Ergo
516 1510 558 1584 is,
582 1510 637 1594 qui
659 1510 686 1573 si
710 1529 793 1573 aram
816 1518 927 1575 tenens
948 1511 1081 1583 iuraret,
1103 1507 1247 1571 crederet
1267 1526 1377 1581 uerno,
1399 1526 1457 1590 per
1471 1503 1589 1587 episto-

263 1607 324 1669 lam
347 1604 434 1687 quod
457 1604 544 1667 volet
565 1604 719 1668 iniuratus
740 1605 910 1689 probabili
942 1605 983 1667 At
1005 1602 1061 1685 qni
1084 1602 1148 1663 virt
1178 1621 1274 1686 quam
1295 1620 1360 1663 non
1380 1600 1499 1663 amicus
1521 1594 1625 1659 suisti

264 1698 400 1764 civibusl
424 1699 479 1782 qui
500 1699 725 1781 patrimonium
747 1700 822 1762 satis
844 1698 980 1772 lautum,
1002 1696 1089 1777 quod
1111 1695 1164 1759 bic
1184 1696 1347 1759 nobiscum
1361 1691 1517 1757 conticere
1531 1706 1588 1772 po-

264 1794 339 1867 tuit,
363 1792 555 1857 Graecorum
577 1794 731 1857 conviviis
753 1794 863 1857 maluit
885 1792 1049 1876 dissipare.
1091 1785 1143 1852 bl.
1166 1788 1249 1865 Quid
1264 1788 1392 1853 attinuit
1407 1786 1588 1868 relinquere

262 1884 343 1950 banc
366 1886 494 1962 urbem,
517 1886 745 1951 libertatatem
768 1887 937 1971 praeclara·
951 1904 1073 1958 carere,
1096 1883 1184 1947 adire
1205 1882 1380 1968 periculum
1398 1874 1588 1960 navigandi?

263 1979 354 2063 quasi
376 1978 460 2043 bona
482 2000 624 2044 comesse
647 1981 765 2045 Romae
788 2002 850 2045 non
879 1981 996 2045 liceret
1032 1981 1123 2041 Nunc
1144 1978 1283 2061 denique
1303 1973 1493 2041 materculae
1512 1988 1589 2034 suae

263 2073 396 2139 festivus
418 2069 519 2148 filius,
542 2075 687 2157 aniculae
708 2075 839 2139 minime
861 2074 1071 2159 suspiciosae,
1093 2078 1207 2155 purgat
1227 2092 1262 2135 se
1283 2090 1342 2154 per
1358 2067 1533 2153 epistolam,
1554 2068 1590 2129 ut
1598 2072 1626 2122 tt
1703 2052 1737 2118 τ’

264 2186 332 2230 eam
347 2168 533 2250 pecuniam,
557 2189 693 2252 quacum
709 2170 889 2243 traiecerat,
911 2187 976 2231 uon
991 2164 1244 2247 consumpsisse,
1265 2163 1322 2227 sed
1336 2163 1450 2226 Flacco
1463 2159 1589 2224 dedisse

262 2262 417 2324 rideatur.
450 2262 613 2325 xxxvii.
635 2264 676 2326 At
696 2262 816 2327 fructus
838 2262 892 2325 isti
915 2260 1144 2323 Trallianorum
1159 2257 1295 2322 Globulo
1316 2263 1461 2341 praetore
1483 2254 1591 2318 venie·

263 2361 353 2418 rante
385 2354 544 2419 Falcidius
566 2364 686 2420 emerat
707 2357 766 2420 fle
788 2357 956 2439 nongentis
978 2355 1116 2417 milibus.
1151 2353 1187 2417 Si
1207 2351 1262 2417 dat
1281 2360 1400 2416 tantm
1422 2348 1589 2433 pecuniam

263 2448 393 2523 Flacco,
415 2468 530 2532 nempe
551 2450 666 2515 idcirco
689 2451 756 2525 dat,
778 2460 815 2515 ut
835 2458 903 2514 rata
925 2450 967 2512 sit
983 2448 1119 2531 emptio:
1141 2448 1219 2511 emit
1230 2447 1327 2530 igitur
1339 2443 1479 2529 aliquid,
1501 2439 1589 2526 quod

266 2552 348 2607 certe
379 2544 480 2608 multo
510 2544 609 2628 pluris
632 2553 734 2623 csset3
766 2546 820 2609 dat
841 2544 880 2608 de
902 2545 1010 2619 lucro;
1042 2542 1122 2604 nibil
1144 2541 1281 2605 detrahit
1300 2541 1341 2604 de
1362 2541 1445 2603 viro.
1483 2536 1627 2601 uinusu

264 2637 357 2721 igitur
384 2638 465 2701 lucri
492 2638 578 2723 facit.
621 2636 673 2703 92.
704 2639 768 2703 Cur
788 2641 945 2702 Albanum
966 2638 1075 2701 venire
1097 2636 1205 2699 iubett
1234 2654 1291 2697 cur
1311 2634 1403 2697 matri
1425 2637 1591 2718 praeterea

264 2732 446 2796 blanditur?
477 2753 534 2795 cur
560 2733 703 2816 epistolis
733 2741 766 2797 et
794 2733 913 2797 sororis
936 2740 968 2795 et
989 2731 1097 2794 matris
1119 2728 1369 2793 imbecillitatem
1390 2724 1590 2808 aucupaturi

264 2834 424 2910 postremo
445 2847 502 2891 cur
522 2848 587 2891 non
601 2828 744 2892 audimus
765 2828 893 2911 ipsum?
925 2825 1106 2901 ltetinetur,
1128 2822 1243 2898 credo,
1264 2823 1300 2886 in
1322 2820 1494 2906 pmvincia.
1524 2819 1590 2882 lla·

265 2929 312 2986 ter
340 2927 454 3003 negat;
482 2923 638 2998 venisset,
667 2922 787 3004 inquit,
817 2922 843 2985 si
874 2928 957 2985 esset
978 2920 1209 2983 denuntiatum.
1247 2920 1294 2981 Tu
1315 2922 1400 2979 certe
1421 2914 1590 2995 coegisses,

264 3016 291 3080 si
312 3016 413 3079 ullum
434 3012 664 3080 firmamentum
686 3017 720 3079 in
742 3016 798 3079 illo
819 3022 900 3080 teste
921 3015 1095 3099 posuisses.
1132 3011 1195 3075 Sed
1216 3011 1378 3075 hominem
1399 3007 1439 3073 ab
1461 3006 1628 3089 negotioso

264 3110 420 3174 abducere
449 3110 591 3173 noluisti.
631 3112 780 3193 Magnum
810 3118 877 3174 crat
905 3110 935 3173 ei
963 3113 1120 3173 certamen
1141 3107 1357 3190 propositum,
1384 3120 1590 3186 magnacum

264 3204 392 3269 Graecis
421 3205 597 3267 contentio:
625 3204 681 3288 qui
709 3210 833 3279 tamen,
861 3210 897 3268 ut
926 3203 1053 3285 opinor,
1078 3202 1183 3265 iacent
1210 3202 1303 3276 ricti;
1330 3218 1405 3263 naus
1425 3198 1487 3259 iste
1506 3213 1590 3265 unus

263 3305 361 3363 totam
382 3298 492 3363 Asiam
514 3297 731 3382 magnitudine
757 3298 945 3381 poculorum
966 3294 1173 3378 bibendoque
1194 3294 1363 3378 superavit.
1400 3292 1463 3355 Sed
1485 3296 1590 3353 temen

265 3394 335 3478 quis
365 3392 440 3467 tibi,
474 3392 577 3466 Laeli,
609 3392 648 3454 de
671 3392 813 3476 epistolis
834 3391 904 3456 istis
927 3390 1101 3455 indicavit?
1134 3388 1281 3453 Mulieres
1303 3393 1422 3469 negant
1442 3406 1477 3449 se
1499 3383 1591 3457 seire,

265 3487 354 3569 quise
386 3486 455 3567 ipse
477 3486 574 3567 igitur
594 3485 649 3550 ille
671 3487 729 3549 tibi
752 3506 786 3548 se
811 3488 850 3549 ad
873 3492 1005 3549 matrem
1026 3494 1058 3547 et
1080 3503 1223 3548 sororem
1244 3482 1410 3565 scripsisse
1432 3476 1628 3542 narravitltt

264 3599 304 3643 au
327 3580 421 3643 etiam
443 3578 567 3661 scripsit
589 3586 678 3643 oratu
701 3583 777 3643 tuot
813 3577 863 3641 93.
886 3581 926 3641 At
943 3599 1019 3641 vero
1033 3580 1075 3643 ld.
1091 3578 1278 3650 Aebutium,
1300 3571 1592 3639 constantissimum

266 3682 296 3737 ct
316 3672 586 3756 pudentissimum
599 3672 776 3749 hominem,
798 3672 930 3736 Falcidii
945 3672 1089 3755 affinem,
1112 3672 1193 3735 nibil
1207 3671 1406 3752 interrogant
1428 3665 1508 3731 nibil
1521 3664 1592 3728 eius
1617 3688 1630 3730 a
1720 3692 1739 3727 <-

265 3786 432 3849 generum,
454 3767 522 3850 pari
542 3766 607 3829 fide
628 3762 824 3849 piaeditum,
848 3766 881 3830 C.
904 3766 1094 3855 Maniliumt
1127 3766 1183 3850 qui
1204 3762 1346 3848 profecto
1368 3762 1408 3824 de
1430 3766 1517 3823 tantu
1537 3776 1592 3842 pe-
1625 3737 1636 3825 i

265 3862 373 3936 cunia,
395 3860 423 3922 si
445 3867 528 3923 esset
550 3860 641 3935 data,
671 3860 752 3923 nibil
772 3860 899 3924 audisse
921 3880 985 3924 non
1008 3867 1148 3945 possent.
1183 3858 1242 3921 llis
1264 3863 1298 3920 tu
1319 3856 1417 3939 igitur
1439 3852 1591 3938 epistolis,

264 3954 412 4028 Deciana,
433 3954 584 4028 recitatis,
606 3953 655 4017 bis
671 3954 866 4019 mulierculis
890 3954 1071 4037 productis,
1093 3953 1149 4017 illo
1164 3952 1295 4016 absente
1309 3959 1437 4014 auctore
1452 3947 1628 4021 laudatum
1755 3963 1761 3969 ·

265 4056 385 4111 tantum
415 4055 446 4110 to
475 4048 593 4111 crimen
623 4048 827 4131 probaturum
849 4050 983 4132 putasti,
1013 4048 1199 4132 praesertim
1221 4046 1385 4128 cumipse
1406 4061 1470 4107 non
1491 4039 1592 4104 dedu·

265 4144 365 4206 cendo
387 4140 561 4207 Falcidium
583 4142 737 4206 iudicium
759 4142 888 4218 leceris,
911 4143 982 4224 plus
997 4141 1110 4205 taleam
1125 4140 1291 4224 epistolam
1311 4137 1492 4203 babituram
1510 4154 1592 4219 pou·

265 4237 349 4301 deris
373 4256 466 4320 quam
488 4236 589 4319 ipsius
610 4237 787 4319 praesentis
809 4233 913 4299 lictam
934 4255 1046 4299 rocem
1068 4242 1100 4299 et
1121 4235 1302 4300 simulatum
1324 4231 1492 4295 dolorem?

204 4468 208 4481 ¹
328 4460 353 4511 3.
372 4460 576 4523 commutataque
592 4462 608 4512 S
628 4488 655 4497 -
674 4462 698 4512 5.
717 4466 753 4512 est
769 4473 822 4512 om.
842 4463 859 4511 S
879 4488 905 4497 -
924 4462 949 4512 7.
968 4462 1062 4511 dicum
1076 4460 1123 4509 SA
1143 4484 1170 4495 -·
1188 4458 1212 4508 t.
1230 4457 1282 4523 gui]
1299 4456 1343 4507 cui
1359 4468 1421 4507 oum
1438 4454 1550 4505 Graevto
1560 4454 1590 4505 0.

264 4536 314 4589 Sed
332 4536 366 4587 ct.
385 4535 546 4599 Madvigium
561 4536 609 4599 Ep.
628 4536 685 4587 citt.
703 4548 730 4601 p.
749 4536 798 4586 too
815 4550 855 4600 sq.
876 4562 904 4573 -
928 4537 968 4587 tt.
987 4538 1068 4587 missu
1083 4537 1101 4585 S
1118 4561 1146 4571 -
1171 4533 1212 4585 tl.
1230 4532 1495 4595 Now-epistolem
1509 4531 1593 4582 babet

263 4614 322 4663 ii-
341 4611 383 4661 te.
400 4612 486 4675 festiae
501 4610 520 4661 u
534 4638 562 4647 -
580 4612 708 4674 saupiticse
723 4613 740 4661 S
755 4638 781 4647 ·-
802 4613 841 4662 46.
855 4624 962 4673 quocum
982 4613 1116 4663 traiecerat
1132 4612 1158 4671 S,
1177 4608 1258 4661 Pelet.
1271 4609 1365 4659 tectim
1383 4622 1416 4660 ex
1427 4608 1591 4659 correctione

265 4688 357 4749 (iuerat
373 4700 426 4749 gaso
440 4687 630 4749 mnnoieoout)
648 4688 676 4738 et
691 4684 857 4737 Gulielmius:
876 4701 952 4749 worn
964 4688 1145 4737 contrairemus
1161 4687 1195 4746 T,
1212 4698 1290 4747 qum
1306 4684 1442 4735 butem
1458 4686 1491 4743 F;
1514 4695 1593 4744 quom

263 4766 446 4822 cucumam
466 4774 543 4825 cumn
558 4762 697 4825 ocutecuct
713 4774 775 4813 cum
793 4760 836 4812 ed.
849 4760 941 4813 Aldina
959 4764 1019 4813 1.-
1038 4762 1078 4812 tl.
1096 4762 1228 4811 censuum
1242 4760 1290 4810 ΤΙ.
1304 4784 1331 4795 -
1349 4757 1392 4809 et.
1412 4758 1456 4824 Tu]
1473 4760 1589 4809 outT-
1655 4757 1657 4761 '

264 4840 337 4889 tusi
354 4839 425 4889 iilum
440 4838 458 4887 S
471 4862 498 4873 -
517 4850 536 4886 c
550 4838 648 4900 negotio
660 4837 677 4886 S
688 4862 715 4873 -
732 4836 772 4888 to.
790 4838 913 4901 unacum
926 4843 981 4889 erat
997 4838 1020 4888 ei
1036 4842 1161 4887 certamen
1176 4834 1294 4886 babetit
1312 4862 1340 4872 -
1358 4834 1400 4884 ti.
1417 4834 1463 4884 iste
1478 4844 1590 4883 unus·-

263 4914 390 4977 supercuit
401 4911 483 4962 hebet
493 4913 513 4963 lt
526 4936 554 4947 —
572 4913 614 4963 29.
627 4912 699 4963 scire.
711 4913 766 4973 quis
781 4913 833 4975 ipse
848 4914 926 4977 igitur
943 4914 983 4965 itte
994 4914 1025 4963 S:
1043 4914 1107 4963 scire
1119 4913 1162 4976 qui
1172 4913 1206 4963 sis
1220 4914 1249 4973 (s.
1261 4912 1316 4974 guis
1326 4910 1355 4973 is)
1370 4911 1423 4973 ipae
1432 4910 1510 4974 igitasr
1520 4908 1560 4958 itte
1572 4910 1591 4959 T

264 4992 291 5039 st
306 4988 427 5054 plerique
444 4986 524 5038 codd.
543 4986 776 5051 Lagomarsioiani;
799 4988 871 5039 scire.
892 4987 956 5050 Quid
972 4991 1008 5037 est
1021 4985 1120 5051 toute?
1135 4987 1176 5036 itis
1187 4988 1222 5045 l;
1240 4986 1312 5035 seire.
1331 4986 1391 5048 Quis
1406 4985 1429 5034 is
1442 4988 1479 5035 est
1493 4982 1592 5047 igituir?

152 5102 157 5114 .
263 5066 370 5127 itteipse
387 5064 448 5122 um
466 5064 537 5113 scire.
557 5064 616 5125 Quis
632 5064 654 5113 is
670 5069 706 5113 est
723 5063 819 5127 igtur?
835 5062 1023 5125 ipseillso-
1041 5060 1083 5109 tt.
1100 5060 1202 5111 berteto
1218 5061 1278 5110 F·
1296 5058 1336 5123 At]
1352 5060 1458 5109 onl-
1477 5062 1591 5108 comtos·

263 5137 391 5203 tuomum]
403 5142 427 5188 et
437 5137 663 5188 consuetissimum
673 5136 705 5197 t;
724 5134 765 5200 [et]
777 5136 1000 5188 effluentissimum
1013 5136 1033 5185 0
1045 5160 1075 5173 ·-
1093 5135 1134 5186 32,
1148 5135 1370 5199 prudentissimusn
1387 5132 1467 5185 codd.
1480 5134 1588 5196 Legum.

263 5227 365 5277 omnes,
384 5212 502 5277 quinque
514 5213 626 5274 Orcum,
638 5213 689 5262 SA.
709 5212 748 5263 ct.
766 5225 793 5278 p.
806 5212 863 5273 uti,
881 5212 922 5263 33.
937 5236 964 5247 -
981 5209 1118 5275 [Maus
1131 5236 1159 5249 -
1177 5210 1218 5265 33.
1236 5209 1391 5265 timiama
1405 5234 1433 5245 -
1451 5206 1493 5258 et.
1507 5213 1590 5272 posset

263 5289 331 5343 Sta
344 5314 371 5325 -
391 5287 433 5341 st.
445 5286 573 5355 ίυαίσὸωη]
590 5287 617 5337 io
633 5287 724 5341 iudicio
741 5288 767 5341 S.

1691 1365 1769 1433 ,οὐ
