4009 6159
706 609 779 676 eu».
801 612 980 677 v1-vu1.
1008 609 1054 696 §t
1076 608 1222 676 ta-rs.
1538 597 1621 666 teta

301 787 397 846 tatem
426 780 562 845 hominis
589 781 790 864 flagitiosam!
821 803 840 845 o
869 781 1118 865 impudentiam,
1146 782 1340 867 nequitiam,
1368 780 1533 845 libidinem
1555 797 1620 840 non

299 874 476 964 ferendae!
499 877 546 939 Tu
568 896 639 940 cum
660 875 835 960 principem
852 884 1047 951 senatorem,
1070 877 1169 941 civem
1184 876 1389 961 singularem,
1412 882 1475 939 tam
1489 872 1620 956 propin·
1720 851 1799 954 sps

300 989 396 1052 quum
418 969 551 1044 babeas,
573 971 613 1034 ed
636 992 708 1034 eum
732 970 771 1035 de
794 992 828 1035 re
849 969 975 1056 publiea
996 969 1076 1032 nibil
1097 970 1231 1045 reseras,
1259 969 1377 1034 referas
1399 968 1439 1031 ad
1461 988 1532 1041 eos,
1562 965 1617 1048 qui

298 1083 387 1126 suam
409 1085 475 1128 rem
495 1066 614 1129 nullam
636 1065 767 1141 babent,
797 1076 882 1131 tuam
905 1062 1121 1126 exhauriunt?
1165 1065 1231 1126 Vll.
1255 1064 1341 1126 Tuus
1367 1063 1514 1126 videlicet
1535 1060 1617 1123 salu-

297 1157 372 1220 taris
394 1158 592 1235 consulatus,
614 1159 810 1243 perniciosus
832 1178 932 1222 meus.
965 1158 1095 1220 Adeone
1107 1158 1267 1241 ‘pudorem
1282 1177 1352 1221 cum
1375 1156 1524 1241 pudicitia
1545 1164 1641 1238 per-³

298 1251 420 1327 didisti,
442 1261 478 1316 at
498 1252 559 1316 boc
579 1255 612 1317 in
635 1274 673 1317 eo
694 1253 812 1337 templo
835 1252 940 1315 dicere
955 1271 1051 1315 ausus
1070 1254 1128 1328 sis,
1150 1253 1183 1314 in
1205 1272 1268 1337 quo
1282 1271 1342 1334 ego
1357 1259 1501 1315 senatum
1515 1249 1616 1324 illum,

297 1349 351 1431 qui
373 1347 531 1430 quondam
554 1349 669 1410 llorens
691 1347 759 1409 orbi
775 1355 927 1410 terrarum
946 1346 1160 1429 praesidebat,
1183 1347 1400 1420 consulebam,
1422 1351 1455 1408 tu
1470 1343 1617 1407 homines

295 1441 524 1525 perditissimos
555 1463 624 1505 cum
654 1441 767 1524 gladiis
789 1441 1006 1504 collocavistit
1051 1436 1099 1502 ld.
1124 1443 1163 1504 nt
1185 1441 1280 1504 etiam
1301 1460 1396 1502 ausus
1419 1459 1515 1502 es-
1537 1434 1614 1518 quid

296 1545 399 1601 autem
422 1535 577 1620 estquod
600 1542 633 1599 tu
656 1555 720 1598 non
742 1537 881 1599 audeas?
903 1567 943 1581 —
971 1535 1085 1598 clivum
1109 1535 1319 1618 Capitolinum
1342 1533 1446 1597 dicere
1468 1553 1518 1596 me
1539 1549 1615 1593 cou-

296 1633 362 1696 sule
384 1630 511 1712 plenum
535 1651 697 1696 serrorum
712 1637 901 1694 armatorum
924 1629 1032 1693 luisse.
1067 1629 1106 1692 Ut
1126 1630 1197 1705 illa,
1219 1628 1331 1703 credo,
1353 1627 1474 1692 nefaria
1488 1631 1652 1689 senatusso

295 1725 438 1789 consulta
459 1721 579 1800 fierent,
600 1727 662 1788 vim
685 1725 850 1788 afferebam
873 1727 1007 1789 senatui.
1037 1725 1064 1788 0
1085 1725 1190 1801 miser,
1213 1726 1278 1790 sive
1299 1725 1354 1788 illa
1375 1723 1431 1786 tibi
1453 1730 1528 1785 nota
1549 1737 1614 1782 non

295 1830 430 1885 sunt-
451 1819 529 1882 nibil
559 1819 642 1882 euim
668 1819 743 1883 boni
766 1820 849 1882 nosti
869 1851 911 1866 -
932 1821 998 1884 sive
1021 1830 1109 1896 suut,
1139 1822 1194 1906 qui
1222 1819 1306 1904 apud
1332 1818 1411 1881 tales
1439 1816 1522 1879 viros
1551 1820 1615 1876 tam

294 1914 496 1996 impudenter
523 1913 670 1996 loquarel
703 1905 790 2002 (Quis
813 1915 896 1975 enim
919 1933 1019 1997 eques
1041 1917 1217 1991 Romanus,
1249 1915 1467 1999 quisppraeter
1487 1907 1616 1984 tetado-

294 2008 415 2072 lescens
437 2007 568 2083 nobilis,
591 2009 663 2093 quis
685 2007 780 2072 ullius
804 2006 1017 2091 ordinisssqui
1040 2030 1074 2072 ee
1097 2012 1196 2074 civem
1219 2028 1289 2072 esse
1311 2005 1521 2078 meminisset,
1544 2021 1613 2087 cum

293 2109 421 2165 senatus
443 2102 475 2164 iu
497 2102 559 2165 boe
581 2102 698 2185 templo
720 2099 880 2196 esset,(in
901 2102 983 2166 clivo
1008 2104 1185 2187 Capitolino
1206 2123 1270 2166 non
1293 2093 1376 2182 tuit}
1406 2099 1477 2182 quis
1498 2107 1667 2159 nomento·
1719 2095 1820 2170 W

293 2218 356 2260 uon
380 2195 489 2260 dediti
512 2217 703 2281 quamquam
725 2217 784 2260 uec
806 2196 928 2261 scribae
952 2195 1095 2261 sufficere
1117 2218 1177 2261 nec
1199 2197 1325 2262 tabulae
1339 2196 1467 2258 nomina
1488 2193 1613 2256 illorum

293 2310 405 2373 capere
428 2298 608 2373 potuerunt.
653 2287 703 2352 t7.
725 2293 850 2355 Etenim
873 2312 944 2354 cum
965 2291 1109 2356 homines
1124 2293 1237 2356 nefarii
1252 2291 1292 2354 de
1310 2292 1430 2374 patriae
1445 2286 1615 2374 parricidio

292 2373 762 2459 confiterentur,''cousciorum
796 2384 939 2458 iudiciis,
971 2405 1029 2447 sua
1058 2406 1166 2461 manu,
1197 2407 1274 2449 voce
1306 2404 1408 2469 paene
1439 2383 1614 2446 litterarum

247 2529 249 2536 .
293 2479 411 2554 coacti,
445 2497 478 2540 se
505 2477 616 2540 urbem
643 2479 854 2553 iullammare,
886 2477 970 2541 cives
993 2479 1165 2554 trucidare,
1195 2487 1316 2542 vastare
1338 2478 1478 2551 ltaliam,
1508 2474 1614 2538 delere

292 2592 358 2634 rem
381 2570 540 2654 publicam
562 2573 778 2646 consensisse,
802 2574 874 2656 quis
897 2580 981 2636 esset
1003 2573 1058 2656 qni
1080 2573 1119 2635 ad
1143 2572 1275 2636 salutem
1294 2593 1491 2638 communem
1507 2570 1651 2634 delen-ro

293 2664 426 2727 dendam
449 2684 513 2728 non
536 2666 749 2728 excitaretur?
776 2665 961 2750 praesertim
980 2657 1064 2755 {cum
1086 2676 1213 2731 senatus
1234 2669 1434 2751 populusque
1456 2668 1615 2729 Romanus

291 2760 421 2840 baberet
450 2745 584 2848 ducem)
611 2759 712 2843 qualis
744 2761 770 2823 si
802 2762 857 2845 qui
887 2781 970 2824 nuuc
993 2770 1092 2837 esset,
1122 2762 1179 2824 tibi
1202 2762 1286 2827 idem
1307 2762 1393 2846 quod
1416 2761 1479 2824 illis
1500 2758 1615 2822 accidit

292 2854 484 2936 contigisset.
527 2853 575 2915 Ad
603 2854 796 2937 sepulturam
824 2875 935 2940 corpus
964 2855 1067 2920 vitrici
1095 2857 1143 2920 sni
1166 2850 1260 2940 negat
1280 2876 1298 2919 a
1320 2876 1370 2919 me
1392 2855 1509 2918 datum.
1545 2853 1614 2914 lloc

178 2991 184 3005 ·
291 2967 366 3012 vero
397 2969 437 3011 ne
469 2947 600 3011 Publius
638 2949 765 3032 quidem
795 2949 926 3013 Clodius
956 2948 1038 3012 dixit
1058 2969 1228 3034 umquam:
1264 2970 1375 3034 quem,
1398 2948 1472 3033 quia
1493 2948 1562 3010 iure
1585 2947 1613 3008 ei

292 3042 439 3106 inimicus
461 3041 525 3116 fui,
549 3041 643 3106 doleo
666 3061 684 3104 a
706 3050 737 3106 te
760 3043 907 3106 omnibus
929 3042 1017 3106 vitiis
1041 3039 1137 3127 [eum]
1161 3064 1231 3107 esse
1252 3051 1444 3128 superatum.
1480 3037 1531 3104 t8.
1551 3041 1650 3117 Quies

291 3147 396 3200 autem
419 3135 476 3199 tibi
498 3138 638 3200 venitin
662 3145 797 3200 mentem
819 3137 962 3220 redigere
984 3137 1019 3198 in
1040 3139 1223 3201 memoriam
1242 3147 1396 3214 nostram,
1418 3146 1450 3203 te
1471 3138 1558 3202 domi
1579 3139 1613 3200 P.

291 3230 415 3294 Lentuli
439 3250 507 3293 esse
530 3231 720 3293 educatum?
742 3233 791 3294 An
806 3231 956 3294 verebare
971 3250 1011 3294 ne
1026 3251 1091 3294 non
1106 3238 1287 3314 putaremus
1301 3241 1414 3297 natura
1427 3239 1459 3296 te
1474 3232 1613 3314 potuisse

290 3337 353 3391 tam
384 3324 559 3408 improbum
587 3324 739 3400 evadere,
773 3325 833 3389 nisi
863 3327 1050 3389 accessisset
1078 3327 1170 3390 etiam
1200 3325 1388 3410 disciplina?
1430 3327 1514 3390 Vlll.
1536 3327 1612 3388 Tam

290 3430 394 3485 autem
425 3438 495 3483 eras
522 3437 649 3493 excors,
676 3428 712 3482 ut
741 3428 807 3483 tota
829 3421 1027 3492 irroratione
1050 3427 1106 3483 tua
1127 3429 1231 3483 tecum
1253 3421 1322 3503 ipse
1345 3440 1518 3504 pugnares,
1547 3439 1610 3482 non

290 3515 383 3580 modo
406 3534 470 3577 uon
493 3512 694 3576 cohaerentia
716 3515 798 3577 iuter
819 3535 853 3576 se
875 3513 1013 3589 diceres,
1036 3515 1092 3577 sed
1106 3514 1242 3577 maxime
1257 3515 1414 3579 disiuncta
1428 3522 1523 3599 atque
1538 3529 1649 3576 con-³0

289 3609 402 3684 traria,
424 3615 546 3670 utnon
569 3613 655 3671 tanta
677 3629 815 3683 mecum,
838 3617 956 3693 quanta
976 3609 1034 3672 tibi
1049 3615 1154 3672 tecum
1168 3618 1253 3672 esset
1266 3609 1435 3673 eontentio.
1457 3609 1611 3673 Vitricum

289 3712 376 3767 tuum
405 3700 504 3764 fuisse
535 3702 569 3764 in
597 3710 685 3766 tento
713 3702 832 3765 scelere
863 3702 1021 3779 fatebare,
1053 3723 1158 3786 poena
1179 3704 1325 3767 affectum
1348 3703 1531 3788 querebare.
1566 3703 1613 3764 lta

287 3963 394 4016 balbiont
415 3966 438 4025 t;
463 3965 490 4014 et
509 3977 534 4014 v.
554 3963 621 4015 Com.
641 3963 729 4013 Graec.
748 3963 841 4026 baaru.
860 3965 907 4023 lll,
931 3977 957 4028 p.
976 3963 1025 4014 530
1048 3962 1090 4015 ed.
1110 3963 1238 4016 Meiaelse.
1264 3993 1291 4003 -
1316 3966 1339 4015 4.
1358 3966 1527 4029 inpudentiam
1548 3983 1563 4018 a
1583 3995 1610 4004 -

286 4041 312 4090 i.
330 4045 510 4091 memorarem
526 4041 549 4088 V
568 4067 594 4078 -
615 4039 764 4101 propincum
781 4039 842 4089 V-
861 4039 885 4090 3.
904 4039 1047 4102 referasV:
1066 4041 1143 4102 refers
1159 4041 1181 4090 D
1200 4067 1227 4076 -
1246 4042 1343 4104 referas
1358 4043 1393 4092 ad
1408 4056 1449 4093 ees
1463 4043 1499 4092 V:
1523 4045 1613 4094 adeor

286 4117 469 4178 referamos
485 4113 711 4176 eosreserasO-
730 4114 754 4166 l.
774 4127 846 4164 nram
862 4114 961 4164 rernV:
980 4115 1081 4164 mam
1097 4116 1247 4165 seamb—
1267 4117 1481 4167 examentv-
1500 4119 1524 4168 6.
1541 4119 1567 4168 tn
1584 4132 1612 4169 eo

286 4197 395 4254 tempore
410 4189 441 4240 V¹
462 4219 487 4226 -
512 4203 588 4240 ansus
604 4203 657 4240 om.
678 4203 692 4238 a
709 4216 742 4226 -
764 4189 787 4239 8.
806 4189 888 4254 plactis
904 4189 925 4236 V
945 4215 972 4226 -
996 4189 1158 4239 conlocantstt
1174 4189 1210 4248 V;
1238 4192 1363 4242 collocasti
1379 4204 1395 4256 g
1413 4218 1440 4228 -
1468 4193 1492 4242 s.
1512 4198 1547 4243 est
1563 4207 1611 4244 aa·

286 4272 334 4316 ten
351 4269 377 4326 t;
404 4265 464 4328 qaid
483 4265 549 4314 erim
569 4269 604 4314 est
625 4266 690 4328 qaod
710 4271 738 4314 tu
758 4279 809 4314 non
829 4265 923 4314 eadem
945 4262 1023 4313 allert
1038 4264 1182 4315 Arusianus
1199 4277 1225 4328 p.
1243 4265 1292 4314 2⁴7
1309 4267 1337 4316 b.
1358 4291 1384 4303 —
1406 4279 1457 4316 nen
1473 4279 1527 4317 om.
1547 4283 1562 4317 a
1582 4293 1609 4304 -

286 4341 372 4390 maan
389 4343 399 4390 t
415 4368 448 4378 -
464 4339 609 4402 capboltnm
625 4337 704 4389 ab·
722 4340 832 4389 conmtes
848 4335 923 4386 V¹-
941 4338 981 4387 40.
1000 4344 1158 4388 anemonen
1173 4352 1303 4388 manen
1318 4353 1334 4389 a
1350 4367 1384 4378 —-
1401 4341 1440 4391 tl.
1459 4347 1512 4392 tum
1526 4345 1614 4407 flerem

287 4414 308 4462 D
327 4413 383 4475 (sed
400 4427 453 4464 om.
473 4417 483 4464 t
497 4415 592 4478 flerem)
612 4441 639 4450 -
659 4414 801 4475 adferebam
817 4413 883 4462 v-
898 4411 1018 4462 mucram
1034 4416 1094 4478 agl
1109 4441 1142 4450 -
1160 4415 1199 4463 ts.
1217 4415 1283 4463 enirn
1300 4427 1353 4464 om.
1367 4427 1382 4464 a
1398 4439 1425 4450 —
1444 4421 1507 4478 apat
1522 4417 1613 4467 tattsV

289 4511 316 4523 -
338 4489 377 4538 43,
395 4489 541 4550 inpudenter
557 4501 573 4538 a
592 4515 619 4526 -
638 4489 693 4539 nob.
713 4489 853 4538 adulescens
870 4489 896 4542 t;
915 4487 1057 4539 adamam
1070 4489 1149 4538 etiam
1160 4487 1183 4536 V
1194 4486 1276 4539 babet
1292 4491 1321 4538 ut
1337 4503 1453 4555 semper.
1473 4516 1500 4526 -
1522 4491 1561 4542 ll.
1574 4494 1613 4543 ct-

285 4576 340 4614 uern
355 4577 406 4614 esse
421 4565 455 4614 V:
475 4578 524 4615 osse
541 4577 594 4616 om.
607 4566 702 4616 1³0-
720 4565 759 4615 46.
779 4575 929 4626 empnam
947 4566 956 4613 t
973 4589 998 4599 ·-
1021 4564 1060 4615 48,
1073 4577 1130 4613 mam
1146 4565 1302 4615 amatorum
1317 4566 1406 4615 tndtcis
1416 4565 1439 4616 V
1451 4593 1478 4603 —
1497 4567 1538 4618 20.
1551 4583 1612 4618 con-

286 4639 413 4689 sensissent
424 4638 446 4688 V
459 4665 486 4676 ·
506 4640 547 4690 it.
560 4641 732 4704 recitarentur
743 4639 765 4687 V
778 4666 805 4675 -
824 4651 881 4688 cnm
897 4651 918 4689 s.
933 4635 994 4702 pdp.
1003 4653 1047 4702 pr.
1059 4639 1159 4689 baberet
1175 4641 1186 4689 t
1199 4665 1225 4674 -
1244 4641 1285 4690 22.
1303 4640 1328 4707 rt
1342 4642 1397 4704 ants
1413 4643 1449 4706 gt
1467 4669 1495 4680 -
1513 4645 1611 4694 nnwV

287 4727 356 4770 corr,
375 4725 408 4763 ex
425 4727 474 4764 non
493 4742 520 4750 -
542 4715 584 4764 23.
602 4713 633 4765 At
655 4729 685 4774 a;
709 4715 767 4766 lort.
786 4715 867 4764 ettad
885 4739 912 4752 -
936 4715 1078 4778 cnpmise
1103 4741 1130 4750 -
1156 4716 1193 4764 tui
1209 4717 1221 4765 t
1239 4743 1266 4752 -
1285 4730 1303 4765 a
1320 4729 1373 4767 om.
1393 4730 1407 4767 a
1426 4745 1453 4754 —
1477 4719 1519 4770 il.
1537 4734 1568 4770 ne
1584 4721 1610 4770 P.

286 4799 340 4838 om.
359 4786 402 4846 V¹;
421 4801 452 4838 ns
468 4790 566 4851 quidem
585 4803 618 4851 .p.
637 4789 730 4839 clodius
746 4791 767 4839 V
784 4803 852 4839 corr.
872 4803 908 4840 ru.
928 4791 953 4840 2.
974 4817 1000 4826 —
1020 4790 1060 4840 25.
1079 4791 1149 4840 inno.
1167 4791 1205 4852 [ni
1220 4789 1255 4840 V:
1281 4792 1320 4854 sni
1335 4792 1451 4843 inimicas
1466 4795 1488 4843 D
1505 4822 1538 4831 —
1553 4795 1613 4843 attis

286 4859 316 4911 V¹
336 4889 362 4899 -
382 4877 438 4913 eum
454 4864 488 4913 V:
507 4866 559 4914 iam
576 4865 597 4915 D
615 4863 666 4928 (cni
683 4866 743 4926 pata
759 4866 814 4914 inre
830 4865 944 4915 inimicas
959 4865 1010 4928 sni,
1034 4865 1058 4914 d.
1077 4878 1096 4914 a
1112 4872 1135 4915 te
1150 4879 1174 4915 o.
1192 4879 1218 4914 a.
1236 4879 1292 4916 eum
1308 4878 1358 4917 esse
1373 4881 1427 4931 sup.
1447 4870 1514 4920 coni.
1533 4870 1611 4919 Stue-

286 4937 402 5002 reuburg
420 4937 454 4989 ud
471 4953 509 4990 or.
527 4941 600 4990 Aret.
619 4953 645 5005 p.
666 4941 713 4991 485
731 4939 773 4990 ed.
793 4939 822 5002 Ι.)
839 4967 872 4978 -
888 4941 928 4992 26.
947 4942 982 4990 tm
997 4940 1144 4989 menonem
1160 4941 1183 4989 V
1201 4967 1229 4977 —·
1247 4945 1270 4991 te
1286 4942 1353 4992 donst
1368 4943 1432 4992 Vn:
1451 4944 1480 4993 de
1496 4943 1568 4994 donee
1585 4946 1610 5003 t;

285 5014 311 5064 tn
328 5015 400 5065 mnia
417 5015 462 5080 bg
481 5043 508 5052 -
528 5016 568 5065 27.
587 5028 637 5065 esse
653 5020 676 5065 te
692 5017 761 5065 edne.
780 5013 798 5065 b
817 5041 844 5050 -
863 5013 901 5065 An
912 5041 949 5052 --
960 5017 1064 5065 modae
1080 5012 1162 5065 babet
1177 5015 1277 5066 Nonius
1293 5029 1320 5081 p.
1338 5016 1396 5068 493.
1418 5045 1445 5054 -
1462 5031 1513 5068 non
1529 5030 1583 5068 om.
1601 5021 1612 5068 t

288 5114 315 5122 -
334 5087 375 5140 28.
394 5089 526 5152 inprobum
543 5091 603 5154 ugt
622 5116 648 5126 —
676 5091 751 5140 ettam
767 5103 820 5140 om.
840 5104 855 5140 a
874 5117 900 5127 -
920 5091 962 5140 29.
980 5095 1009 5140 nt
1025 5095 1098 5140 tanta
1113 5090 1285 5140 terrationes
1302 5119 1335 5128 -
1351 5098 1396 5142 tna
1412 5092 1448 5141 V:
1467 5105 1521 5143 om.
1539 5093 1562 5142 D
1581 5117 1608 5128 -

285 5162 336 5224 ipse
353 5176 407 5214 om.
426 5167 437 5214 t
454 5191 481 5200 -
500 5179 550 5214 non
566 5165 639 5214 mecla
655 5165 691 5214 V:
713 5171 741 5214 nt
756 5179 806 5215 non
822 5167 894 5216 modo
911 5167 976 5220 θος
998 5170 1022 5215 et
1037 5179 1087 5216 non
1103 5180 1137 5215 m.
1157 5166 1285 5229 Falernum
1305 5168 1430 5231 equldem
1446 5166 1537 5218 malim
1553 5181 1611 5217 nem

284 5251 334 5286 non
350 5240 422 5288 modo
434 5267 461 5276 —
480 5237 518 5290 ³0.
534 5255 582 5290 non
599 5249 653 5290 om.
666 5242 701 5290 at
718 5265 745 5275 -
765 5241 875 5290 diiuncta
887 5239 1014 5302 lllotzius,
1032 5246 1062 5291 nt
1078 5239 1141 5292 elias
1153 5239 1175 5290 V
1186 5242 1276 5292 babet.
1287 5269 1313 5278 —
1333 5243 1374 5294 34.
1393 5243 1436 5293 stet
1453 5247 1533 5292 naen
1543 5243 1607 5293 VD:

283 5317 362 5363 terrem
378 5313 453 5364 anso
472 5341 499 5352 -
518 5313 558 5366 ³2.
575 5315 651 5380 {aare
666 5320 677 5368 t
693 5315 753 5384 post
768 5315 842 5380 fatet.
861 5315 956 5378 habet,
974 5315 993 5365 b
1011 5320 1071 5385 post
1086 5317 1175 5370 seems
1193 5343 1220 5354 -
1239 5317 1364 5386 mnne
1378 5317 1531 5382 wetere
1546 5317 1578 5369 V.
