4009 6159
701 572 775 638 cn.
796 573 992 638 xv-xvr.
1020 569 1066 656 §s
1088 567 1233 636 er-is.
1542 565 1624 632 ries

303 745 420 820 hostis,
450 743 540 806 euius
568 743 757 807 senteutiam
783 750 911 808 senatus
937 743 1041 806 omnis
1070 742 1109 804 de
1139 742 1241 819 salute
1263 759 1333 802 mea
1357 739 1571 824 gravissimam
1595 746 1626 802 et

303 837 533 902 ornatissimam
562 843 691 900 secutus
717 843 781 910 est,
809 838 863 919 qui
892 835 1043 918 populum
1065 837 1240 898 Romanum
1262 843 1311 898 est
1332 835 1530 908 cohortatus,
1558 834 1625 918 qiri,

304 954 374 996 curn
397 933 437 995 de
451 952 501 994 me
516 929 676 994 decretum
692 929 818 1014 Capuae
833 929 974 1004 fecisset,
996 929 1066 1014 ipse
1088 937 1218 992 eunome
1234 929 1342 992 ltaliae
1358 929 1495 1013 cupienti
1511 929 1625 992 eteius

302 1027 398 1090 iidem
420 1025 601 1109 imploranti
623 1025 747 1106 signum
769 1023 873 1096 dedit,
901 1031 938 1086 ut
958 1024 998 1086 ad
1021 1045 1070 1086 me
1092 1023 1320 1086 restituendum
1343 1025 1472 1086 Romam
1494 1040 1627 1085 concur-

303 1130 425 1195 rerent;
455 1118 594 1182 omnium
625 1117 764 1200 denique
793 1117 826 1178 in
856 1116 944 1180 illum
967 1117 1040 1180 odia
1062 1117 1176 1180 civium
1198 1115 1350 1180 ardebant
1371 1115 1529 1180 desiderio
1552 1115 1650 1188 meis

304 1233 396 1297 quem
429 1214 484 1296 qui
511 1219 578 1273 tum
607 1210 838 1284 interemisset,
867 1230 930 1273 non
953 1209 993 1273 de
1016 1211 1203 1293 impunitate
1225 1205 1311 1286 eius,
1339 1211 1394 1274 sed
1417 1210 1456 1272 de
1478 1211 1626 1294 praemiis

303 1308 499 1389 cogitaretur.
532 1307 650 1368 Tamen
673 1325 707 1366 se
729 1304 806 1367 Milo
829 1304 986 1367 continuit
1008 1312 1039 1367 et
1059 1306 1093 1366 P.
1109 1303 1253 1369 Clodium
1277 1306 1309 1367 in
1331 1304 1483 1368 iudicium
1505 1304 1563 1378 bis,
1586 1302 1626 1366 ad

304 1400 367 1462 vim
397 1417 570 1482 numquam
598 1399 733 1462 vocavit.
775 1393 959 1473 leonida
987 1399 1108 1481 privato
1133 1398 1249 1462 Milone
1278 1407 1310 1462 et
1334 1419 1389 1462 reo
1412 1399 1453 1462 ad
1474 1398 1626 1482 populum

303 1500 472 1556 accusante
494 1494 528 1554 P.
551 1492 680 1565 Clodio,
702 1511 772 1554 eum
795 1493 828 1553 in
850 1491 905 1555 Cn.
928 1492 1112 1574 Pompeium
1135 1512 1192 1573 pro
1210 1492 1329 1555 Milone
1352 1492 1506 1555 dicentem
1527 1493 1627 1575 impe-

304 1596 354 1650 tus
375 1587 478 1651 iactus
500 1579 667 1670 est,(quae
690 1593 756 1648 tum
778 1605 842 1648 non
865 1584 960 1648 modo
983 1585 1125 1660 occasio,
1153 1575 1208 1648 s'ed
1231 1587 1323 1650 etiam
1346 1605 1442 1650 eausa
1463 1585 1548 1649 illius
1571 1606 1664 1668 op·in
1709 1563 1860 1670 &kib

304 1680 461 1765 primeudi
481 1662 575 1764 initi)
590 1682 699 1762 Nuper
718 1699 793 1740 vero
816 1700 887 1742 cum
912 1682 953 1741 Μ.
975 1680 1134 1742 Antonius
1156 1701 1307 1744 summam
1331 1701 1418 1763 spem
1441 1680 1549 1745 salutis
1570 1680 1628 1744 bo·

305 1777 355 1837 nis
370 1774 516 1837 omnibus
530 1774 688 1838 attulisset
702 1772 982 1857 gravissimamque
995 1773 1180 1838 adolescens
1194 1775 1408 1838 nobilissimus
1422 1775 1468 1838 rei
1483 1773 1628 1856 publicae

305 1877 426 1953 partem
447 1867 618 1932 fortissime
640 1866 832 1948 suscepisset
853 1874 948 1950 atque
969 1867 1056 1930 illam
1078 1866 1218 1940 beluam,
1247 1866 1356 1931 iudicii
1378 1868 1509 1950 laqueos
1532 1868 1628 1932 decli-

305 1970 447 2035 nantem,
469 1962 533 2024 iam
555 1961 708 2024 irretitam
729 1957 945 2048 teneret,(qqi
967 1961 1074 2035 locus,
1097 1961 1182 2046 quod
1198 1968 1322 2044 tempus
1335 1955 1438 2050 iliud)
1453 1961 1486 2024 di
1501 1964 1628 2026 immor·
1732 1971 1746 2021 4

306 2050 481 2146 tales(iuit]
506 2056 582 2118 Cum
607 2075 640 2116 se
662 2055 716 2116 ille
738 2052 862 2136 lugiens
885 2055 919 2115 iu
940 2053 1096 2118 scalarum
1117 2043 1254 2118 tenebris
1269 2054 1459 2129 abdidisset,
1481 2074 1626 2138 maguum
1640 2078 1665 2124 is
1712 2023 1824 2138 yffi·

305 2150 415 2214 Miloni
442 2149 503 2213 fuit
532 2146 688 2212 conficere
718 2147 805 2210 illam
833 2156 955 2231 pestem
983 2147 1071 2211 nulla
1093 2168 1150 2210 sua
1173 2147 1306 2222 invidia,
1339 2149 1380 2212 M.
1402 2168 1478 2212 vero
1499 2149 1627 2212 Antonii

305 2243 443 2306 maxima
463 2242 583 2325 glorial
619 2238 670 2305 ii.
686 2242 790 2318 Quies
812 2242 948 2306 comitiis
967 2243 1000 2304 in
1016 2260 1127 2325 campo
1142 2241 1291 2325 quotiens
1306 2249 1445 2326 potestas
1458 2242 1533 2306 tuiti
1556 2263 1627 2306 cum

304 2335 360 2398 ille
381 2335 413 2399 in
437 2344 546 2421 saepta
562 2337 691 2411 ruisset,
714 2335 836 2418 gladios
854 2334 1112 2416 destringendos,
1134 2334 1255 2416 lapides
1271 2334 1433 2400 iaciendos
1448 2338 1628 2410 curavisset,

306 2429 379 2493 dein
401 2427 507 2493 subito
528 2430 618 2493 vultu
640 2430 768 2493 Milonis
790 2429 974 2514 perterritus
994 2427 1120 2510 lugeret
1140 2426 1179 2492 ad
1202 2427 1358 2504 Tiberim,
1388 2450 1444 2495 vos
1466 2439 1498 2494 et
1519 2449 1628 2495 omnes

305 2524 382 2586 boni
404 2531 477 2587 vota
498 2524 660 2597 faceretis,
683 2532 719 2587 ut
740 2524 849 2587 Miloni
871 2523 917 2586 uti
938 2523 1055 2586 virtute
1078 2542 1135 2586 sua
1157 2520 1279 2585 liberet.
1637 2547 1666 2594 20

391 2619 474 2682 xvi.
498 2618 600 2694 Quem
622 2618 719 2700 igitur
739 2637 808 2682 cum
830 2617 971 2679 omnium
992 2617 1091 2698 gratia
1112 2616 1231 2690 noluit,
1251 2617 1336 2680 hunc
1358 2617 1458 2682 voluit
1479 2638 1549 2680 eum
1572 2617 1629 2682 ali-

309 2731 445 2795 quorum
468 2712 631 2796 querella‘t
654 2731 749 2796 quem
771 2712 857 2783 iare,
878 2730 975 2795 quem
996 2709 1078 2784 loco,
1100 2729 1194 2793 quem
1217 2717 1368 2793 tempore,
1391 2730 1484 2795 quem
1500 2711 1629 2794 impune

308 2825 372 2867 non
394 2813 442 2867 est
463 2824 576 2880 ausus,
608 2805 691 2868 bunc
711 2805 844 2880 iniuria,
867 2804 979 2887 iniquo
1001 2805 1090 2878 loeo,
1112 2804 1217 2866 alieno
1239 2811 1394 2886 tempore,
1415 2804 1556 2888 periculo
1578 2826 1630 2870 ca·

308 2900 382 2981 pitis
403 2918 468 2961 non
491 2899 647 2962 dubitavit
668 2899 835 2962 occideret
878 2894 928 2960 ia.
951 2898 1147 2980 pmesertim,
1169 2896 1304 2972 iudices,
1317 2903 1398 2978 lcum
1420 2899 1629 2976 honoris)am·

307 2991 439 3076 piissimi
453 2989 623 3086 (contentio
645 3000 677 3056 et
699 2993 766 3056 dies
788 2993 987 3056 comitiorum
1009 2981 1179 3074 sabas-seth
1193 3012 1256 3074 quo
1275 2990 1403 3075 quidem
1426 3001 1567 3078 tempore
1587 3015 1666 3062 -sa
1726 2997 1829 3098 *ff*

307 3086 374 3148 scio
396 3086 499 3159 enim,
526 3105 621 3168 quam
644 3085 753 3148 timida
775 3086 816 3148 sit
836 3085 965 3148 ambitio
987 3092 1169 3169 quantaque
1192 3093 1224 3148 et
1244 3106 1338 3168 quam
1359 3086 1492 3150 sollicita
1515 3087 1555 3150 sit
1575 3108 1630 3152 cu-

307 3178 421 3263 piditas
443 3180 626 3243 consulatus
651 3213 688 3225 -
705 3181 811 3242 omnia
827 3200 891 3242 non
906 3179 1001 3243 modo
1017 3198 1099 3263 quae
1114 3178 1302 3262 reprebendi
1321 3179 1441 3260 palam,
1464 3180 1628 3244 sedetiam

307 3275 441 3337 obscure
457 3292 538 3356 quae
553 3273 683 3355 cogitari
698 3282 847 3356 possunt,
868 3274 1032 3347 timemus,
1054 3293 1220 3354 rumorem,
1241 3272 1377 3352 tabulam
1393 3270 1504 3350 fictam
1527 3275 1629 3340 levem
1749 3260 1779 3350 ,f

308 3367 591 3450 perhorrescimus,
614 3386 669 3428 ora
691 3367 831 3431 omnium
852 3375 948 3452 atque
971 3368 1083 3430 oculos
1104 3367 1272 3430 iutuemur.
1309 3367 1393 3430 Nihil
1408 3369 1550 3431 estenim
1566 3377 1629 3433 tam

307 3461 420 3536 molle,
449 3468 512 3523 mm
541 3467 701 3534 tenerum,
731 3468 793 3523 tam
821 3469 876 3524 aut
895 3461 1006 3544 fragile
1028 3468 1083 3524 eut
1105 3461 1245 3524 flexibile
1266 3480 1360 3544 quam
1390 3461 1534 3526 voluntas
1557 3481 1667 3546 ergasa

307 3575 367 3618 nos
402 3573 578 3638 sensusque
611 3555 742 3630 civium,
776 3557 831 3639 (pri
864 3576 928 3618 nou
958 3554 1052 3618 modo
1082 3554 1276 3638 improbitati
1309 3554 1487 3618 irascuntur
1522 3558 1630 3622 candi-

308 3649 471 3722 datorum,
496 3648 553 3711 sed
580 3648 673 3712 etiam
706 3649 739 3710 in
768 3658 852 3712 reete
881 3648 971 3712 iactis
1000 3668 1095 3732 saepe
1122 3647 1295 3712 fastidiunt.
1338 3644 1389 3710 43.
1417 3649 1508 3714 Hunc
1535 3653 1630 3734 igitur

308 3742 393 3806 diem
425 3742 528 3826 campi
554 3751 714 3826 speratum
746 3749 842 3826 atque
874 3751 1055 3828 exoptatum
1088 3742 1149 3807 sibi
1180 3761 1362 3827 proponens
1387 3742 1464 3807 Milo
1492 3746 1630 3809 cruentis

375 3920 399 3968 t.
417 3919 498 3969 minis
513 3930 567 3968 om.
587 3917 621 3978 Ε,
640 3919 743 3979 «recte,
761 3921 791 3968 ut
806 3920 908 3984 opinor.
937 3919 1023 3970 Totam
1039 3921 1067 3970 et
1081 3919 1224 3970 maim
1239 3923 1351 3970 matun
1367 3917 1418 3970 dioi
1435 3921 1560 3972 memini:
1581 3922 1631 3974 sed
1690 3967 1705 3991 ‚

309 3995 417 4059 requiro
434 3991 599 4057 exemplum,
619 4005 672 4056 quo
685 3991 788 4043 dicatur
803 3995 883 4044 onmis
898 4001 998 4046 motas
1014 3994 1108 4046 eedem
1120 3995 1264 4054 sententia,
1282 4008 1332 4046 neo
1349 3994 1401 4046 dici
1413 3995 1529 4060 potrrtsse
1541 3999 1630 4060 puto..

308 4072 422 4121 Bisa·
442 4069 467 4118 4.
482 4081 530 4130 pr.
544 4068 598 4117 T-
618 4067 642 4117 s.
655 4068 685 4117 do
700 4081 739 4118 nie
749 4069 927 4122 carminis
939 4072 975 4132 iet
986 4071 1069 4121 ceteri
1082 4069 1159 4120 codd.
1172 4071 1278 4134 praeter
1294 4071 1338 4132 Ei:
1358 4071 1482 4122 daeraam
1492 4071 1571 4122 mmo
1582 4072 1630 4124 EO

310 4173 338 4184 -
351 4147 444 4209 [minet
460 4145 521 4194 TS:
539 4142 598 4206 lecit
616 4142 661 4192 EO
676 4169 702 4178 -
721 4140 746 4192 4.
758 4147 949 4196 cacarrsrentT
962 4171 989 4180 -
1009 4147 1033 4196 a.
1046 4145 1157 4195 anaim
1168 4145 1358 4196 Heumanuus:
1376 4147 1462 4196 ansata
1478 4151 1531 4196 tam
1547 4147 1629 4198 TEO.

309 4223 348 4274 Ci.
361 4221 473 4283 Madvig.
486 4219 532 4282 op.
544 4231 583 4268 ac.
596 4219 616 4278 i,
630 4231 655 4281 p.
669 4217 757 4268 itta·
772 4218 796 4268 6.
809 4220 948 4283 mandata
959 4222 978 4271 Τ
991 4246 1018 4256 -
1037 4219 1067 4270 dc
1077 4233 1131 4272 om.
1143 4221 1163 4270 Τ
1176 4247 1203 4256 -
1222 4221 1247 4272 7.
1262 4221 1351 4272 Tamen
1363 4222 1388 4272 S:
1408 4219 1435 4272 ai
1451 4223 1480 4284 T,
1498 4228 1551 4272 tarn
1566 4223 1626 4273 Ε-

308 4300 333 4349 9,
345 4295 534 4365 mms--sactas
548 4297 585 4344 cst
600 4293 682 4344 habet
692 4295 711 4344 e
721 4321 749 4331 -
768 4295 795 4344 ia
805 4309 859 4346 om.
871 4298 922 4347 B-
942 4297 982 4345 44.
994 4296 1081 4360 Nicer
1095 4309 1222 4346 arrectam
1235 4297 1270 4346 lt.
1282 4297 1402 4348 Ananias
1417 4296 1529 4349 habetB
1545 4326 1569 4336 -·
1590 4299 1629 4350 44.

308 4371 515 4424 mnanmst—
529 4368 570 4420 43.
583 4367 680 4420 baama
691 4369 766 4420 TES:
784 4370 955 4421 444444440-
969 4370 1010 4421 44.
1023 4371 1217 4422 inretitomT-
1231 4372 1384 4426 diiTlio-
1398 4374 1439 4424 ts.
1451 4371 1629 4424 aasbrisTS¹r

309 4447 421 4498 tenebam
432 4442 509 4497 [38¹0
523 4470 550 4480 -
564 4445 604 4495 46.
617 4445 653 4495 li.
665 4446 832 4496 aerodatonii
842 4448 859 4496 S
870 4448 898 4497 et
908 4445 951 4497 ed.
964 4445 1079 4496 iunfiua:
1098 4459 1158 4496 aare
1169 4447 1256 4495 natm
1264 4447 1292 4508 T,
1304 4460 1365 4498 aero
1376 4448 1471 4498 maii
1482 4448 1516 4506 Ei
1533 4448 1633 4500 Antoaii

307 4537 368 4574 aero
384 4524 405 4574 0
420 4549 445 4560 -
465 4521 505 4571 tT.
519 4520 630 4583 qaotiass
646 4520 734 4571 TES:
753 4522 848 4582 caedes
863 4523 882 4572 0
895 4547 922 4560 -·
942 4521 982 4572 ts.
1001 4526 1071 4584 apta
1087 4522 1135 4572 TE
1150 4548 1177 4558 —
1194 4521 1283 4572 misni
1299 4523 1363 4574 TE:
1382 4524 1512 4586 inapaei
1528 4525 1630 4574 080-

310 4597 525 4663 distriaqsndosT
544 4623 571 4633 -·
589 4598 727 4648 amacura
742 4597 831 4648 TES:
849 4597 995 4649 aemio
1016 4623 1041 4634 ·—
1066 4595 1105 4646 49.
1123 4595 1228 4656 tabariae
1244 4596 1317 4647 TES
1335 4622 1362 4632 -
1382 4599 1423 4648 40.
1439 4598 1545 4660 [mauis
1564 4599 1584 4649 T
1603 4625 1630 4636 -

310 4675 351 4724 44.
372 4676 448 4736 Qacn
463 4673 542 4736 igitar
552 4698 589 4709 --
600 4671 722 4721 dabaaoit
737 4673 847 4722 occidere
863 4672 963 4725 habent
979 4671 1151 4732 Quintilianus
1168 4671 1199 4732 V,
1213 4669 1253 4732 44,
1266 4671 1294 4732 4;
1313 4671 1430 4725 Isidorus
1447 4675 1531 4739 Origo.
1552 4676 1587 4736 li,
1606 4675 1630 4734 9,

312 4749 357 4808 43;
376 4748 549 4799 Cassiodorus
565 4748 662 4798 tinctor.
680 4759 760 4809 omnp.
778 4761 805 4809 p.
824 4747 871 4797 344
889 4745 932 4796 ed.
945 4747 1028 4811 capp.
1045 4773 1070 4782 —
1090 4745 1200 4795 omniun
1217 4757 1270 4795 om.
1284 4745 1397 4798 isidorus
1411 4750 1439 4798 et
1450 4749 1630 4800 Cassiodorus.

313 4851 341 4862 —-
353 4825 395 4874 44.
408 4823 527 4885 qaaersta
542 4824 571 4883 Τ,
589 4823 690 4886 quercia
705 4823 780 4873 ESO
798 4849 825 4862 -
844 4835 916 4885 mem
932 4823 1033 4885 masse
1048 4833 1101 4874 ons.
1116 4819 1232 4870 isidorus
1250 4823 1277 4870 et
1293 4821 1476 4874 Cassiodorus.
1497 4850 1523 4858 -
1542 4825 1633 4887 inpane
1671 4825 1674 4834 '

312 4899 332 4948 T
350 4925 377 4935 -
396 4897 437 4948 44.
454 4899 540 4961 iniquo
558 4899 611 4948 loce
632 4911 686 4948 om.
703 4897 819 4950 uideres
835 4901 863 4950 st
879 4897 1063 4948 Cassiodorus.
1083 4921 1110 4934 -
1133 4895 1210 4958 iaqaw
1226 4895 1246 4946 Τ
1265 4921 1291 4932 -
1312 4896 1433 4959 amado]
1451 4911 1509 4948 cam
1522 4899 1634 4961 patrato

312 4972 494 5036 Quintilianus,
512 4972 637 5033 isidorus,
652 4972 833 5025 Cassiodorus.
847 4973 877 5010 -‘
894 4974 935 5026 46.
952 4973 1059 5025 witicito
1073 4972 1105 5022 sit
1120 4971 1243 5035 midias
1259 4972 1316 5022 TE:
1334 4972 1440 5024 3044444444
1455 4974 1578 5035 cupiditas
1588 4974 1631 5024 SO

311 5050 397 5100 -44,
413 5045 531 5113 reptandi
546 5050 574 5110 T,
591 5041 680 5109 reindi
694 5047 753 5099 Ε-
772 5049 814 5099 48.
825 5062 890 5112 qaae
904 5048 1059 5100 obmoeaES
1073 5074 1100 5084 -
1116 5049 1202 5112 miani
1217 5048 1294 5099 iwan
1309 5046 1368 5100 libri
1385 5049 1426 5100 Fr.
1438 5048 1531 5100 Modii:
1547 5049 1633 5112 miani

311 5123 403 5186 swein
419 5127 482 5189 tom.
494 5123 578 5187 man)
590 5125 622 5183 s,
637 5125 732 5188 fletam
749 5123 849 5188 sabaa
866 5125 944 5176 bama
955 5125 988 5184 Τ;
1006 5123 1106 5187 sobora
1117 5124 1211 5187 flatum
1224 5123 1302 5176 kann
1314 5125 1342 5186 E,
1360 5125 1387 5176 in
1404 5137 1458 5190 quo
1474 5124 1553 5174 etiam
1570 5122 1631 5174 alibi

313 5199 417 5262 Musae
433 5198 516 5251 verbo
532 5200 730 5265 interpretando
746 5201 913 5265 praepositae
929 5203 1004 5260 sunt,
1023 5213 1047 5249 v.
1066 5209 1090 5248 c.
1107 5210 1134 5263 p.
1151 5198 1208 5260 744,
1221 5199 1262 5250 st.
1277 5225 1303 5235 -
1322 5199 1363 5250 49.
1382 5204 1416 5252 eat
1431 5199 1497 5250 man
1514 5200 1550 5250 E:
1567 5199 1633 5248 caim

313 5279 349 5326 ast
364 5277 439 5328 Tse
457 5301 484 5312 -
503 5275 543 5327 34.
560 5275 640 5340 igitar
655 5276 720 5328 ain
735 5275 768 5327 E:
786 5276 852 5328 dmi
870 5275 950 5340 igitar
965 5274 1042 5326 TSO.
