4009 6159
679 548 751 615 cn.
774 547 977 614 arx-xx.
1006 548 1053 633 44
1074 546 1110 613 rr
1125 547 1226 614 -44,
1543 543 1611 610 ers

288 721 391 787 lectus
420 725 505 785 esset
532 718 577 793 is,
606 718 662 801 qui
689 717 750 781 hac
772 738 836 782 una
858 719 1015 783 medicina
1036 719 1104 783 sola
1125 718 1228 802 potuit
1248 739 1267 783 a
1287 720 1334 783 rei
1355 722 1500 804 publicae
1520 732 1611 807 peste

290 813 426 898 depelli:
449 814 526 898 quid
548 811 689 876 deinde‘l
713 814 783 897 quis
805 814 928 897 reliqua
943 815 1138 896 praestaret?
1160 814 1212 876 cui
1226 812 1365 897 denique
1387 826 1455 881 erat
1470 817 1612 895 dubium,

291 908 370 993 quin
392 907 447 970 ille
469 907 597 989 sanguis
619 907 819 982 tribunicius,
842 907 930 972 nullo
952 908 1139 991 praesertim
1159 907 1286 989 publico
1304 910 1437 974 consilio
1453 913 1612 995 profusus,

291 1001 438 1065 consules
458 1001 579 1065 ultores
602 1008 633 1064 et
655 1000 838 1065 defensores
861 1008 946 1065 esset
965 1001 1152 1065 habiturus?
1176 1023 1248 1066 cum
1271 1003 1401 1087 quidam
1414 1005 1448 1068 in
1462 1010 1612 1073 contione

291 1095 424 1158 dixisset
445 1101 499 1158 aut
519 1093 597 1157 mibi
619 1094 717 1157 semel
738 1096 936 1179 pereundum
960 1103 1016 1159 aut
1042 1095 1091 1159 bis
1112 1116 1182 1159 esse
1204 1097 1402 1161 vincendum.
1417 1101 1421 1109 '
1439 1100 1524 1175 Quid
1546 1110 1636 1165 eratt

290 1188 339 1251 bis
353 1188 503 1252 vinceret
526 1188 561 1251 ld
582 1188 735 1271 prolecto,
751 1196 800 1264 ut,
821 1190 850 1251 si
864 1210 935 1253 cum
949 1190 1164 1253 amentissimo
1186 1191 1313 1255 tribuno
1335 1191 1378 1274 pl.
1393 1192 1613 1270 decertassem,

291 1300 364 1345 cum
385 1282 568 1345 consulibus
591 1284 858 1366 ceterisqueeius
880 1283 1037 1347 ultoribus
1059 1282 1248 1347 dimicarcm.
1283 1279 1335 1345 44.
1355 1286 1423 1367 Ego
1445 1308 1534 1363 vero,
1564 1289 1614 1352 vel

291 1377 318 1439 si
339 1374 534 1459 pereundum
556 1375 669 1440 luisset
688 1396 725 1439 ac
746 1396 810 1439 non
833 1376 1017 1459 accipienda
1038 1377 1131 1460 plaga
1151 1377 1230 1441 mihi
1252 1378 1417 1454 sanabilis,
1438 1381 1486 1444 illi
1509 1386 1616 1448 morti·

291 1469 375 1545 lera,
398 1470 454 1553 qui
477 1470 696 1554 imposuisset,
718 1470 816 1533 semel
838 1470 941 1554 perire
957 1477 1079 1545 tamen,
1101 1470 1239 1545 iudices,
1260 1471 1442 1536 maluissem
1457 1496 1551 1558 quam
1566 1478 1615 1542 bis

292 1562 428 1625 vincere.
459 1563 535 1627 Erat
556 1566 640 1627 enim
663 1564 718 1627 illa
740 1564 838 1627 altera
860 1566 929 1629 eius
951 1563 1041 1627 modi
1058 1567 1233 1642 contentio,
1255 1571 1407 1651 utneque
1422 1571 1497 1647 victi
1510 1584 1654 1656 neqnew

293 1656 428 1719 victores
449 1678 516 1721 ren:
537 1658 697 1741 publicam
719 1666 828 1723 tenere
849 1676 1026 1742 possemus.
1060 1658 1167 1733 Quidl
1189 1662 1216 1723 si
1237 1663 1271 1725 in
1291 1664 1393 1743 prima
1414 1668 1616 1731 contentione

293 1750 325 1812 vi
345 1727 516 1815 ffibunicia
536 1753 637 1817 victus
660 1753 693 1815 in
714 1752 783 1817 loro
805 1774 876 1816 cum
899 1752 1005 1816 multis
1018 1754 1111 1816 bonis
1126 1755 1202 1817 viris
1217 1755 1446 1821 concidissemt
1468 1760 1616 1824 Senatum

294 1844 459 1921 consules,
490 1847 603 1921 credo,
625 1855 808 1921 vocassent,
837 1868 932 1931 quem
954 1852 1054 1910 totum
1075 1846 1115 1909 de
1138 1849 1261 1912 civitate
1283 1850 1440 1927 delerent:
1469 1853 1509 1916 ad
1531 1874 1618 1919 mma

293 1947 459 2014 vocarent,
488 1939 543 2024 qui
573 1959 613 2005 ne
640 1941 757 2005 vestitu
786 1941 916 2024 quidem
939 1939 1068 2003 delendi
1096 1962 1161 2004 rem
1183 1943 1341 2027 publicam
1363 1946 1494 2022 sissent:
1523 1950 1619 2012 atri-

291 2035 380 2098 buno
401 2034 445 2117 pl.
466 2041 541 2116 post
561 2034 722 2097 interitum
744 2034 967 2107 dissedissent‚
991 2034 1048 2116 qni
1071 2034 1205 2098 eandem
1226 2036 1337 2102 horam
1359 2059 1449 2104 meae
1466 2045 1567 2124 pestis
1588 2050 1657 2105 etro

294 2147 424 2191 suorum
444 2126 656 2210 praemiorum
679 2147 750 2191 esse
765 2127 950 2191 voluissent.
992 2128 1064 2189 XX.
1087 2124 1138 2189 45.
1162 2129 1265 2193 Unum
1282 2132 1376 2195 ctiam
1390 2133 1469 2197 mibi
1482 2138 1621 2201 restabat

294 2221 389 2296 illud,
413 2218 502 2305 quod
522 2220 656 2284 lorsitan
678 2241 743 2283 non
764 2240 857 2285 nemo
879 2222 927 2285 vir
947 2221 1039 2285 lortis
1062 2230 1093 2287 et
1113 2223 1194 2286 acris
1216 2224 1314 2289 animi
1335 2229 1508 2314 magnique
1531 2229 1621 2294 dixe·

294 2316 355 2377 rit:
380 2315 582 2391 «restitisses,
615 2335 839 2398 repugnasses,
864 2321 999 2380 mortem
1020 2334 1165 2398 pugnans
1187 2320 1393 2399 appetisses.»
1424 2324 1471 2387 De
1492 2345 1557 2409 quo
1578 2332 1621 2401 te,

297 2417 343 2485 te,
365 2409 513 2492 inquam,
534 2409 652 2491 patria,
676 2416 775 2472 testor
796 2417 828 2473 ct
848 2429 919 2484 vos,
948 2417 1080 2492 penates
1102 2410 1262 2495 patriique
1284 2412 1353 2489 dei,
1374 2436 1425 2479 me
1445 2426 1622 2497 vestrarum

296 2502 407 2565 sedum
428 2502 681 2586 templorumque
704 2522 815 2579 causa,
838 2523 887 2567 me
910 2512 1041 2586 propter
1062 2502 1196 2567 salutem
1217 2526 1360 2571 meorum
1383 2496 1661 2598 civiuquuaeso

295 2597 374 2661 mibi
396 2616 522 2679 semper
542 2594 603 2659 luit
624 2615 694 2659 mea
716 2597 820 2661 carior
831 2596 915 2671 vita,
937 2595 1171 2661 dimicationem
1185 2600 1520 2686 caedemquetbgissc.
1549 2607 1623 2671 Ete-

295 2692 379 2765 nim,
413 2690 440 2753 si
468 2688 544 2752 mibi
572 2689 606 2751 in
636 2689 743 2772 aliqua
773 2710 852 2753 nave
875 2710 947 2754 curn
969 2692 1048 2754 meis
1070 2691 1181 2755 amicis
1201 2695 1361 2775 naviganti
1381 2695 1457 2774 hoc,
1490 2700 1623 2775 iudices,

296 2783 480 2858 accidisset,
512 2790 547 2860 ut
576 2783 666 2845 multi
688 2803 728 2846 er
754 2784 860 2847 multis
887 2784 966 2847 locis
987 2785 1167 2867 praedones
1189 2787 1342 2851 classibus
1363 2808 1433 2853 eam
1454 2810 1567 2855 navem
1589 2814 1624 2857 se

297 2896 507 2962 oppressuros
527 2877 765 2952 minitarentur,
787 2878 848 2941 nisi
870 2899 920 2941 me
942 2899 1042 2941 unum
1063 2879 1124 2942 sibi
1146 2878 1359 2956 dedidissent,
1380 2883 1408 2945 si
1427 2883 1461 2945 id
1482 2894 1624 2949 vectores

296 2979 452 3056 negarent
480 2992 518 3035 ac
547 2990 670 3034 mecum
700 2971 794 3034 simul
823 2972 953 3035 interire
983 2992 1079 3055 quam
1100 2993 1152 3036 me
1173 2973 1299 3037 tradere
1319 2974 1463 3040 hostibus
1484 2979 1662 3053 mallentet

297 3066 445 3131 iecissem
470 3066 538 3150 ipse
566 3086 616 3129 me
644 3064 750 3149 potius
771 3064 805 3126 in
826 3065 1035 3149 profundum,
1064 3074 1101 3129 ut
1121 3074 1242 3131 ceteros
1264 3087 1500 3147 conservarem,
1529 3091 1624 3154 quam

297 3161 372 3223 illos
401 3161 464 3223 mei
493 3168 556 3222 tam
586 3157 718 3241 cupidos
747 3179 812 3221 nen
841 3160 936 3223 modo
963 3158 1002 3223 ad
1024 3166 1141 3223 certam
1163 3168 1313 3237 mortem,
1343 3162 1455 3227 sedin
1476 3184 1623 3247 magnum

299 3255 384 3319 vitae
406 3253 576 3317 discrimen
598 3252 797 3315 adducerem.
834 3248 885 3315 46.
910 3253 987 3317 Cum
1010 3273 1086 3317 vero
1107 3254 1142 3316 in
1161 3254 1311 3318 benerei
1333 3256 1479 3339 publicae
1499 3277 1625 3334 navem,

299 3347 417 3430 creptis
445 3347 568 3411 senatui
595 3346 816 3429 gubernaculis
838 3347 1014 3411 fluitantem
1035 3348 1069 3409 in
1090 3348 1156 3410 alto
1179 3350 1415 3431 tempestatibus
1437 3349 1625 3415 seditionum

299 3462 337 3505 ac
358 3441 603 3516 discordiarum,
628 3449 767 3504 armatae
787 3447 833 3504 tot
854 3439 986 3517 classes,
1005 3440 1076 3521 'nisi
1100 3460 1159 3523 ego
1181 3462 1285 3506 essem
1305 3464 1389 3507 unus
1412 3442 1555 3521 deditus,
1576 3446 1663 3509 in-sc

367 3827 391 3876 t.
408 3824 456 3875 444
472 3825 492 3874 Ρ
508 3836 578 3874 cerr.
597 3836 631 3872 ex
646 3822 711 3873 4444
730 3848 757 3859 -·-
775 3834 793 3871 o
808 3821 852 3872 liei
869 3835 904 3883 .p.
923 3824 942 3872 P
959 3834 1028 3873 corr.
1047 3822 1128 3879 mi:
1149 3822 1187 3873 a.
1203 3835 1230 3885 4.
1243 3819 1312 3873 1³¹-
1330 3823 1355 3874 8.
1369 3825 1424 3886 4444
1439 3826 1627 3892 4444444444-

301 3903 379 3949 staret
395 3897 561 3951 Gulielmius:
581 3898 636 3959 4444
650 3898 750 3958 reliquo
765 3896 821 3947 iroe
836 3901 914 3947 444444
930 3894 973 3955 1²¹:
992 3897 1048 3959 4444
1062 3898 1228 3960 resciscere:
1243 3903 1349 3949 44444444
1364 3901 1464 3952 Pcorr.
1477 3907 1541 3956 mi
1558 3920 1624 3969 rec:

301 3974 357 4037 4444
371 3974 471 4036 4444444
486 3977 592 4024 restaret
608 3974 642 4028 G:
670 3973 730 4035 quid
744 3972 911 4034 ntiquicmm
925 3973 1067 4023 4444444440
1086 3999 1113 4012 -
1131 3974 1173 4023 coi
1188 3973 1293 4035 44444444
1309 3972 1478 4027 Gulielmius:
1502 3984 1568 4042 4444
1585 3986 1626 4047 (ex

302 4047 550 4111 sustentarem:
575 4047 636 4108 44440
652 4047 792 4107 4444444Ρ
809 4059 879 4097 corr.
898 4058 935 4096 m.
952 4046 968 4096 8
985 4059 1053 4105 rec..
1070 4049 1120 4097 00
1138 4073 1165 4083 ·-
1184 4047 1210 4099 4.
1227 4050 1579 4109 amnesamnes
1598 4086 1626 4096 -

302 4123 405 4185 4440444
421 4123 457 4185 Α,
478 4122 508 4173 nt
523 4120 639 4186 Baptista
656 4120 727 4186 apud
743 4120 877 4172 Petreium
894 4120 946 4184 ted.
966 4122 1048 4172 Paris.
1065 4123 1139 4172 sese.
1157 4120 1195 4183 4.)
1210 4123 1338 4175 coniecit:
1362 4126 1422 4188 4444
1437 4125 1510 4189 Ρ“0;
1529 4132 1627 4193 4440444

302 4194 360 4249 1³²0
378 4223 406 4234 -
424 4198 542 4249 44444444
558 4196 608 4247 (40
626 4221 653 4231 -
672 4198 696 4246 0.
714 4201 743 4246 ut
757 4197 780 4247 si
795 4209 853 4245 com
869 4195 979 4259 scripsi:
997 4200 1027 4245 ut
1042 4208 1099 4246 4444
1115 4195 1193 4246 codd.
1211 4200 1240 4247 44
1255 4198 1290 4259 0,
1308 4198 1354 4261 qni
1370 4211 1447 4260 44444
1463 4204 1525 4254 ante
1541 4206 1627 4256 04444·

302 4280 391 4325 tossem
406 4270 504 4332 habet:
522 4270 714 4334 Wesenbergio
725 4271 747 4321 ai
757 4272 819 4335 post
829 4276 862 4321 tr.
871 4270 908 4332 pl.
919 4270 1025 4321 videtur
1035 4271 1210 4324 intercidisse.
1229 4272 1268 4323 cl.
1281 4272 1315 4323 ad
1326 4287 1354 4338 p.
1363 4274 1422 4337 874,
1433 4277 1513 4330 43.·-
1528 4282 1553 4331 7,
1566 4286 1628 4332 esss-

301 4344 537 4408 4444444440-444
552 4345 744 4409 sillsdvigins:
762 4347 895 4405 4444Ρῦς
913 4346 935 4395 ai
950 4346 1011 4396 mibi
1026 4348 1124 4399 444440
1139 4376 1166 4385 -
1184 4350 1209 4401 8.
1222 4351 1583 4422 444444444444444444Ρο4440
1597 4357 1627 4411 P¹

302 4420 451 4484 snocbolislz
469 4420 616 4472 insecabilis
630 4421 676 4471 4444
692 4422 736 4472 40
753 4445 781 4459 -
800 4420 825 4471 9.
844 4421 887 4483 peri
903 4421 1056 4483 inposuisset
1071 4423 1182 4489 scripsi:
1200 4438 1249 4487 4444
1265 4426 1343 4488 (corr.
1362 4430 1427 4479 mi
1444 4436 1627 4488 recentissima

303 4496 387 4559 44444
403 4496 548 4558 temese:
564 4497 596 4556 Ρ;
620 4510 673 4558 quo
688 4497 711 4547 44·
727 4497 786 4558 imp
805 4496 839 4555 o;
861 4508 941 4556 44444
955 4495 994 4545 ret
1014 4509 1042 4557 p.
1059 4497 1212 4560 iespoasisret
1228 4501 1276 4551 40
1293 4501 1350 4564 (iltis
1365 4506 1556 4573 4444444444·
1572 4526 1628 4563 eain

302 4569 622 4635 isrtpoasltssotbamb.)-
640 4572 794 4623 tomoaPG:
814 4574 867 4620 tren
883 4570 929 4621 SO
943 4595 970 4605 -
984 4582 1062 4631 444444
1078 4571 1155 4623 bisS:
1174 4576 1351 4637 4444444444Ρο
1364 4604 1391 4613 -
1410 4580 1450 4631 40.
1463 4584 1546 4635 altere
1561 4588 1628 4637 crre-

302 4646 371 4696 modt
388 4644 510 4695 44440-
526 4646 567 4696 tt.
584 4651 758 4697 4444444444.
771 4646 805 4705 Ρ;
822 4650 961 4707 amatorem
979 4660 1040 4708 4444
1051 4648 1117 4697 0-
1133 4649 1175 4699 43.
1187 4651 1223 4700 nd
1242 4664 1318 4701 44444
1331 4660 1459 4705 sacceas
1475 4658 1586 4711 Ernesti.
1597 4688 1625 4698 -

305 4719 346 4771 44.
363 4720 450 4771 ssent
465 4723 498 4771 P:
517 4722 648 4773 4444444444
662 4749 687 4759 -
708 4722 749 4771 lb.
766 4721 895 4771 interitum
911 4722 1033 4773 codices:
1050 4722 1179 4774 4444444444
1194 4738 1278 4776 cumn
1291 4725 1363 4778 ch
1377 4752 1405 4765 -
1423 4732 1627 4787 obsesssorem:

304 4796 455 4847 tesseres
470 4796 558 4847 P⁹G0
576 4822 604 4833 ·-
624 4797 664 4847 46.
682 4796 758 4847 eiam
774 4796 887 4860 scripsi:
905 4797 970 4847 esim
986 4796 1080 4859 PGO,
1099 4796 1149 4848 sed
1164 4798 1192 4849 in
1206 4801 1290 4850 Palm
1304 4803 1370 4852 mi
1386 4803 1414 4853 in
1430 4819 1483 4859 res.
1501 4811 1628 4874 scriptum

305 4871 364 4931 cst:
383 4868 461 4921 codd.
475 4870 540 4922 dett.
552 4872 699 4931 crimem:
717 4883 777 4936 4444
792 4869 867 4922 malit
883 4868 1000 4933 Koechly
1012 4869 1071 4921 coll.
1084 4884 1109 4935 p.
1123 4871 1181 4934 043,
1194 4873 1234 4923 33.
1253 4873 1311 4937 ets,
1323 4876 1364 4926 48.
1379 4903 1407 4913 —
1425 4880 1465 4931 48.
1484 4886 1508 4933 ts
1523 4888 1593 4933 sau
1603 4886 1630 4933 cs

306 4942 388 4995 habet
403 4945 426 4995 A
444 4970 471 4980 -
491 4945 532 4997 te.
550 4944 664 4997 alterum
680 4950 703 4995 44
723 4948 742 4995 Ρ
760 4958 819 5009 sup.
831 4944 876 4998 lin.
894 4944 977 4996 babet
993 4957 1030 4996 m.
1043 4947 1073 5009 4,
1091 4945 1141 4999 sed
1157 4952 1258 4999 vetere.
1273 4976 1301 4987 ··
1316 4950 1423 5013 4444444
1438 4957 1527 5007 cml
1546 4984 1572 4995 -·
1590 4958 1630 5007 dei

306 5019 368 5070 Pe:
387 5018 423 5069 dii
438 5016 532 5083 Attio
551 5049 579 5059 -
597 5020 638 5072 80.
656 5020 742 5071 sedum
757 5022 820 5082 PG,
838 5024 951 5085 uterque
970 5021 981 5071 t
1002 5034 1039 5073 m.
1057 5022 1085 5073 44
1100 5022 1249 5074 Priscianus
1265 5025 1290 5087 Ι,
1309 5037 1336 5090 p.
1349 5025 1397 5078 344
1414 5027 1458 5078 40.
1471 5029 1574 5081 tinebit
1590 5044 1631 5083 44-

307 5094 376 5145 dium
392 5095 442 5143 PG
459 5106 528 5146 corr.
547 5097 563 5149 2
580 5108 616 5147 m
636 5096 669 5148 cl.
688 5108 728 5147 cr.
741 5094 775 5147 de
792 5094 850 5160 lege
867 5109 922 5160 agr.
935 5097 971 5156 ll,
990 5094 1058 5159 sot.
1072 5122 1101 5133 ··
1119 5097 1161 5149 34.
1173 5098 1294 5150 dedimus
1309 5103 1373 5162 Po:
1391 5103 1419 5153 at
1435 5116 1460 5153 v.
1474 5104 1539 5155 intre
1550 5118 1577 5155 v.
1588 5105 1629 5156 30.

309 5196 338 5206 -
356 5169 604 5221 4444444444-40.
622 5170 907 5233 mspeteetpreo-
927 5170 1389 5229 enssemmesicswseeaoeocr.
1407 5178 1521 5245 ssksp.
1539 5180 1580 5231 48.
1600 5204 1628 5218 -

308 5244 960 5311 40.4444444440-30.44444444444040444Ρε
982 5248 1324 5303 memmasce.

352 5332 442 5384 044444
454 5329 519 5384 nu.
1368 5343 1412 5411 gp
