4009 6159
433 583 516 652 4284
857 585 1010 650 ORATIO
1032 583 1258 650 PHILIPPICA
1279 587 1334 649 III.

431 756 564 820 iudicari
587 754 729 819 ducibus.
770 754 803 817 Si
826 754 923 837 igitur
944 755 1060 818 Cacsar
1079 755 1196 830 hostis,
1220 775 1277 818 cur
1306 745 1416 818 consul
1437 754 1518 818 nihil
1539 755 1718 820 relerehat
1738 757 1780 819 ad
1875 738 1878 783 i

431 853 597 914 senatum?
619 850 668 912 sin
688 848 744 911 ille
766 868 785 911 a
807 854 919 912 senatu
941 849 1098 912 notandus
1120 848 1283 923 nonfuit,
1305 850 1383 934 quid
1404 857 1508 932 potest
1522 850 1653 925 dicere,
1681 850 1780 934 quin,

432 967 503 1009 cum
525 945 564 1008 de
585 943 641 1007 illo
662 942 811 1017 tacuerit,
834 963 868 1006 se
890 943 1014 1006 hostem
1035 941 1199 1006 coufessus
1221 943 1284 1006 siti
1316 943 1418 1019 Quem
1439 944 1473 1006 iu
1495 945 1609 1008 edictis
1635 947 1781 1030 Sparta·

431 1061 503 1103 cum
525 1037 678 1122 appellat,
699 1037 782 1099 hunc
803 1037 837 1099 iu
859 1043 970 1100 senatu
991 1057 1033 1099 ne
1048 1035 1225 1119 improbum
1240 1037 1369 1120 quidem
1386 1038 1491 1102 dicere
1508 1038 1615 1104 audet.
1655 1042 1721 1102 tx.
1739 1042 1781 1104 st

409 1133 464 1195 tin
486 1132 581 1195 rebus
602 1131 787 1195 tristissImis
809 1138 945 1214 quantos
967 1131 1085 1193 excitat
1104 1130 1206 1193 risusi
1238 1131 1449 1196 SenteutIoIas
1475 1133 1571 1198 edicti
1592 1136 1779 1199 cuiusdam

430 1225 600 1290 memoriae
631 1225 793 1300 mandavi,
822 1245 901 1308 quas
924 1225 1049 1288 videtur
1070 1222 1125 1287 ille
1147 1232 1311 1307 peracutas
1334 1234 1462 1310 putare:
1492 1247 1551 1311 ego
1572 1237 1694 1294 autem
1719 1231 1779 1315 qui

429 1321 635 1404 intelligeret,
658 1319 735 1404 quid
751 1319 855 1382 dicere
870 1318 981 1395 vellet,
1004 1318 1107 1382 adhuc
1122 1321 1279 1383 nemiuem
1303 1321 1421 1385 inveni.
1464 1317 1516 1384 22.
1531 1323 1658 1387 Nulla
1682 1344 1779 1387 eon·

290 1411 323 1538 [r
430 1415 694 1490 tumeliaest,
718 1433 833 1497 quam
854 1412 956 1477 iacit
977 1412 1138 1494 dignus.
1170 1413 1310 1476 Primum
1329 1414 1471 1499 quidest
1492 1415 1672 1499 dignust
1696 1437 1779 1481 nam

430 1509 525 1574 etiam
547 1509 631 1573 malo
653 1509 745 1572 multi
767 1507 870 1590 digni,
900 1507 982 1571 sicut
1009 1509 1088 1591 ipse.
1124 1507 1173 1569 An
1194 1525 1290 1590 quam
1312 1505 1388 1570 lacit
1409 1510 1453 1583 is,
1483 1510 1634 1593 quicum
1661 1511 1777 1594 digni·

300 1606 330 1711 i'
392 1612 493 1668 404444
515 1606 584 1668 esti
606 1623 688 1687 quae
710 1610 815 1666 autem
837 1609 1035 1685 potestesse
1056 1603 1179 1686 maiori¹
1212 1600 1297 1693 Quid
1319 1609 1367 1666 est
1388 1622 1484 1686 porro
1505 1602 1649 1668 facere
1676 1625 1777 1668 cou-

429 1698 650 1762 tumeliaml
673 1697 745 1779 quis
768 1697 813 1758 sic
834 1696 998 1779 loquitur?
1027 1694 1168 1757 Deinde:
1197 1713 1272 1758 nec
1303 1697 1438 1772 timor,
1466 1718 1582 1781 quem
1612 1699 1775 1762 denun-

429 1795 505 1856 tiat
526 1791 730 1855 inimicus.
768 1789 851 1865 Quid
875 1790 973 1871 ergo?
997 1787 1038 1851 ah
1060 1789 1160 1851 amico
1182 1789 1277 1853 timor
1298 1789 1477 1854 denuntiari
1500 1791 1605 1854 soletl
1636 1791 1774 1856 Horum

427 1885 543 1949 similia
565 1884 726 1966 deinceps.
759 1885 870 1946 Nonne
892 1882 991 1945 satius
1013 1890 1061 1944 est
1082 1888 1205 1944 mutum
1227 1902 1297 1946 esse
1319 1903 1415 1965 qoam
1437 1886 1523 1968 quod
1546 1903 1642 1949 nemo
1669 1885 1772 1949 intel·

427 1980 502 2061 ligat
523 1978 649 2040 diceret
684 1979 746 2052 Eu,
775 1996 831 2039 cur
853 1975 1002 2058 magister
1023 1975 1093 2039 eius
1116 1995 1155 2037 ex
1178 1984 1304 2041 oratore
1326 1987 1430 2041 arator
1448 1977 1551 2043 lactus
1574 1980 1633 2055 sit,
1657 1981 1771 2063 possi-

390 2075 501 2137 stdeat
521 2075 555 2136 in
577 2091 653 2154 agro
676 2070 916 2153 puhlicocampi
932 2070 1078 2132 Leontini
1094 2068 1262 2132 duomilia
1283 2071 1428 2153 iugemm
1447 2072 1620 2150 immunia,
1643 2081 1684 2137 ut
1707 2073 1770 2136 ho-

427 2167 543 2230 minem
571 2164 731 2248 stupidum
761 2165 858 2248 magis
887 2164 980 2227 etiam
1009 2162 1145 2227 infatuet
1169 2164 1315 2228 mercede
1337 2164 1473 2248 puhIIca.
1516 2163 1567 2230 23.
1591 2169 1655 2231 Sed
1679 2168 1768 2232 haee

426 2259 547 2324 leviora
567 2259 719 2322 tortasse:
741 2257 818 2321 illud
842 2277 977 2340 quaero,
1000 2277 1056 2320 cur
1078 2265 1142 2320 tam
1164 2266 1348 2322 mansuetus
1364 2259 1398 2322 in
1413 2266 1526 2323 senatu
1547 2259 1661 2337 luerit,
1687 2284 1766 2325 cum

425 2353 460 2417 iu
483 2354 594 2419 edictis
617 2361 679 2416 tam
700 2352 787 2417 serus
807 2351 931 2415 luisset.
965 2351 1049 2427 Quid
1068 2351 1152 2415 enim
1167 2352 1337 2415 attinuerat
1351 2352 1386 2417 L.
1403 2353 1529 2429 Cassio,
1551 2355 1680 2448 trihpno
1706 2357 1765 2440 pl.,

425 2447 599 2512 fortissimo
621 2454 653 2510 et
674 2446 927 2511 constantissimo
949 2447 1027 2521 ciri,
1049 2453 1180 2509 mortem
1202 2445 1408 2523 denuntiare,
1429 2447 1456 2511 si
1478 2448 1512 2511 iu
1533 2458 1683 2514 senatum
1708 2471 1765 2513 ve-

389 2543 538 2618 44444444,
570 2543 607 2606 D.
631 2541 851 2616 Carfulenum,
884 2541 965 2604 heae
999 2541 1044 2602 de·
1067 2560 1102 2603 re
1130 2538 1259 2624 publica
1288 2542 1494 2617 sentientem,
1528 2552 1640 2607 senatu
1668 2544 1706 2607 vi
1731 2552 1763 2606 et

425 2639 519 2702 minis
548 2639 656 2702 mortis
686 2636 862 2720 erpellere,
890 2635 937 2698 Ti.
961 2633 1165 2709 Cannutium,
1194 2653 1213 2697 a
1240 2654 1304 2718 quo
1328 2643 1395 2699 erat
1422 2634 1656 2702 honestissimis
1679 2657 1762 2701 con-

424 2733 616 2796 tentionibus
644 2739 675 2795 et
704 2749 797 2813 saepe
820 2736 852 2792 et
879 2729 948 2793 iure
972 2734 1122 2803 vexatus,
1150 2748 1215 2793 non
1237 2719 1357 2813 templo
1379 2728 1497 2805 solum,
1527 2733 1760 2796 verumetiam

423 2827 512 2893 aditu
540 2825 711 2910 prohihere
734 2822 904 2906 Capitolii?
938 2822 995 2887 Cui
1024 2830 1153 2886 senatus
1180 2823 1326 2887 consulto
1348 2844 1389 2888 ue
1411 2824 1643 2888 intercederent
1663 2843 1761 2890 vere·

289 2907 299 2935 ”
422 2920 537 2984 haturl
569 2922 616 2983 Dc
640 2916 887 3002 supplicatione,
921 2916 1035 2992 credo,
1066 2917 1107 2979 II.
1130 2915 1256 2999 Lepidi,
1294 2916 1463 2982 clarissimi
1485 2917 1555 2998 rjai.
1590 2921 1698 3006 Atque
1722 2918 1757 2980 id

270 3014 280 3026 ⁶
386 3021 491 3078 sacrat
512 3013 703 3099 periculum,
732 3010 771 3074 de
794 3011 882 3074 errius
904 3009 1028 3074 honore
1050 3009 1302 3074 extraordiuario
1325 3011 1468 3096 quotidie
1490 3012 1611 3097 aliquid
1632 3013 1758 3096 cogita·

423 3110 552 3184 hamus,
573 3128 613 3171 ue
636 3107 704 3170 eius
724 3106 858 3169 usitatus
880 3105 983 3168 honos
1005 3104 1220 3189 impediretur.
1253 3100 1304 3166 24.
1327 3109 1371 3169 44
1393 3125 1434 3168 ne
1456 3105 1525 3169 sine
1547 3125 1642 3170 causa
1662 3106 1755 3171 vidc-

423 3211 509 3266 rctur
536 3201 672 3266 edisisse
700 3207 735 3264 ut
765 3207 893 3263 senatus
915 3198 1059 3276 adesset,
1090 3220 1161 3263 cum
1183 3201 1222 3263 de
1244 3221 1279 3264 re
1301 3201 1429 3284 publica
1449 3203 1606 3266 relaturus
1626 3199 1755 3276 luisset,

422 3296 518 3360 allato
547 3297 658 3358 nuntio
687 3294 727 3358 de
749 3294 872 3374 legione
896 3299 1008 3378 quarta
1029 3302 1135 3356 mente
1157 3293 1311 3370 concidit,
1338 3302 1371 3358 et
1391 3293 1502 3378 lugere
1523 3293 1678 3360 festinans
1701 3315 1755 3358 se·

422 3397 515 3454 uatus
537 3388 716 3452 consultum
737 3387 778 3450 de
800 3388 1032 3471 supplicatione
1053 3408 1112 3473 per
1123 3386 1351 3452 discessionem
1372 3387 1462 3465 lecit,
1485 3409 1556 3454 cum
1577 3391 1611 3453 id
1631 3388 1752 3454 lactum

385 3490 508 3548 coesset
528 3491 621 3546 autea
642 3501 826 3567 numquam.

508 3577 548 3640 x.
577 3576 666 3652 Quae
695 3596 769 3640 vero
800 3576 954 3660 protectio
981 3577 1111 3660 posteat
1145 3576 1233 3662 quod
1262 3575 1322 3641 iter
1342 3577 1501 3661 paludati!
1535 3598 1618 3664 quae
1639 3578 1752 3643 vitatio

487 3871 511 3920 4.
529 3869 582 3920 tad.
600 3866 702 3918 4444044
718 3866 753 3916 V:
776 3865 877 3917 4444444
892 3866 945 3917 iud.
963 3867 1015 3917 DO
1034 3888 1061 3902 -—
1083 3867 1181 3930 lparV
1200 3893 1227 3902 -
1251 3867 1345 3919 Cacsar
1360 3867 1398 3917 V:
1422 3868 1450 3920 C.
1469 3869 1562 3920 044444
1578 3870 1643 3934 00,
1661 3867 1747 3922 sedh

421 3946 442 3997 44
459 3958 508 4010 pro
524 3958 547 3994 c.
568 3971 595 3980 -
612 3943 735 4007 rescrebat
751 3943 861 4006 scripsi:
880 3943 974 4007 4414444
990 3943 1025 4003 V;
1044 3944 1120 4006 refert
1136 3945 1187 3996 Do
1206 3970 1233 3980 -
1252 3945 1287 3994 od
1302 3949 1415 3995 4444444444
1431 3957 1486 3997 om.
1505 3948 1515 3995 4
1533 3972 1559 3983 -
1579 3947 1604 3998 3.
1621 3945 1749 3996 sedandas

422 4023 477 4071 t-
496 4021 521 4072 3.
538 4020 630 4079 44444444
647 4019 680 4068 V:
698 4019 790 4068 44444444
807 4030 856 4068 csse
872 4019 894 4068 1)
913 4046 941 4056 -
960 4032 1038 4082 444444
1054 4013 1085 4068 V¹
1103 4044 1130 4055 -
1149 4019 1173 4070 4.
1192 4034 1224 4072 44
1239 4033 1293 4072 om.
1311 4023 1323 4071 t
1342 4049 1368 4058 -
1386 4021 1453 4085 lnpr.
1471 4024 1510 4086 gt
1529 4050 1556 4060 -
1574 4022 1748 4073 4444444444

421 4097 463 4149 ab
483 4124 509 4134 -
529 4098 554 4148 5.
572 4094 765 4158 4444444440-
783 4095 936 4144 wallace
956 4120 983 4131 -
1002 4094 1224 4157 4444444444-
1243 4098 1267 4149 6.
1286 4097 1615 4162 quevcormxpsn-
1634 4093 1748 4159 44444444

421 4173 510 4238 4444444
529 4174 564 4222 44
587 4199 613 4208 -
637 4171 662 4221 0.
679 4169 752 4220 multi
772 4169 841 4233 dlpnt
861 4168 898 4218 V:
925 4171 994 4235 dtpnt
1009 4171 1082 4220 4444444
1103 4171 1153 4222 00
1172 4197 1199 4207 -
1223 4173 1267 4235 qut
1284 4173 1306 4223 V
1322 4185 1391 4223 corr.
1410 4186 1442 4223 ex
1459 4175 1520 4235 4444
1537 4199 1565 4210 -
1586 4174 1627 4223 40.
1641 4176 1747 4236 potestas

420 4249 504 4298 molor
519 4242 565 4305 V¹3
583 4246 759 4309 malorpotest
773 4242 852 4295 esech
867 4270 893 4281 -
914 4245 954 4295 43.
973 4246 1035 4308 quid
1049 4260 1095 4311 spo
1111 4259 1127 4296 4
1141 4274 1169 4285 -
1187 4247 1219 4299 40
1235 4249 1323 4299 ccum
1339 4261 1368 4309 s;
1387 4249 1420 4299 40
1436 4249 1537 4300 4444444444
1554 4249 1631 4313 gt·-
1649 4249 1746 4298 4444444·

420 4325 485 4375 stare
504 4321 536 4373 V¹
553 4350 580 4359 -
604 4323 644 4374 43.
662 4323 785 4373 4444444444
805 4322 828 4372 V
846 4347 874 4360 -
897 4323 1044 4388 latcllrpttot
1058 4324 1081 4373 V
1100 4352 1128 4362 -
1152 4324 1192 4376 44.
1211 4330 1301 4376 motor
1319 4335 1374 4374 om.
1392 4327 1404 4375 t
1421 4325 1462 4388 (44
1478 4329 1544 4376 orat.
1562 4327 1654 4375 arator
1669 4321 1747 4373 affert

420 4399 525 4460 Quintil.
543 4401 589 4461 lx,
608 4399 636 4462 3,
655 4399 693 4463 43]
707 4424 734 4434 -
752 4398 834 4462 sactus
849 4398 881 4448 444
897 4400 950 4449 mei
968 4398 1025 4462 (sed
1041 4411 1057 4448 4
1074 4403 1122 4460 cst,
1140 4398 1158 4450 h
1175 4401 1233 4462 stet:
1250 4401 1332 4464 444444
1349 4401 1368 4450 0
1386 4412 1448 4450 cum
1465 4400 1576 4452 Petrae.
1590 4425 1619 4436 -
1638 4397 1678 4448 40.
1692 4410 1746 4459 444-

419 4474 481 4525 blico
498 4475 532 4525 V:
549 4475 648 4537 publico
662 4473 748 4538 populi
765 4477 793 4525 a.
812 4475 863 4526 D0
882 4499 910 4512 -·
931 4475 1059 4525 mtoltoV
1078 4503 1105 4512 -
1124 4476 1239 4526 4444444444
1255 4478 1267 4525 4
1284 4501 1311 4511 -
1330 4475 1457 4526 hominm
1472 4475 1495 4524 V
1513 4501 1541 4512 -
1560 4475 1601 4526 46.
1619 4473 1746 4536 stupidum

418 4549 453 4599 V:
472 4550 574 4600 44444444
594 4551 631 4608 Ι);
653 4551 769 4602 stolidam
786 4552 821 4612 0,
844 4552 874 4601 ul
894 4552 1012 4602 Faernus
1033 4549 1098 4602 lalso
1121 4564 1153 4602 ex
1173 4551 1196 4602 V
1216 4548 1323 4601 rettulit.
1342 4577 1369 4586 -
1394 4551 1434 4602 l't.
1454 4555 1507 4602 4444
1522 4551 1568 4601 Vt:
1591 4554 1645 4601 44444
1664 4547 1745 4598 440444

420 4624 510 4674 V²DO
528 4650 555 4660 -
573 4625 655 4688 [444444
669 4627 746 4690 peccat
761 4639 776 4676 a
790 4653 817 4664 -
838 4626 878 4678 48.
896 4627 1012 4680 locutu
1027 4625 1091 4679 abt
1110 4652 1138 4664 -
1154 4627 1323 4691 4444444444
1338 4624 1375 4675 V:
1393 4624 1412 4689 4.
1430 4624 1499 4689 sm
1513 4626 1607 4677 DO-
1625 4623 1691 4675 4444444
1705 4621 1741 4672 V:

418 4712 472 4750 om.
491 4703 514 4760 t;
533 4706 616 4752 4444444
632 4702 700 4766 abg
717 4729 750 4740 -
766 4701 895 4753 4444444444
910 4703 932 4752 D
951 4700 978 4765 (b
995 4702 1120 4767 4444444444)
1135 4729 1162 4741 -
1182 4703 1239 4753 trit.
1254 4701 1332 4766 pletis
1346 4701 1481 4764 4444444444
1492 4701 1512 4752 0
1525 4700 1697 4766 interpunxit;
1715 4697 1743 4748 at

417 4786 443 4825 44.
462 4773 527 4825 Phil.
546 4777 577 4837 V,
597 4777 612 4841 ἓ
630 4777 671 4830 53.
690 4777 759 4839 Xlll,
778 4777 794 4841 g
812 4777 851 4828 33.
872 4803 900 4816 -
919 4777 960 4828 20.
978 4777 1158 4840 carptulcauoa
1174 4779 1185 4829 4
1202 4803 1229 4813 -
1247 4778 1368 4828 sermio
1383 4777 1482 4827 44444444
1497 4782 1520 4829 et
1535 4777 1610 4827 miols
1625 4789 1641 4826 4
1658 4800 1685 4811 -
1702 4785 1743 4824 ss-

416 4855 480 4900 44444
496 4848 616 4915 V¹hgt2
639 4856 755 4903 44444444
772 4847 832 4902 v²0
851 4879 879 4890 -
902 4853 943 4902 44.
961 4853 1094 4916 meteres
1109 4853 1132 4902 V
1147 4865 1201 4904 om.
1220 4864 1356 4917 praecum.
1376 4851 1422 4915 44.,
1443 4851 1516 4916 quod
1532 4849 1620 4902 firmat
1637 4848 1741 4901 cassius

417 4925 466 4976 Dio
482 4925 527 4986 44,
545 4927 569 4976 6.
587 4925 633 4987 48,
652 4926 693 4979 44.
712 4952 740 4964 -
767 4926 900 4977 lites-tuam
915 4929 976 4990 agl
993 4927 1192 4980 -’04444444444
1208 4925 1257 4978 Vh
1276 4927 1323 4992 (stc
1339 4927 1420 4978 etlam
1437 4925 1497 4978 cod.
1514 4925 1585 4978 Med.
1602 4926 1629 4976 in
1645 4936 1689 4989 ep.
1706 4920 1741 4974 ad

416 5001 488 5051 Fam.
505 5000 564 5063 xil,
583 5000 607 5063 3,
625 5001 649 5052 2.
667 5001 709 5064 43,
727 5001 765 5066 al:
789 5002 923 5053 0444444444
943 5004 1032 5066 aglo
1052 5031 1079 5042 —
1104 5001 1256 5055 4444444044
1276 5007 1300 5054 et
1321 5016 1394 5067 saepe
1410 5008 1433 5053 44
1448 5004 1505 5054 trus
1519 4997 1737 5061 44444444ωῶ444.

414 5081 523 5127 metra
538 5075 560 5126 V
573 5102 600 5112 —
619 5075 660 5127 2³.
679 5077 780 5140 4444444444·
796 5077 858 5127 V—
876 5076 917 5129 24,
935 5077 999 5128 clar.
1017 5079 1077 5143 404]
1092 5093 1147 5130 cru.
1161 5078 1184 5130 V
1196 5106 1224 5116 -
1243 5077 1303 5129 tort.
1315 5079 1348 5129 44
1363 5079 1429 5141 quod
1445 5071 1739 5141 crut--lropedlretrsrl

417 5178 444 5188 -
463 5151 504 5202 20.
517 5147 727 5202 serranum-ra
746 5152 756 5203 t
775 5179 801 5189 -
820 5153 908 5203 cotidie
918 5153 984 5218 Vgt
999 5155 1065 5218 (cett.
1079 5153 1102 5218 a)
1115 5183 1142 5191 -
1160 5153 1201 5206 26.
1213 5155 1331 5205 4444444444
1345 5155 1422 5205 tenos
1436 5153 1597 5218 4444444444
1607 5152 1630 5203 V
1642 5178 1669 5189 -
1686 5151 1738 5200 44444

415 5229 493 5278 om.t
511 5255 538 5266 -
557 5228 598 5280 28.
617 5227 702 5278 adlato
719 5228 761 5279 Vt
779 5255 807 5264 —
825 5233 848 5280 44
863 5229 950 5294 praere
966 5230 1000 5279 V:
1023 5231 1167 5296 cntsme
1187 5256 1214 5265 -·
1239 5228 1279 5281 34.
1295 5229 1417 5296 profectio
1433 5241 1487 5281 om.
1505 5242 1521 5280 a
1540 5254 1568 5266 -
1586 5228 1648 5294 post
1659 5224 1737 5290 pala-

415 5303 469 5354 4444
489 5302 571 5357 habet
589 5302 608 5356 b
625 5302 795 5367 4444444044
814 5303 895 5357 4444444
910 5304 1036 5369 idemque
1054 5307 1065 5358 t
1080 5306 1141 5357 ante
1155 5304 1282 5371 paludati.
