4009 6159
391 602 455 671 982
812 602 964 669 ORATIO
985 605 1065 670 PRO
1087 607 1121 672 P.
1142 604 1284 671 SESTIO

393 775 458 840 suis
479 775 600 840 civibus
623 772 762 837 damnati
783 778 878 856 atque
899 772 1042 857 expulsi,
1064 781 1183 849 tamen,
1205 774 1282 859 quia
1302 773 1385 837 bene
1407 779 1480 838 sunt
1502 773 1541 837 de
1555 774 1622 837 suia
1636 773 1716 837 civi-

393 868 507 932 tatibus
529 866 646 941 meriti,
667 873 755 929 tanta
774 865 872 930 bodie
894 867 993 949 gloria
1016 876 1091 932 sunt
1112 869 1230 931 nonin
1251 868 1384 931 Graecia
1404 868 1525 943 solum,
1547 868 1716 932 sedetiam

393 963 477 1046 apud
505 982 563 1025 nos
590 968 687 1045 atque
719 961 752 1023 in
782 960 895 1024 ceteris
926 962 1031 1037 terris,
1061 969 1097 1027 ut
1122 982 1193 1037 eos,
1219 963 1376 1045 aquibus
1398 962 1445 1025 illi
1466 963 1610 1045 oppressi
1631 970 1716 1037 sunt,

393 1076 485 1119 nemo
514 1056 672 1130 nominet,
702 1054 815 1118 borum
846 1054 1053 1120 calamitatem
1075 1056 1283 1121 dominationi
1304 1056 1431 1121 illorum
1453 1078 1562 1122 omnes
1583 1064 1718 1142 antepo-

368 1157 477 1214 nnant.
511 1150 589 1227 Quis
611 1148 920 1232 Karthaginiensium
942 1150 1042 1232 pluris
1063 1151 1122 1214 fuit
1135 1149 1290 1214 Annibale
1305 1152 1453 1226 oonsilio,
1475 1153 1597 1226 virtute,
1619 1152 1716 1215 rebus

392 1244 504 1327 gestis,
527 1244 583 1328 qui
603 1264 686 1309 unus
708 1264 778 1307 cum
801 1249 849 1308 tot
868 1243 1111 1326 imperatoribus
1133 1245 1248 1308 nostris
1269 1264 1327 1327 per
1347 1251 1395 1309 tot
1411 1265 1511 1309 annos
1527 1246 1566 1309 de
1580 1248 1717 1329 imperio

393 1346 424 1401 et
445 1337 484 1402 de
506 1337 606 1421 gloria
628 1337 821 1401 decertavit?
852 1336 945 1399 Hunc
968 1338 1018 1400 sui
1040 1339 1124 1401 cives
1146 1358 1164 1402 e
1186 1337 1313 1401 civitate
1335 1338 1511 1402 eiecerunt:
1539 1360 1598 1405 nos
1620 1340 1717 1404 etiam

280 1448 284 1458 ·
391 1431 514 1496 bostem
535 1432 649 1495 litteris
671 1429 787 1493 nostris
810 1436 843 1493 et
864 1430 1015 1493 memoria
1037 1430 1181 1495 videmus
1203 1452 1274 1495 esse
1288 1430 1489 1496 celebratum.
1522 1430 1593 1497 443.
1610 1435 1718 1512 Quare

391 1527 550 1592 imitemur
570 1533 695 1590 nostros
717 1526 847 1599 Brutos,
876 1524 1042 1600 Camillos,
1070 1526 1202 1600 Abalus,
1230 1526 1358 1601 Decios,
1388 1526 1517 1604 Curios,
1545 1529 1717 1604 Fabricios,

355 1622 565 1697 roblaximos,
588 1620 771 1703 Scipiones,
792 1619 963 1694 Lentulos,
986 1621 1156 1696 Aemilios,
1178 1620 1424 1683 innumerabiles
1439 1621 1536 1697 alios,
1558 1623 1614 1707 qui
1633 1621 1718 1686 banc

391 1734 457 1777 rem
479 1715 637 1798 publicam
660 1713 892 1777 stabiliverunt:
916 1732 996 1797 quos
1012 1716 1160 1799 equidem
1174 1717 1206 1778 in
1229 1714 1361 1778 deorum
1382 1714 1608 1780 immortalium
1623 1724 1717 1781 coetu

391 1830 429 1873 aa
461 1829 593 1873 numero
620 1827 751 1890 repono.
794 1809 943 1871 Amemus
965 1810 1117 1892 patriam,
1149 1830 1315 1892 pareamus
1336 1811 1479 1885 senatui,
1512 1811 1717 1876 consulamus

390 1904 497 1967 bouis:
520 1909 704 1987 praesentes
725 1900 845 1965 fructus
867 1902 1079 1985 negligamus,
1107 1904 1300 1986 posteritatis
1323 1904 1440 1987 gloriae
1462 1906 1652 1969 serviemus:
1680 1904 1715 1965 id

391 2016 461 2059 esse
483 1997 634 2081 optimum
655 2001 819 2078 putemus,
844 1995 929 2079 quod
953 1995 1012 2058 erit
1032 1998 1258 2061 rectissimum:
1280 2018 1443 2080 speremus
1458 2018 1540 2083 quae
1557 1998 1715 2073 volumus,

355 2089 448 2155 cased
469 2089 558 2173 quod
579 2090 728 2153 acciderit
747 2088 902 2152 feramus:
918 2088 1269 2175 (cogitemusidenique
1290 2112 1405 2175 carpus
1427 2095 1564 2157 virorum
1584 2092 1716 2157 fortium

392 2203 641 2267 magnorumque
662 2184 823 2248 bominum
846 2203 917 2247 esse
938 2184 1205 2259 mortale,tanimi
1226 2206 1300 2249 vero
1322 2194 1426 2249 motus
1449 2194 1481 2249 et
1501 2186 1623 2251 virmtis
1645 2186 1714 2269 glo-

390 2279 470 2341 riam
492 2274 738 2363 sempitegnaml
754 2298 859 2362 neque
881 2278 963 2342 banc
986 2279 1171 2360 opinionem
1194 2280 1221 2341 si
1242 2280 1275 2342 in
1295 2279 1350 2344 illo
1366 2280 1563 2343 sanctissimo
1577 2278 1715 2343 Hercule

393 2380 608 2435 consecratam
630 2372 789 2447 videmus,
811 2372 901 2435 auius
923 2392 1056 2454 corpore
1077 2372 1222 2436 ambusto
1237 2375 1334 2438 vitam
1355 2374 1425 2437 eius
1440 2374 1634 2436 etvirtutem
1655 2372 1715 2435 im-

392 2465 565 2529 mortalitas
588 2466 752 2548 excepisse
775 2464 913 2540 dicatur,
943 2467 1049 2528 minus
1077 2468 1293 2530 existimemus
1315 2486 1387 2542 eos,
1416 2468 1472 2550 qui
1491 2467 1574 2529 banc
1595 2472 1714 2530 mutam

355 2578 458 2627 sorem
486 2560 645 2644 publicam
676 2559 743 2623 suis
771 2558 912 2622 consiliis
940 2567 996 2623 aut
1015 2560 1177 2623 laboribus
1199 2567 1253 2624 aut
1274 2560 1422 2625 auxerint
1441 2566 1497 2624 aut
1517 2559 1715 2623 defenderint

392 2662 446 2718 aut
466 2655 636 2729 servarint,
663 2674 733 2717 esse
755 2654 963 2717 immortalem
986 2654 1118 2737 gloriam
1140 2662 1338 2719 consecutos.

474 2748 587 2811 uxlx.
611 2743 682 2812 tel.
705 2747 768 2811 Sed
791 2766 841 2810 me
862 2755 1010 2830 repente,
1039 2748 1178 2823 iudices,
1202 2747 1241 2812 de
1262 2749 1504 2812 fortissimorum
1526 2752 1558 2810 et
1578 2745 1714 2809 clarissi-

391 2862 513 2907 morum
535 2842 652 2906 civium
674 2841 826 2926 dignitate
849 2848 881 2905 et
903 2842 1003 2925 gloria
1024 2844 1179 2906 dicentem
1202 2851 1235 2906 ct
1255 2844 1346 2926 plura
1368 2844 1464 2906 etiam
1481 2840 1586 2903 dicere
1601 2859 1713 2923 paran-

391 2945 455 3003 tem
476 2938 589 3001 borum
611 2936 780 3020 adspectus
801 2936 835 2998 in
855 2936 925 3019 ipso
940 2957 1034 3001 cursu
1050 2938 1201 3001 orationis
1214 2938 1373 3021 repressit.
1395 2936 1497 2999 Video
1517 2936 1550 2997 P.
1566 2933 1711 3010 Sestium,

249 3022 266 3088 Γ
354 3052 481 3106 mmeae
508 3032 637 3107 salutis,
667 3038 790 3095 vacuae
818 3031 1029 3108 auctoritatis,
1057 3032 1203 3115 publicae
1225 3051 1337 3095 causae
1358 3030 1572 3120 delemarem,
1593 3048 1711 3113 propu-

245 3101 268 3135 ”’
355 3130 366 3224 j
391 3136 569 3211 gustarem,
599 3132 755 3213 actorem,
783 3144 891 3200 reum;
921 3126 1015 3188 video
1044 3126 1128 3189 bunc
1149 3134 1378 3209 praetextatum
1399 3126 1468 3189 eius
1488 3122 1588 3189 lilium
1610 3124 1709 3187 oeulis

352 3230 358 3293 l
391 3212 627 3285 lacrimantibus
650 3241 700 3283 me
721 3212 915 3296 intuentem
936 3220 1031 3283 rideo
1050 3220 1217 3295 blilonem,
1239 3220 1395 3308 vindmem
1410 3226 1532 3284 vestrae
1545 3218 1710 3292 libertatis,

391 3313 555 3379 custodem
582 3314 692 3377 salutis
721 3333 826 3388 meae,
856 3313 1032 3400 subsidium
1060 3313 1194 3377 afflictae
1219 3315 1266 3377 rei
1296 3314 1458 3397 publicae,
1488 3314 1709 3376 exstinctorem

391 3408 557 3474 domestici
580 3406 756 3481 latrocinii,
778 3426 991 3490 repressorem
1011 3407 1115 3471 caedis
1130 3408 1343 3490 quotidianae,
1365 3407 1565 3471 defensorem
1578 3406 1711 3488 templo-

353 3522 460 3569 sorum
482 3509 579 3585 atque
600 3507 777 3576 tectorum,
798 3501 992 3584 praesidium
1014 3502 1135 3576 curiae,
1165 3501 1359 3565 sordidatum
1382 3510 1415 3565 et
1435 3522 1541 3578 reum3
1563 3501 1656 3565 rideo
1677 3502 1709 3563 P.

391 3594 576 3669 Lentulum,
606 3595 695 3659 auius
718 3614 776 3676 ego
803 3603 925 3678 patrem
947 3593 1041 3658 deum
1062 3616 1098 3658 ac
1120 3604 1282 3677 parentem
1304 3603 1408 3660 statuo
1429 3595 1575 3660 fortunae
1596 3615 1633 3659 ac
1654 3616 1738 3685 ¹¹⁰·,

391 3688 485 3752 minis
508 3689 568 3751 mei
592 3695 624 3751 et
643 3687 749 3751 fratris
770 3706 941 3773 rerumque
961 3696 1157 3763 nostrarum,
1178 3690 1212 3752 in
1232 3691 1294 3753 boc
1307 3691 1422 3754 misero
1436 3688 1584 3773 squalore
1598 3696 1630 3752 et
1644 3708 1711 3752 sor-

392 3782 499 3845 dibus:
530 3783 580 3847 eui
608 3781 753 3866 superior
784 3801 885 3845 annus
912 3781 998 3845 idem
1020 3791 1052 3845 et
1073 3783 1195 3846 virilem
1216 3786 1313 3868 patris
1335 3793 1366 3848 et
1387 3787 1580 3868 praetextam
1601 3782 1711 3867 populi

390 3876 509 3941 iudicio
531 3885 638 3960 togam
660 3875 800 3951 dederit,
825 3875 912 3939 bunc
933 3876 993 3940 boc
1015 3896 1099 3939 anno
1121 3877 1154 3939 in
1175 3876 1235 3940 bac
1256 3886 1329 3961 toga
1350 3877 1522 3961 rogationis
1543 3875 1711 3939 iniustissi-

249 3964 254 3980 ’
354 3989 461 4040 mmae
482 3970 618 4035 subitam
638 3970 840 4036 acerbitatem
861 3990 921 4055 pro
942 3977 1043 4054 patre,
1063 3970 1236 4035 fortissimo
1258 3979 1290 4036 et
1303 3971 1476 4036 clarissimo
1497 3970 1577 4071 aire,
1598 3970 1709 4055 depre-

457 4326 481 4377 3.
499 4330 556 4375 seat
572 4326 601 4375 S:
624 4324 673 4375 sint
694 4326 753 4376 PG.
778 4323 815 4375 Cl.
834 4324 962 4376 Weseub.
980 4339 1008 4391 p.
1028 4327 1068 4377 68.
1088 4352 1116 4363 -·
1139 4328 1163 4377 t.
1182 4326 1416 4391 carthaginiensem
1431 4330 1481 4380 PG
1498 4354 1524 4366 -
1546 4331 1665 4384 Annibale
1680 4337 1710 4387 Ρι

391 4403 419 4453 et
434 4402 577 4453 Arusianus
595 4401 629 4465 (p.
647 4400 695 4453 uta
712 4399 811 4465 blnd.):
830 4400 969 4452 Hannibale
984 4403 1085 4461 Pado,
1105 4400 1138 4451 af.
1154 4403 1267 4453 0.1ehn.
1281 4401 1315 4452 ad
1333 4400 1437 4454 Florum
1453 4404 1631 4469 p.xxx11.-
1650 4410 1675 4460 7.
1687 4416 1711 4462 et

389 4477 473 4542 ebria
490 4478 511 4526 G
528 4502 555 4512 -
574 4476 820 4526 tsnc--etecernat
836 4476 1047 4540 (nemancos.)
1064 4477 1147 4529 babet
1162 4480 1184 4530 A
1202 4505 1229 4515 -
1248 4492 1293 4530 aar
1308 4480 1384 4530 etiam
1399 4483 1419 4533 P
1432 4506 1459 4517 -
1479 4482 1503 4532 9.
1519 4483 1634 4547 sermm
1649 4489 1711 4539 Ρ-

391 4552 430 4603 43.
446 4550 584 4613 praesentis
598 4550 632 4613 fr.
645 4550 803 4615 malecautus
818 4554 869 4602 PG
886 4579 913 4589 -
933 4551 973 4603 ll.
992 4558 1119 4615 optraaam
1135 4556 1195 4604 G-
1213 4554 1327 4605 volcmar
1341 4556 1383 4606 sed
1400 4557 1465 4619 qaod
1481 4560 1500 4609 P
1516 4560 1611 4624 partim
1628 4561 1654 4610 ln
1670 4575 1711 4611 ra-

389 4638 452 4677 sura
469 4625 565 4691 parum
581 4638 641 4690 sup.
660 4624 704 4676 lin.
723 4625 805 4684 babet
822 4640 837 4676 s
855 4637 890 4675 m.
904 4628 934 4687 23
952 4628 994 4678 sed
1010 4641 1063 4678 om.
1078 4630 1098 4679 G
1114 4656 1147 4666 -
1163 4630 1204 4680 td.
1222 4643 1420 4694 mapaonnrqae
1435 4633 1467 4681 S:
1484 4646 1635 4698 mapnorrna
1650 4638 1708 4700 PG,

390 4699 431 4751 alii
449 4698 514 4750 dett.
533 4724 561 4734 -
580 4701 620 4751 49.
639 4702 738 4751 decim
757 4702 820 4754 Pu:
846 4702 937 4752 dicim
959 4703 1017 4762 SO;
1041 4703 1074 4754 ct.
1093 4704 1178 4756 Madv.
1197 4718 1223 4770 p.
1242 4707 1299 4757 506.
1318 4732 1346 4743 -
1369 4708 1410 4759 20.
1428 4713 1473 4758 aar
1493 4708 1542 4760 tab.
1561 4709 1656 4762 codd:
1679 4725 1710 4764 ac

389 4776 438 4827 lab.
457 4776 477 4825 0
497 4801 524 4811 -
546 4780 591 4825 aut
612 4781 740 4827 armnaat
755 4781 801 4827 aut
816 4776 975 4841 defoederant
991 4782 1037 4828 aet
1052 4784 1184 4829 serenant
1200 4779 1259 4830 cod.
1277 4780 1382 4843 bamb„
1400 4781 1471 4846 quod
1488 4784 1615 4836 Wesenb.
1633 4800 1660 4852 p.
1678 4787 1710 4838 68

388 4850 518 4920 praefert,
543 4851 615 4915 quod
632 4851 685 4902 Cic.
704 4852 731 4903 in
748 4852 805 4902 eius
827 4851 899 4903 modi
922 4853 1070 4919 periphrasi
1086 4854 1227 4905 indicativo
1243 4856 1281 4906 uti
1298 4854 1390 4907 soleat.
1409 4884 1436 4893 -
1458 4859 1499 4909 tt.
1517 4861 1673 4913 inportatam
1688 4864 1710 4912 G

390 4953 417 4964 -
435 4930 608 4978 commutares
623 4926 684 4977 Ι.-
702 4925 743 4978 il.
762 4931 875 4988 mpecau
891 4930 979 4978 PG-
998 4930 1039 4979 25.
1054 4929 1153 4992 pabdce
1168 4933 1187 4981 P
1202 4956 1230 4965 -
1248 4932 1411 4983 uaccam
1426 4937 1459 4985 P:
1477 4937 1706 4987 ammendo-

388 5004 430 5055 st.
448 5000 644 5053 domanam
659 5004 679 5053 P
697 5028 724 5039 -
743 5007 844 5053 nostrae
860 5003 880 5054 L
898 5028 925 5038 -
947 5004 987 5055 28.
1007 5005 1156 5069 detumet>
1175 5032 1202 5041 -
1221 5005 1382 5057 wtincmrem
1397 5011 1447 5059 PG
1465 5036 1492 5045 -
1510 5008 1551 5059 29.
1570 5012 1710 5063 medianae

388 5080 461 5132 PG1:
480 5076 609 5127 clodianae
626 5080 657 5128 θ’
674 5104 696 5113 -
716 5076 756 5128 32.
774 5077 823 5127 mei
838 5082 862 5128 et
876 5079 966 5142 [ratris
982 5092 1114 5143 remosque
1129 5084 1273 5131 necaonem
1284 5082 1313 5131 s:
1331 5083 1380 5133 mei
1394 5084 1484 5148 fram
1496 5098 1629 5149 comaque
1639 5088 1707 5153 (sup.

388 5168 416 5206 eo
433 5152 512 5217 este)
529 5156 671 5203 nasaniam
687 5152 720 5213 P,
747 5152 810 5202 item
832 5153 865 5215 G,
893 5152 941 5204 sed
962 5155 1006 5206 hie
1024 5155 1114 5219 fratris
1133 5156 1181 5205 mei
1204 5182 1231 5192 —
1258 5156 1297 5206 33.
1315 5158 1357 5208 eat
1372 5184 1408 5197 -·
1425 5160 1518 5212 dedait
1537 5162 1620 5213 habet
1637 5166 1658 5214 A
1677 5189 1705 5200 -

388 5228 429 5281 al.
446 5230 494 5281 boc
509 5234 593 5293 togam
616 5226 671 5293 (litt.
689 5240 716 5278 ra
732 5226 872 5294 expuncta)
889 5230 910 5280 P
932 5254 959 5267 -
983 5231 1168 5299 rogationis·-
1180 5230 1262 5289 acab.
1284 5232 1367 5287 babet
1385 5237 1408 5291 A
1428 5261 1458 5273 -
1484 5236 1526 5292 35.
1543 5236 1642 5288 maara
1661 5234 1702 5299 P¹;

386 5302 460 5359 subiit
471 5304 535 5371 (illl
553 5332 580 5343 -
598 5302 759 5355 acervitatem
775 5306 803 5359 P.
