4009 6159
413 525 477 594 eoo
799 533 852 596 DE
874 531 1133 599 HARUSPICUM
1152 531 1370 598 BESPONSIS

415 709 522 767 tentus
544 703 586 767 sit
606 702 644 767 iis
666 701 854 778 sceleribus,
877 721 960 786 quac
977 702 1148 794 commisit,
1172 721 1243 767 esse
1257 722 1291 766 ss
1305 702 1368 766 iarn
1382 707 1600 766 consecratum
1613 701 1735 777 Miloni,

416 795 444 859 si
469 796 555 879 quod
579 797 613 860 in
638 815 688 860 me
711 796 808 860 telum
830 795 1016 871 intenderit,
1038 799 1143 862 statim
1165 818 1215 862 ma
1238 816 1308 861 esse
1329 803 1524 880 arrepturum
1544 816 1632 860 arma
1652 797 1736 861 iudi·

415 890 537 956 ciorum
558 899 653 975 atque
675 889 791 974 legum.

500 981 530 1046 8.
550 986 655 1068 Atque
676 986 771 1068 paulo
793 993 881 1062 ante,
904 994 1010 1069 patres
1032 987 1217 1069 conscripti,
1239 987 1418 1049 contionem
1435 985 1561 1060 habuit,
1583 1004 1666 1068 quae
1688 993 1738 1049 est

392 1078 455 1144 aad
477 1098 528 1141 ma
549 1085 614 1144 tota
635 1077 755 1143 delata:
778 1081 868 1144 cuius
890 1081 1048 1145 contionis
1069 1083 1206 1164 primum
1227 1081 1410 1144 universum
1426 1086 1644 1163 argumentum
1665 1099 1737 1142 sen-

414 1173 608 1254 tentiamque
635 1175 751 1238 audite.
789 1175 866 1238 Cum
892 1177 1025 1240 riseritis
1053 1174 1281 1259 impudentiam
1310 1173 1467 1250 hominis,
1495 1182 1562 1238 tum
1583 1194 1603 1236 a
1623 1193 1674 1236 me
1695 1175 1737 1238 de

415 1273 481 1331 tota
501 1266 650 1331 contione
670 1267 817 1333 audietis.
858 1271 895 1334 V.
910 1271 956 1333 De
979 1270 1184 1354 religionibus
1210 1270 1308 1333 sacris
1330 1277 1362 1332 et
1383 1268 1583 1332 caerimoniis
1598 1277 1647 1330 est
1660 1289 1738 1332 con·

416 1361 569 1435 tionatus,
591 1369 696 1444 patres
718 1365 904 1447 conscripti,
929 1363 1078 1426 Clodius:
1100 1365 1133 1426 P.
1148 1364 1278 1447 inquam
1301 1363 1432 1426 Clodius
1453 1382 1543 1426 sacra
1556 1369 1589 1426 et
1609 1362 1739 1445 religio·

414 1473 471 1518 nes
493 1455 630 1538 negligi,
651 1457 781 1532 violari,
803 1457 904 1539 pollui
928 1465 1059 1541 questus
1081 1465 1139 1521 est.
1174 1460 1243 1521 Non
1265 1459 1395 1532 mirum,
1422 1459 1449 1520 si
1469 1457 1530 1520 hoo
1551 1457 1642 1520 vobis
1662 1456 1739 1520 ridi-

316 1559 318 1562 ’
378 1549 520 1614 loculum
541 1549 679 1614 ridetur:
703 1552 797 1615 etiam
820 1572 877 1616 sua
899 1553 1008 1616 contio
1031 1553 1101 1616 risit
1120 1552 1297 1628 hominem,
1319 1573 1383 1635 quo
1404 1551 1498 1614 modo
1519 1552 1588 1632 ipse
1610 1550 1739 1633 gloriari

416 1643 513 1719 solet,
537 1644 680 1708 ducentis
702 1645 863 1709 confixum
885 1645 985 1710 senati
1008 1646 1179 1721 consultis,
1201 1665 1283 1730 quae
1306 1653 1382 1710 sunt
1395 1645 1503 1710 omnia
1517 1652 1627 1708 eontm
1648 1644 1740 1707 illum

415 1758 473 1820 pro
495 1738 703 1822 religionibus
724 1739 822 1815 iacta,
849 1740 1074 1824 hominemque
1096 1760 1186 1814 eum,
1209 1741 1265 1823 qui
1291 1739 1509 1823 pulvinaribus
1531 1741 1637 1803 bonae
1659 1739 1740 1803 deae

416 1837 559 1914 stuprum
580 1832 724 1898 intulerit
744 1854 846 1918 eaque
868 1853 974 1910 sacra,
1008 1853 1091 1919 quae
1115 1834 1173 1897 viri
1195 1834 1295 1898 oculis
1315 1855 1356 1898 ne
1378 1834 1588 1919 imprudentis
1609 1835 1740 1917 quidam

415 1922 537 2006 adspici
559 1924 606 1990 ias
629 1935 693 2002 est,
714 1947 779 1991 non
801 1926 904 1992 solum
926 1928 1081 2012 adspectu
1094 1927 1189 2003 virili,
1212 1927 1270 1991 sed
1284 1929 1404 2012 llsgitio
1418 1934 1591 2012 stuproque
1605 1928 1739 2003 violarit,

379 2017 449 2085 sain
471 2019 619 2082 contione
641 2020 680 2085 de
702 2022 909 2106 religionibus
931 2024 1084 2106 neglectis
1105 2024 1268 2106 conqueri.
1304 2020 1334 2084 9.
1356 2023 1469 2106 ltaque
1490 2043 1575 2086 nunc
1595 2023 1741 2104 proxima

416 2111 522 2174 contio
544 2112 613 2177 eius
634 2124 835 2199 exspectatur
856 2118 895 2179 de
917 2117 1078 2200 pudicitia.
1109 2116 1194 2193 Quid
1216 2116 1302 2180 enim
1316 2117 1465 2190 interest,
1487 2123 1593 2180 utrum
1606 2117 1647 2180 ab
1661 2116 1742 2179 alta·

416 2204 504 2268 ribus
527 2206 774 2291 religiosissimis
795 2211 923 2294 fugatus
944 2211 984 2274 de
1006 2213 1103 2276 saeris
1126 2219 1158 2274 et
1177 2210 1384 2293 religionibus
1398 2220 1622 2294 conqueratur,
1644 2233 1684 2277 an
1699 2232 1754 2275 ex·

417 2318 563 2362 sororum
585 2303 731 2368 cubiculo
752 2325 897 2388 egressus
911 2307 1064 2390 pudorem
1080 2306 1328 2389 pudicitiamque
1343 2303 1512 2368 defendat?
1543 2307 1741 2390 Responsum

417 2393 620 2478 haruspicum
640 2396 701 2462 hoc
722 2419 832 2463 recens
853 2399 893 2463 de
915 2399 1042 2463 fremitu
1064 2399 1097 2461 in
1112 2399 1261 2463 contione
1275 2399 1434 2473 recitarit,
1455 2400 1488 2461 in
1503 2420 1568 2483 quo
1584 2421 1656 2464 cum
1670 2402 1741 2466 aliis

381 2487 527 2552 somultis
549 2490 700 2573 scriptum
722 2493 817 2557 etiam
839 2495 919 2558 illud
942 2501 1007 2568 est,
1030 2494 1064 2556 id
1086 2493 1175 2577 quod
1196 2491 1347 2568 audistis,
1369 2513 1451 2556 soce
1472 2513 1569 2558 secus
1590 2517 1633 2559 nr
1653 2518 1743 2561 nans-

420 2602 511 2648 ososs
532 2601 676 2650 raesens
699 2605 828 2652 nassas.
872 2590 908 2652 ln
930 2608 968 2652 ea
989 2606 1086 2650 causa
1108 2607 1178 2650 esse
1201 2587 1280 2650 dixit
1302 2586 1427 2650 domum
1445 2607 1561 2663 meam,
1583 2589 1743 2672 areligic·

419 2677 544 2744 sissimo
571 2679 749 2755 sacerdote,
780 2683 813 2744 P.
842 2682 969 2756 Clodio,
1003 2688 1229 2745 consecratam.
1274 2675 1324 2742 lo.
1347 2681 1477 2744 Gaudeo
1506 2683 1585 2746 mihi
1613 2684 1653 2747 de
1675 2693 1742 2749 toto

419 2772 480 2836 hoc
501 2779 642 2848 ostento,
665 2774 753 2859 quod
774 2767 860 2840 haud
882 2776 947 2840 scio
971 2796 1011 2839 an
1027 2777 1246 2858 gravissimum
1260 2774 1368 2838 multis
1381 2774 1433 2838 his
1447 2778 1537 2839 annis
1550 2776 1625 2841 huic
1639 2778 1743 2842 ordini

420 2867 597 2932 nundatum
619 2870 678 2944 sit,
708 2870 812 2935 datam
835 2891 900 2934 non
922 2871 1018 2934 modo
1040 2870 1172 2945 iustum,
1194 2870 1250 2932 sed
1272 2869 1367 2932 stiam
1388 2872 1596 2934 necessariam
1617 2891 1743 2936 cauum

382 2977 491 3027 abesse
513 2962 650 3028 dicendi.
688 2965 863 3048 Reperietis
886 2965 970 3029 enim
993 2984 1033 3028 ax
1054 2964 1115 3028 hoo
1135 2972 1201 3027 toto
1224 2962 1370 3046 prodigio
1392 2971 1488 3048 atque
1509 2985 1662 3048 responso
1683 2988 1743 3030 nos

421 3057 460 3121 de
482 3055 573 3120 istius
594 3059 714 3123 scelere
735 3079 772 3122 ac
792 3058 898 3123 lurore
920 3078 957 3124 cc
978 3059 1019 3122 de
1040 3058 1299 3142 impendentibus
1320 3058 1469 3140 periculis
1484 3061 1629 3124 maximis
1643 3051 1744 3146 propa

420 3153 484 3216 iam
512 3171 590 3217 vocs
624 3154 708 3218 loris
737 3154 847 3238 optimi
875 3153 1007 3217 maximi
1034 3153 1224 3236 promoueri.
1268 3147 1318 3213 il.
1348 3152 1412 3216 Sed
1440 3152 1576 3237 primum
1607 3155 1743 3237 expiabo

420 3246 606 3330 religionem
627 3248 754 3313 aedium
775 3269 933 3322 mearum,
962 3249 988 3311 si
1011 3246 1045 3309 id
1070 3245 1174 3310 iacere
1196 3265 1271 3310 aare
1292 3265 1330 3309 ac
1351 3246 1421 3310 sine
1443 3247 1631 3331 cuiusquam
1653 3249 1745 3311 dubi·

420 3341 540 3405 tatione
562 3348 689 3424 potero:
719 3343 769 3406 sin
791 3342 947 3425 scripulus
969 3341 1173 3405 tenuissimus
1193 3341 1333 3404 residere
1354 3339 1471 3424 aliquis
1488 3341 1655 3417 ridebitur,
1676 3362 1742 3405 non

384 3434 517 3498 eomodo
545 3437 691 3519 patienti,
722 3437 777 3500 sed
804 3437 898 3500 etiam
927 3436 1038 3500 libenti
1066 3437 1172 3499 animo
1192 3433 1346 3518 portentis
1368 3433 1498 3499 deorum
1518 3436 1742 3500 immortalium

421 3530 634 3614 religionique
655 3531 783 3614 parebo.

507 3624 559 3686 Vl.
581 3624 645 3687 Sed
667 3644 748 3708 quae
770 3625 897 3688 tandem
919 3631 967 3688 est
987 3625 1022 3686 in
1038 3624 1098 3687 hac
1112 3623 1189 3687 urbe
1203 3631 1290 3688 tanta
1305 3623 1417 3687 domus
1431 3624 1471 3687 ab
1486 3624 1547 3688 ista
1561 3627 1744 3710 suspicione

422 3717 583 3801 religionis
612 3726 676 3782 tam
703 3739 803 3782 vacua
830 3727 925 3802 atque
948 3721 1052 3802 pura?
1097 3717 1297 3802 Quamquam
1325 3725 1449 3782 vestrae
1476 3717 1606 3796 domus,
1641 3728 1745 3803 patres

423 3812 608 3895 conscripti,
641 3820 880 3897 ceterorumque
912 3814 1028 3876 civium
1057 3813 1323 3876 multo-maxima
1352 3833 1392 3875 ex
1421 3821 1510 3895 parte
1531 3822 1606 3876 sunt
1625 3813 1744 3877 liberae

385 3906 592 3990 ttreligione,
621 3913 727 3970 tamen
748 3926 812 3970 una
833 3926 904 3970 mea
927 3905 1039 3971 domus
1061 3907 1188 3971 iudiciis
1210 3907 1357 3970 omnibus
1377 3907 1509 3970 liberata
1529 3907 1566 3969 in
1585 3907 1646 3972 hac
1666 3908 1744 3972 urbe

423 3999 492 4065 sola
513 4007 570 4064 est.
599 4003 644 4064 Te
667 4001 752 4065 anim
772 4000 909 4083 appello,
924 4000 1068 4078 Lentule,
1083 4010 1115 4065 et
1128 4010 1171 4076 te,
1193 4001 1339 4085 Philippa
1352 4035 1395 4048 -
1409 4022 1451 4065 ex
1464 4002 1526 4065 hoc
1540 4002 1745 4086 haruspicum

423 4114 576 4177 responso
598 4095 737 4159 decrevit
758 4102 902 4169 senatus,
925 4101 961 4158 ut
982 4096 1022 4158 de
1044 4096 1122 4159 locis
1143 4095 1242 4160 sacris
1262 4095 1418 4178 religiosis
1440 4096 1481 4158 ad
1501 4096 1587 4160 hunc
1603 4098 1745 4160 ordinem

732 4247 1332 4255 m...-.----.n-

490 4349 513 4399 4.
532 4347 570 4413 iis]
588 4349 610 4399 is
625 4344 654 4400 Ρι
673 4375 700 4384 -
719 4359 769 4397 essa
784 4359 809 4397 sa
826 4347 877 4396 mm
894 4359 957 4398 nos:
976 4359 1026 4397 asse
1041 4347 1095 4396 iam
1111 4347 1145 4406 (23
1163 4347 1216 4396 iam
1232 4360 1258 4396 sa
1272 4359 1323 4397 essa
1339 4348 1359 4396 0
1378 4372 1405 4381 —
1424 4347 1449 4396 2.
1467 4347 1494 4395 ic
1509 4347 1632 4398 mulium
1648 4349 1697 4398 GE
1717 4375 1744 4384 -

424 4422 448 4474 l.
467 4428 542 4484 atqua
559 4424 592 4473 C:
609 4423 684 4486 Atqui
700 4423 720 4473 Ο
739 4448 767 4458 -
783 4422 862 4484 paulo
878 4424 943 4472 PG:
965 4422 1054 4484 psallo
1070 4422 1091 4472 0
1109 4448 1136 4456 -
1158 4424 1295 4472 cautiones
1311 4422 1409 4473 PGM:
1433 4423 1576 4472 coscioaem
1592 4425 1612 4474 0
1630 4424 1702 4486 (item
1719 4437 1744 4473 v.

424 4499 449 4548 b.
462 4497 496 4560 Ἰ.)
512 4523 538 4533 -
557 4497 582 4548 7.
599 4499 645 4549 rat.
658 4504 682 4550 et
697 4499 776 4550 sacris
791 4512 859 4548 caer.
873 4499 1072 4548 Mommsenius.
1088 4525 1115 4534 -
1134 4498 1159 4548 9.
1176 4498 1272 4562 capaci
1282 4499 1331 4549 PG
1345 4525 1372 4534 -
1393 4499 1434 4547 so.
1447 4500 1528 4548 coctio
1544 4501 1579 4549 G:
1597 4499 1683 4549 cando
1698 4499 1747 4548 Po

427 4600 454 4610 -
473 4575 514 4624 44.
525 4576 606 4625 sanati
623 4576 660 4626 .G.
678 4587 743 4636 qaae
758 4577 777 4626 P
794 4575 931 4638 (punctum
948 4575 1009 4623 ante
1026 4571 1140 4623 litteram
1157 4573 1177 4623 0
1192 4575 1234 4622 est
1249 4574 1276 4622 in
1292 4585 1374 4636 parva
1391 4572 1506 4635 rasuralz
1524 4579 1624 4624 sisaim
1632 4573 1749 4624 canadas

425 4650 623 4711 possessio.
642 4649 681 4702 Ct.
694 4663 720 4715 p.
734 4651 791 4711 407,
804 4651 845 4700 29.
864 4649 920 4710 940,
934 4649 974 4700 li.
988 4673 1016 4684 -
1036 4649 1076 4698 42.
1089 4648 1141 4712 qai]
1158 4649 1243 4712 ᾳιωΡ1
1258 4675 1284 4684 -
1305 4648 1344 4697 43,
1362 4648 1517 4710 inprudentis
1532 4652 1593 4700 P-
1612 4650 1651 4700 44.
1662 4649 1748 4713 aspici

424 4730 574 4787 --aspscta
588 4727 638 4777 PG
657 4749 683 4762 -
704 4726 744 4775 43.
761 4725 875 4776 coctione
889 4725 951 4776 PG:
969 4724 1086 4773 cosscioaa
1102 4723 1136 4783 03
1157 4724 1221 4773 item
1237 4737 1264 4772 v.
1283 4723 1323 4772 46.
1341 4723 1382 4772 49.
1402 4749 1430 4758 -
1448 4725 1749 4789 immanissimorum

425 4803 460 4860 ῦς
479 4813 584 4850 suanm
598 4813 714 4851 sororum
731 4799 857 4852 Halmius.
871 4825 898 4835 —
918 4800 957 4849 49.
976 4798 1121 4860 aruspiasn
1136 4799 1203 4857 Pht,
1221 4797 1383 4858 aunupicasn
1395 4797 1424 4847 E.
1442 4798 1481 4848 Da
1497 4799 1684 4863 orthographia
1700 4798 1750 4847 hu-

425 4876 467 4927 ius
483 4875 569 4936 vocis,
591 4876 619 4926 in
640 4887 692 4939 qua
709 4887 743 4925 ne
763 4875 855 4938 optimi
875 4873 984 4937 quidam
1002 4872 1109 4924 codices
1125 4872 1174 4923 sibi
1192 4875 1326 4932 constant,
1349 4873 1418 4923 cont.
1436 4873 1563 4924 sutrachi
1577 4873 1712 4936 Zdtscbiist
1726 4874 1746 4936 s.

423 4950 502 5015 carpi.
520 4950 750 5014 Spracbsoracbaap
766 4951 812 5010 lli,
831 4963 857 5014 p.
872 4947 919 5002 494
936 4961 996 5013 sqq.
1010 4975 1037 4984 -
1056 4947 1097 4998 23.
1115 4948 1177 4997 baut
1191 4950 1241 4999 PG
1260 4974 1284 4983 -
1304 4947 1346 5000 24.
1360 4949 1507 4998 caudatus
1522 4952 1542 5000 P
1556 4976 1581 4988 -
1601 4950 1641 4999 26.
1660 4949 1748 5011 inpen-

426 5025 537 5076 dsniibass
551 5029 571 5077 P
587 5051 621 5063 -
637 5025 678 5075 27.
693 5025 837 5088 promam
853 5025 914 5075 PE:
931 5024 1126 5086 procacem
1143 5024 1301 5084 praeconavi
1318 5024 1368 5074 GO
1381 5050 1408 5060 -
1427 5024 1468 5074 29.
1486 5024 1609 5086 mulsa
1624 5026 1658 5074 P:
1675 5036 1749 5072 aasu-

424 5101 628 5164 patescente
646 5127 673 5136 -
691 5113 741 5151 scr.
753 5100 792 5151 osi
804 5101 959 5151 tmaisaimas
975 5101 1035 5150 L-
1055 5099 1096 5150 39.
1112 5099 1221 5160 pacienti
1236 5101 1256 5149 P
1274 5124 1301 5134 —
1321 5097 1362 5148 34.
1379 5098 1546 5160 religioseque
1560 5102 1601 5158 P¹;
1619 5097 1750 5161 rsiipioni·

427 5175 519 5240 busque
534 5178 599 5228 bl-
618 5176 659 5227 32.
677 5175 814 5239 asspicioaa
831 5175 971 5238 (apanis
986 5176 1016 5239 P)
1032 5174 1203 5238 religionisc:
1221 5173 1349 5238 religiosis
1362 5173 1529 5240 asspieioacO
1546 5198 1573 5210 -
1592 5173 1632 5226 33.
1651 5173 1749 5237 ρωπ-

443 5251 513 5314 uam]
531 5252 707 5314 quasaGE-
726 5249 974 5314 stampensium
992 5251 1173 5314 mamma.
