4009 6159
395 550 458 617 tto
821 552 972 619 anano
995 553 1074 619 PRO
1094 555 1129 619 P.
1151 553 1294 619 SESTIO

397 744 547 791 carsurae
573 722 768 799 viderentur,
783 716 872 815 (oum
901 722 1107 807 proscriptio,
1139 723 1272 799 caedes,
1305 720 1441 806 direptio
1470 710 1731 823 denuntiaretur)

398 842 469 887 cum
500 818 553 884 alii
580 839 631 883 me
658 819 839 902 suspicione
866 818 1002 901 periculi
1030 819 1080 883 sui
1100 838 1165 882 non
1187 817 1409 893 defenderent,
1442 818 1495 882 alii
1514 824 1622 881 vetere
1644 814 1718 880 odio

396 918 552 981 bonorum
571 914 794 988 incitarentur,
816 913 870 978 alii
890 912 1086 989 inviderent,
1107 913 1161 976 alii
1184 913 1308 975 obstare
1330 912 1390 976 sibi
1412 931 1463 975 me
1484 911 1719 983 arbitrarentur,

397 1012 451 1076 alii
471 1007 582 1073 ulcisci
603 1007 746 1071 dolorem
767 1008 905 1090 aliquem
926 1027 1018 1071 suum
1031 1007 1165 1081 vellent,
1188 1006 1242 1070 alii
1256 1026 1323 1069 rem
1337 1006 1439 1090 ipsam
1453 1004 1610 1090 publicam
1623 1010 1719 1086 atque

373 1104 659 1169 carnotenorum
681 1107 797 1166 statum
821 1101 985 1185 otiumque
1001 1100 1158 1175 edissent,
1180 1108 1212 1163 at
1233 1100 1274 1165 ob
1295 1100 1391 1164 hasce
1406 1118 1516 1163 causas
1529 1104 1577 1161 tot
1590 1104 1719 1181 umque

381 1198 499 1265 ‘sarim
520 1217 571 1261 me
592 1215 692 1261 unum
713 1196 934 1279 deposcerent:
964 1193 1179 1278 depugnarem
1206 1194 1313 1278 potius
1338 1214 1409 1257 cum
1435 1213 1558 1258 summo
1581 1211 1646 1256 non
1673 1191 1720 1254 di·

396 1310 465 1355 cam
486 1290 605 1365 exitio,
627 1288 683 1356 sed
705 1290 848 1373 periculo
870 1297 955 1353 certe
978 1295 1084 1353 vestro
1105 1287 1341 1371 liberorumque
1355 1294 1543 1360 vestrorum,
1564 1306 1660 1371 quam
1673 1284 1719 1360 id,

396 1381 483 1468 quod
511 1383 655 1449 omnibus
684 1383 904 1467 impendebat,
934 1404 1017 1449 unus
1040 1402 1098 1465 pro
1119 1380 1266 1445 omnibus
1288 1380 1480 1464 recuperem
1501 1399 1538 1443 aa
1558 1380 1719 1444 subirem?

394 1478 483 1542 XXI.
505 1472 555 1541 tt.
580 1477 682 1541 «vieti
704 1485 813 1542 creent
832 1478 998 1562 improbi.»
1041 1479 1080 1540 At
1102 1477 1204 1550 cives,
1231 1482 1263 1539 at
1284 1475 1324 1538 ab
1346 1494 1384 1537 eo
1407 1475 1547 1559 privato,
1570 1475 1627 1559 qni
1649 1474 1718 1537 sine

358 1571 607 1639 commiserim
630 1571 741 1635 consul
763 1593 830 1635 rem
852 1572 1012 1656 publicam
1034 1576 1245 1634 conservarat.
1280 1570 1335 1632 Sin
1350 1569 1424 1633 victi
1438 1566 1645 1642 essentboni,
1663 1568 1717 1651 qui

394 1667 620 1749 superessent?
652 1684 759 1731 nonne
790 1666 830 1729 ad
858 1684 967 1730 servos
995 1664 1112 1728 videtis
1138 1683 1206 1727 rem
1235 1662 1391 1746 publicam
1411 1670 1574 1727 venturam
1595 1661 1718 1727 luisset

393 1764 443 1825 An
471 1758 548 1823 mihi
578 1758 656 1841 ipsi,
685 1764 721 1821 ut
748 1758 878 1844 quidam
907 1766 1035 1842 putent,
1061 1757 1123 1822 fuit
1151 1777 1235 1822 mors
1262 1776 1365 1842 aequo
1387 1756 1493 1819 animo
1515 1753 1717 1840 oppetenda?

394 1854 506 1931 Quint
537 1860 605 1916 tum
634 1859 808 1917 mortemne
836 1850 1018 1935 tugimamr
1052 1872 1092 1915 an
1121 1857 1190 1915 crat
1218 1870 1269 1915 res
1290 1849 1372 1926 ulla,
1405 1868 1499 1933 qnam
1521 1848 1598 1913 milri
1620 1851 1718 1933 magis

393 1948 563 2032 optandam
583 1948 750 2030 putarent
772 1953 828 2010 aut
849 1965 909 2028 ego
930 1946 1001 2009 illos
1023 1965 1073 2008 res
1095 1951 1199 2007 tantas
1219 1945 1253 2007 in
1275 1949 1362 2007 tanta
1382 1942 1597 2027 improborum
1612 1941 1719 2005 multi·

356 2051 385 2101 tt
393 2041 503 2105 tudine
524 2060 595 2105 cum
616 2035 866 2125 gerebam,(non
887 2040 965 2103 milri
987 2059 1089 2114 mors,
1121 2057 1187 2101 non
1209 2037 1357 2101 exsilium
1379 2037 1420 2099 ob
1442 2036 1550 2101 oculos
1571 2037 1716 2101 versaba-

272 2170 285 2191 .
392 2112 465 2231 tur)
490 2154 555 2200 non
575 2134 655 2199 haec
675 2134 816 2218 denique
838 2156 856 2199 a
879 2154 928 2197 me
950 2142 1017 2197 tum
1039 2140 1198 2216 tamquam
1218 2130 1283 2195 ieta
1304 2132 1337 2193 in
1358 2131 1429 2214 ipsa
1448 2149 1484 2194 re
1506 2131 1645 2215 gerenda
1665 2150 1717 2195 ca-

230 2208 309 2263 ’W
392 2230 569 2293 nebanturt
590 2230 639 2293 An
662 2236 729 2292 erat
749 2227 827 2291 mibi
849 2229 991 2294 intanto
1014 2226 1102 2291 luctu
1122 2246 1280 2302 meorum,
1303 2232 1388 2290 tanta
1410 2224 1617 2302 diiunctione,
1630 2231 1718 2289 tanta

391 2322 580 2399 acerbitate,
608 2328 695 2387 tanta
724 2322 913 2407 spoliatione
935 2314 1219 2397 omnium(rerum,
1252 2340 1332 2405 quas
1352 2320 1430 2385 mihi
1453 2327 1509 2384 aut
1528 2325 1641 2384 natura
1661 2325 1718 2382 aut

210 2426 299 2539 sps
390 2418 519 2482 fortuna
546 2394 701 2500 dederat)
720 2419 785 2481 rita
811 2416 998 2481 retinenda?
1027 2423 1090 2479 tarn
1117 2435 1201 2480 eram
1231 2414 1336 2492 rudis,
1364 2422 1431 2477 tam·
1449 2414 1578 2499 igneum
1599 2434 1716 2488 rerum,

249 2503 267 2523 “
353 2518 457 2579 itum
486 2530 600 2594 expers
622 2502 754 2575 'consilii
778 2519 833 2575 aut
854 2511 1000 2596 ingenili
1033 2510 1114 2574 nibil
1141 2510 1319 2583 audieram,
1347 2508 1427 2573 nibil
1453 2508 1609 2586 videram,
1623 2506 1716 2571 nihii

391 2606 460 2690 ipsc
488 2603 625 2688 legendo
657 2606 905 2690 quaerendoque
927 2607 1160 2688 cognoveram?
1189 2603 1369 2667 nesciebam
1389 2604 1475 2667 vitae
1494 2603 1623 2667 brevem
1645 2620 1716 2666 esse

391 2718 531 2774 cursum,
553 2698 672 2780 gloriae
695 2699 945 2783 sempiternum?
968 2718 1039 2762 oum
1062 2706 1146 2762 esset
1167 2698 1313 2761 omnibus
1335 2697 1465 2761 delinita
1482 2718 1583 2773 mors,
1605 2702 1717 2781 optanf

390 2792 467 2857 dum
496 2811 582 2866 esse,
615 2800 651 2856 ut
677 2792 758 2869 vita,
788 2813 870 2884 quae
901 2791 1083 2857 necessitati
1111 2792 1297 2865 deberetur,
1329 2791 1449 2875 patriae
1470 2792 1577 2875 potius
1598 2790 1717 2855 donata

390 2905 485 2970 mam
506 2892 666 2951 reseruata
686 2895 818 2951 naturae
833 2887 1016 2949 videretur?
1036 2884 1216 2949 nesciebam
1238 2885 1323 2948 inter
1342 2884 1593 2967 sapientissimos
1612 2883 1717 2949 bomi-

353 2992 447 3044 ttncs
467 2980 551 3043 banc
565 2980 801 3043 contentionem
815 2979 930 3055 fuisse,
948 2988 983 3044 ut
998 2979 1052 3045 alii
1067 2977 1210 3042 dicerent
1223 2978 1345 3068 animos
1359 2978 1523 3042 bominum
1538 2996 1716 3061 sensusque

389 3079 488 3137 morte
510 3072 682 3155 restingui,
711 3072 764 3137 alii
794 3082 901 3138 numm
922 3080 990 3136 tum
1013 3078 1136 3135 mentes
1157 3073 1293 3137 maxime
1315 3072 1505 3157 sapientium
1527 3091 1564 3137 ac
1584 3071 1714 3137 tortium

388 3167 538 3241 virorum,
560 3186 633 3231 cum
649 3187 689 3231 ex
703 3188 835 3252 corpore
851 3167 1072 3240 excessissent,
1094 3166 1210 3229 sentire
1225 3186 1262 3229 ae
1278 3166 1409 3249 vigeret
1432 3186 1567 3250 quornm
1581 3165 1715 3230 alterum

388 3258 573 3344 fugiendum
593 3280 658 3325 non
680 3280 761 3337 esse,
783 3280 891 3325 carere
913 3280 1018 3335 sensu,
1033 3259 1166 3324 alterurn
1187 3261 1282 3325 etiam
1296 3258 1479 3344 optandum,
1495 3260 1626 3325 meliore
1641 3275 1713 3324 esse

453 3601 477 3653 4.
496 3598 687 3651 dmmtiorotur
703 3599 767 3649 PG:
786 3597 992 3647 donumdei-eatur
1009 3596 1053 3647 aO
1068 3623 1094 3633 -
1113 3597 1138 3647 i.
1157 3598 1292 3660 suspitione
1307 3597 1326 3649 P
1342 3622 1369 3631 -
1388 3596 1412 3648 3.
1431 3600 1531 3660 opstare
1546 3598 1565 3647 P
1579 3622 1606 3631 -
1624 3594 1650 3648 4.
1663 3596 1713 3647 ott-

388 3687 461 3738 qucm
479 3687 552 3725 saort
572 3676 604 3726 P:
630 3686 703 3725 acm
724 3672 833 3735 otiam
855 3674 905 3723 (40
925 3700 951 3709 -
979 3672 1003 3721 t.
1023 3685 1100 3735 pacm
1121 3673 1148 3722 tc
1163 3674 1183 3723 1.
1202 3673 1236 3722 u.
1255 3674 1387 3723 Gesneras
1413 3671 1454 3734 (cl.
1473 3669 1558 3723 Madv.
1576 3683 1603 3735 p.
1621 3670 1670 3722 878
1686 3674 1714 3722 et

387 3748 516 3801 Wesenb.
534 3762 561 3815 p.
580 3748 635 3814 ²⁸l²
659 3760 736 3811 quota
755 3761 807 3798 ooo
827 3747 854 3797 td
870 3748 963 3808 PGO,
987 3747 1060 3811 quod
1076 3751 1166 3799 tuetur
1182 3749 1349 3799 Hermannus
1366 3758 1393 3811 p.
1412 3748 1439 3796 tt
1460 3744 1519 3797 loco
1536 3746 1613 3797 Caes.
1631 3746 1666 3797 de
1682 3745 1711 3797 b.

388 3822 451 3876 Gall.
469 3824 529 3888 vu,
548 3826 594 3885 ⁴73
617 3825 645 3875 at
665 3821 783 3875 debebat
803 3821 876 3874 loeos
897 3821 993 3873 efferre
1014 3821 1041 3872 in
1064 3822 1162 3887 quibus
1183 3824 1246 3887 post
1260 3822 1345 3885 potito
1367 3822 1488 3885 sequitur
1503 3834 1581 3884 queas
1596 3837 1647 3874 sos
1662 3836 1712 3889 pro

388 3910 465 3960 osum
480 3904 509 3950 ut
524 3898 567 3951 vel
584 3912 662 3961 poam
678 3910 740 3949 cum
758 3898 935 3948 coniunctivo.
950 3922 977 3933 -
997 3897 1021 3948 8.
1039 3897 1188 3960 tepescebat
1203 3898 1263 3947 P-
1282 3897 1307 3947 s.
1325 3901 1353 3947 ot
1367 3896 1440 3963 44444]
1458 3901 1486 3947 at
1500 3898 1527 3947 ct
1542 3898 1612 3950 Bake
1623 3911 1651 3964 p.
1663 3899 1710 3961 793

387 3978 415 4023 st
429 3974 470 4035 ct,
488 3978 516 4025 at
531 3974 596 4025 cives
611 3973 680 4025 ocni.
693 3969 820 4035 Koechly.
835 3997 862 4007 -
881 3975 908 4021 ot
925 3970 957 4021 cb
974 3984 1002 4022 co
1018 3978 1119 4023 ennato
1133 3974 1234 4037 pstrrsto
1250 3971 1372 4024 iambe
1390 3971 1463 4034 cod„
1481 3973 1511 4022 nt
1525 3973 1575 4037 oit3
1593 3978 1622 4025 at
1636 3973 1669 4025 ab
1684 3988 1712 4026 co

382 4048 486 4111 privato
501 4047 789 4111 crmotoWesenberg.
806 4072 833 4083 -
852 4047 894 4097 to.
912 4047 988 4097 4444444
1004 4061 1054 4097 cos.
1072 4050 1243 4112 sauppe:
1261 4061 1316 4099 resa
1328 4060 1356 4111 p.
1374 4048 1451 4099 maor
1465 4048 1552 4099 costel
1563 4051 1653 4101 a0-
1668 4050 1712 4115 psci

385 4126 537 4185 asparem
553 4125 572 4174 P
591 4122 648 4185 ised
664 4136 682 4173 a
698 4124 764 4173 nst
780 4120 893 4186 deletet:
913 4123 973 4184 pou
988 4130 1123 4186 moreest
1138 4124 1198 4174 GO.
1224 4124 1375 4175 «sententia
1390 4123 1458 4175 haec
1474 4124 1529 4175 est:
1548 4126 1572 4177 si
1587 4126 1650 4178 vieti
1666 4140 1711 4179 es-

385 4197 445 4247 sent
460 4194 539 4259 baal,
557 4195 620 4248 nulli
637 4198 811 4262 superessent
828 4195 878 4247 nist
896 4195 1028 4260 Clodiani,
1055 4198 1072 4249 i.
1091 4211 1115 4250 e.
1133 4198 1218 4262 servi,
1246 4199 1384 4261 conducti,
1410 4198 1565 4264 laeinorosi,
1591 4204 1709 4267 egentes,

385 4270 500 4335 danique
517 4270 577 4323 lass
593 4270 688 4338 plebis,
707 4284 760 4337 qua
772 4271 924 4322 dominante
936 4284 977 4323 rer
990 4286 1018 4335 p.
1029 4274 1101 4324 aeuo
1114 4279 1187 4335 met,
1207 4274 1240 4326 el.
1254 4274 1270 4339 5
1282 4275 1309 4325 84
1326 4277 1353 4326 et
1363 4273 1410 4337 tt,
1428 4274 1463 4327 de
1475 4274 1556 4326 domo
1567 4288 1615 4328 sua
1627 4276 1710 4343 389.-

384 4346 544 4397 Wessrsssc
559 4359 587 4411 p.
605 4347 646 4399 63.
665 4374 692 4385 -
712 4348 752 4399 44.
770 4360 852 4399 moso
867 4348 932 4398 PG:
959 4360 1011 4398 coo
1026 4350 1047 4400 0
1065 4375 1093 4384 —
1110 4362 1165 4399 rsrn
1177 4362 1205 4412 p.
1224 4352 1245 4400 (4
1262 4352 1289 4401 et
1304 4353 1324 4402 P
1340 4363 1410 4401 corr.
1428 4363 1466 4401 m.
1484 4350 1514 4401 i:
1539 4363 1586 4403 reo
1601 4349 1639 4416 ΡΙ,
1656 4364 1711 4402 rom

383 4421 403 4472 P
421 4434 489 4473 corr.
504 4434 541 4473 m.
553 4422 645 4473 vetare
663 4423 690 4473 et
706 4423 735 4473 0.
762 4423 902 4473 Diversum
920 4424 961 4474 est
977 4424 1115 4476 livianum
1130 4422 1194 4475 illud
1210 4437 1251 4475 res
1266 4424 1301 4475 od
1317 4426 1421 4476 marsos
1435 4426 1524 4488 rodit,
1542 4425 1607 4488 item
1623 4425 1709 4489 locus,

383 4510 465 4561 quem
480 4498 551 4549 Bake
566 4510 594 4563 p.
612 4498 645 4549 84
661 4494 746 4549 attulit
762 4511 795 4549 er
811 4511 854 4563 ep.
873 4497 907 4549 ad
924 4500 976 4548 stt.
994 4498 1038 4561 IV,
1056 4499 1101 4559 46,
1119 4512 1160 4550 res
1173 4500 1230 4565 {tait
1246 4501 1281 4550 ed
1297 4501 1481 4565 berroeam,
1500 4499 1534 4551 ds
1547 4499 1607 4554 loeo
1619 4502 1709 4554 summ

383 4584 422 4625 or.
434 4571 469 4623 de
486 4571 567 4625 domo
584 4584 632 4624 sua
644 4572 659 4635 5
672 4572 703 4622 94
715 4584 824 4638 usupra
836 4586 862 4637 p.
876 4571 933 4635 887,
946 4573 971 4623 i.
986 4599 1013 4609 -
1031 4573 1190 4625 omitterem
1202 4573 1302 4638 (litteris
1313 4577 1340 4626 di
1356 4576 1501 4641 expunctis)
1514 4579 1574 4627 P-
1591 4576 1631 4642 48.
1650 4576 1712 4641 qaid

382 4646 457 4697 terei
473 4646 634 4712 interpungit
649 4648 713 4698 Rau.
735 4675 762 4685 -
782 4645 823 4699 44.
841 4648 887 4698 ttto
904 4660 965 4699 curn
981 4661 994 4698 s
1010 4660 1069 4713 sup.
1088 4645 1133 4699 lin.
1151 4650 1171 4699 P
1189 4674 1216 4685 -
1239 4651 1280 4703 te.
1298 4652 1402 4701 4444444444
1418 4654 1482 4711 PG;
1505 4653 1611 4704 4444444444
1626 4654 1710 4704 lioto-

383 4732 479 4772 manus
497 4723 524 4773 et
539 4722 569 4774 0.
587 4722 621 4773 li.
640 4720 781 4774 Muellerus
797 4720 874 4786 prob.
893 4722 1024 4786 Madvigio
1046 4736 1073 4787 p.
1091 4722 1140 4775 tea
1157 4737 1199 4789 sq.
1218 4727 1245 4777 et
1260 4726 1453 4791 Wesenbergio
1469 4740 1496 4793 p.
1515 4727 1555 4779 34.
1577 4752 1605 4764 -
1621 4740 1710 4778 ωηα-

382 4794 458 4847 batur
468 4799 503 4847 G:
520 4794 673 4849 wascum
684 4798 716 4857 P;
733 4797 931 4849 cammaro
944 4822 971 4835 -·
991 4798 1032 4848 48.
1045 4809 1063 4847 a
1078 4811 1118 4849 sas
1133 4803 1214 4849 mma
1231 4798 1286 4864 (litt.
1300 4805 1328 4851 trs
1338 4800 1471 4867 prioribus
1483 4800 1628 4866 expunctis)
1646 4803 1666 4852 P
1678 4825 1707 4838 -

381 4869 536 4922 emebantur
552 4873 614 4922 G-
633 4872 673 4922 tt.
692 4871 719 4922 to
735 4876 805 4924 tacto
823 4874 843 4925 G
860 4886 976 4925 corner
992 4874 1097 4925 intuetu.
1113 4900 1140 4910 -
1159 4887 1246 4925 wisan
1261 4877 1321 4926 rsa
1338 4877 1537 4928 -dttrsrcboaa
1552 4879 1594 4928 1³¹:
1612 4876 1710 4927 distm-

380 4945 461 4997 cttcas
471 4942 558 4999 P²G0
570 4973 600 4986 -
618 4948 658 4998 48.
671 4948 782 4999 mam
796 4950 816 5001 P
827 4962 897 5001 corr.
910 4963 943 5001 ex
954 4951 1022 5001 omasi
1040 4976 1068 4987 -
1086 4949 1127 5002 49.
1139 4953 1223 5001 toraca
1240 4947 1295 5016 (litt.
1308 4963 1339 5001 cs
1350 4950 1497 5015 expunctis)
1514 4964 1585 5005 eus
1600 4952 1630 5012 P,
1647 4949 1707 5002 lort.

382 5033 415 5073 ax
431 5027 515 5075 tecm
530 5036 611 5076 oraru
625 5048 653 5059 -
671 5023 712 5075 20.
725 5030 810 5076 tomas
826 5022 883 5089 (litt.
896 5038 926 5077 aa
937 5025 1085 5091 exponetis)
1102 5038 1192 5089 corpora
1207 5028 1227 5076 P
1240 5052 1267 5061 -
1285 5026 1328 5077 44.
1345 5032 1374 5077 ut
1389 5026 1578 5090 atti--otpcre
1593 5023 1708 5076 habeta

384 5120 411 5131 -
425 5106 509 5147 mure
524 5109 577 5149 om.
595 5099 617 5149 4
636 5123 663 5134 -
682 5099 723 5151 26.
740 5104 833 5151 mestos
847 5101 959 5151 moriare
974 5103 1010 5153 A:
1028 5100 1141 5151 memoro
1154 5098 1592 5165 meamPGO;ol:1.ael.§t3:
1611 5098 1709 5149 essuos

381 5170 508 5225 bociam
527 5173 795 5238 asssdietaostispae,
817 5176 1357 5241 westmonasteriensem
1376 5176 1404 5227 tc
1423 5176 1520 5227 coelun
1538 5172 1708 5239 potatorii-

383 5259 472 5312 moptsc
487 5252 512 5301 ct
525 5248 763 5314 masticamus
778 5251 997 5315 mpedtusstom.
1017 5276 1046 5292 -
1064 5252 1108 5305 st.
1123 5262 1159 5304 aa
1174 5250 1350 5305 ltlotaiussso
1364 5246 1438 5314 AP¹;
1455 5248 1582 5307 sPet).
