4009 6159
548 1206 891 1292 ORATIONUM
919 1206 1369 1291 PHILIPPICARUM

734 1425 889 1498 amm
909 1423 1169 1499 octavus.

379 1825 403 1885 i.
428 1817 456 1884 i.
480 1819 648 1885 eoniusius
669 1819 820 1882 hesterno
842 1816 894 1880 die
917 1824 965 1882 est
984 1823 1056 1881 acta
1077 1835 1143 1891 res,
1167 1817 1199 1880 C.
1221 1817 1340 1894 Pansa,
1361 1837 1456 1902 quam
1478 1821 1620 1903 postula-

296 1918 350 1980 bat
371 1917 550 1981 institutum
572 1913 754 1978 consulatus
777 1913 830 1975 tui.
866 1913 979 1975 Pamm
1001 1911 1079 1974 mssri
1099 1910 1188 1973 risus
1211 1931 1245 1974 es
1267 1930 1338 1987 eos,
1365 1913 1479 1996 qrribus
1507 1915 1620 1979 cedere

296 2033 360 2075 non
381 2011 483 2084 soles,
506 2009 672 2072 sustinere.
706 2009 784 2071 Nem
809 2024 878 2070 cum
900 2015 1029 2070 senatus
1052 2024 1091 2069 ea
1109 2005 1209 2068 virtus
1229 2004 1357 2080 fuisset,
1379 2027 1460 2090 quae
1475 2010 1566 2085 soict,
1589 2017 1622 2072 et

296 2127 367 2169 cum
389 2127 423 2169 re
445 2103 590 2168 viderent
611 2121 721 2165 omnes
744 2121 814 2164 esse
836 2100 969 2175 bellum,
993 2097 1188 2183 quidamque
1203 2098 1236 2161 id
1251 2099 1380 2163 verbum
1394 2103 1621 2166 removendum

295 2200 536 2273 arbitrarentur,
567 2204 620 2260 tua
648 2197 794 2260 voluntas
824 2195 856 2258 in
879 2193 1073 2258 discessione
1098 2190 1157 2255 iuit
1178 2192 1218 2255 ad
1240 2193 1403 2257 lenitatem
1424 2199 1645 2281 propensione

294 2295 386 2358 Victa
418 2298 465 2356 est
495 2292 590 2374 igitur
617 2297 746 2376 propter
773 2289 861 2353 verbi
890 2287 1091 2371 asperitatem
1118 2295 1151 2349 te
1178 2294 1305 2350 auctore
1326 2296 1433 2352 nostra
1454 2292 1620 2355 sententia.

294 2387 380 2452 Vicit
401 2387 435 2448 L.
459 2385 618 2460 Caesaris,
648 2383 833 2468 amplissimi
857 2383 934 2472 viri,
957 2380 1014 2466 qui
1035 2379 1122 2443 verbi
1144 2381 1308 2443 atrocitate
1330 2381 1457 2464 dempta
1477 2385 1620 2448 oratione

293 2478 353 2544 iuit
374 2500 470 2562 quam
491 2479 649 2542 sententia
670 2477 782 2541 lenior.
816 2467 1017 2559 Quamquam
1038 2474 1066 2537 is
1080 2472 1226 2557 quidem,
1248 2480 1418 2558 antequam
1432 2479 1621 2542 sententiam

296 2573 431 2649 diceret,
464 2572 734 2658 propinquitatem
763 2570 936 2635 excusavit.
978 2569 1066 2632 Idem
1088 2566 1204 2630 iecerat
1226 2586 1276 2630 me
1298 2570 1483 2634 consulein
1505 2573 1622 2636 sororis

294 2667 378 2742 viro,
401 2665 486 2751 quod
507 2666 569 2730 hoc
591 2673 732 2749 tempore
753 2667 787 2729 in
809 2663 927 2730 sororis
948 2662 1016 2726 iilio
1037 2661 1131 2736 iecit,
1161 2667 1195 2723 ut
1216 2669 1248 2724 et
1268 2661 1354 2726 luctu
1376 2663 1494 2728 sororis
1515 2682 1659 2730 move-to

293 2768 382 2825 retur
412 2766 444 2823 et
472 2760 567 2824 saluti
592 2759 701 2844 populi
731 2758 863 2824 Romani
884 2757 1076 2841 provideret.
1112 2752 1141 2819 2.
1163 2755 1267 2839 Atque
1289 2756 1358 2838 ipse
1378 2763 1486 2821 tamen
1509 2760 1623 2825 Caesar

293 2854 455 2938 praecepit
476 2854 566 2919 vobis
588 2852 726 2938 quodam
748 2852 861 2929 modo,
889 2859 995 2937 patres
1017 2850 1203 2933 conscripti,
1235 2869 1276 2913 ne
1298 2850 1359 2913 sibi
1379 2853 1622 2931 assentiremini,

294 2968 366 3011 cum
399 2949 445 3010 ita
477 2947 572 3023 dixit,
605 2947 699 3010 aliam
726 2947 913 3010 sententiam
943 2965 977 3009 se
1009 2943 1167 3009 dicturum
1195 2942 1294 3006 inisse
1315 2963 1449 3030 eamque
1472 2968 1506 3011 se
1528 2968 1565 3012 ac
1586 2969 1621 3012 re

292 3043 419 3126 publica
448 3041 591 3124 dignam,
620 3039 683 3103 nisi
710 3040 949 3124 propinquitate
977 3038 1195 3122 impediretur.
1230 3039 1315 3122 Ergo
1343 3041 1398 3104 ilie
1426 3044 1620 3108 avunculus:

293 3157 370 3200 num
392 3136 487 3199 etiam
508 3155 565 3198 vos
587 3133 751 3209 avunculi,
773 3135 829 3219 qui
851 3134 899 3197 iiii
921 3135 998 3199 estis
1020 3133 1168 3198 assensi?
1628 3152 1658 3201 aa

376 3231 418 3294 At
438 3231 471 3294 in
494 3250 558 3314 quo
580 3228 641 3293 tuit
662 3229 894 3294 controversia?
915 3230 994 3292 Belli
1016 3247 1132 3292 nomen
1153 3228 1338 3312 ponendum
1353 3226 1482 3314 quidam
1499 3230 1533 3294 in
1548 3251 1620 3295 sen·

292 3326 391 3389 tentia
418 3345 482 3388 non
510 3323 677 3409 putabant:
710 3323 879 3388 tumultum
908 3321 1068 3407 appellare
1096 3323 1270 3400 malebant,
1301 3324 1403 3410 ignari
1431 3347 1496 3391 non
1525 3327 1620 3391 modo

291 3440 411 3495 rerum,
439 3419 496 3484 sed
518 3419 610 3483 etiam
633 3419 821 3494 verborum
842 3425 947 3502 potest
968 3418 1054 3482 enim
1075 3439 1146 3482 esee
1166 3418 1303 3496 beilum,
1323 3427 1360 3486 ut
1381 3421 1534 3485 tumultus
1555 3440 1620 3486 non

291 3515 350 3590 sit,
372 3515 524 3579 tumultus
547 3533 616 3579 esse
638 3514 708 3579 sinc
728 3513 814 3578 balio
836 3533 901 3577 non
923 3520 1038 3597 potest.
1081 3514 1112 3576 3.
1134 3513 1221 3589 Quid
1238 3520 1287 3578 est
1301 3515 1386 3579 enim
1400 3515 1489 3578 aiiud
1503 3517 1620 3581 tumul·

292 3617 351 3702 tus
365 3609 427 3672 nisi
454 3609 649 3692 perturbatio
680 3615 783 3684 tanta,
812 3613 848 3671 ut
870 3608 970 3672 maior
991 3607 1088 3671 timor
1108 3599 1250 3672 oriafnri
1278 3608 1365 3672 unde
1386 3609 1481 3675 ctiam
1501 3623 1657 3676 nomento

357 3924 1618 3993 neomutmlmatmt-a.esest-olueb-i.reom.g-a.otoeeraosoh

293 4000 350 4066 (sed
372 4016 414 4054 res
435 4004 462 4056 in
483 4005 546 4068 ras.)
572 4031 600 4042 -
625 4004 649 4055 6.
666 4004 746 4069 teitau
768 4010 834 4055 ecta
853 4031 881 4041 -
904 4009 942 4054 tor
962 4005 1030 4066 (pter
1046 4003 1124 4067 corr.)
1146 4002 1270 4063 osrti3
1292 4003 1433 4057 ecrdtom.
1451 4009 1513 4070 agt
1530 4007 1620 4072 (habet

290 4075 360 4128 verti
375 4081 483 4142 praeter
498 4080 521 4130 v
538 4077 610 4131 seins
626 4078 656 4141 b,
673 4080 691 4129 i.
710 4092 746 4141 e.,
765 4081 794 4130 ut
810 4092 844 4130 ex
859 4077 949 4130 multis
966 4078 1070 4130 indiciis
1085 4080 1210 4144 apparet,
1234 4076 1321 4130 codex
1336 4075 1410 4130 idem
1426 4092 1480 4144 qno
1495 4094 1562 4134 mus
1578 4084 1620 4134 cst

293 4170 352 4222 car.
371 4172 540 4237 stephanus.)
560 4194 587 4209 -
606 4172 631 4222 r.
649 4173 677 4222 n.
695 4172 733 4223 n:
752 4171 779 4223 c.
795 4171 820 4222 v
837 4198 866 4210 -
884 4153 950 4224 σᾶ.
969 4173 1017 4234 at,
1037 4184 1129 4222 eamr
1143 4185 1200 4235 g-
1219 4171 1445 4234 mosomense·
1460 4175 1497 4236 v;
1515 4175 1620 4240 mro-

291 4246 503 4312 simueuirg-
523 4247 914 4310 manv-aisttv-
935 4246 1621 4314 9.{eceratiomecioseororiseirort-iit.qsod

291 4323 400 4382 ternpore
414 4321 460 4372 toc
475 4323 503 4373 io
517 4324 611 4374 rororis
626 4328 770 4374 moneretur
784 4325 796 4374 t
811 4323 906 4374 mediis
923 4336 977 4374 om,
996 4349 1026 4359 -
1048 4323 1101 4388 titio
1122 4335 1153 4372 oc
1173 4323 1202 4372 io
1216 4325 1329 4384 nepotem
1343 4327 1487 4376 moueretw
1502 4324 1571 4390 abg
1589 4351 1617 4364 -

290 4395 327 4456 ut]
344 4399 372 4444 at
387 4395 461 4459 utV,
479 4398 528 4448 sed
545 4404 573 4448 at
589 4400 793 4464 punctatum·
813 4399 844 4462 et]
863 4399 936 4462 quta
956 4424 983 4435 -
1004 4399 1045 4450 ti.
1064 4397 1217 4449 rotrffl—
1232 4397 1320 4460 popuii
1335 4398 1521 4451 iiootooiva:
1537 4402 1617 4466 reip.

290 4467 397 4532 bgtO,
415 4473 445 4521 ut
462 4475 503 4524 est
519 4471 583 4525 Phil.
602 4475 649 4536 iii,
670 4474 685 4539 ἓ
703 4475 743 4526 45.
762 4501 790 4512 -
811 4473 852 4524 ii.
869 4475 998 4538 precepti
1013 4473 1084 4524 v-
1100 4472 1287 4523 nouom
1301 4473 1350 4537 vg
1365 4499 1400 4511 -
1415 4473 1456 4525 ia.
1473 4489 1500 4526 ee
1514 4487 1568 4528 om.
1581 4476 1617 4537 V;

291 4543 350 4595 fort
368 4545 448 4597 ctmm
463 4560 489 4598 ee
504 4551 664 4612 montium
688 4550 721 4602 ci.
740 4551 831 4602 tamen
848 4550 961 4615 Madvig.
980 4549 1016 4602 ad
1033 4550 1088 4601 Cic.
1106 4547 1140 4598 de
1157 4547 1221 4598 iinn.
1239 4560 1267 4612 p.
1287 4547 1344 4598 oio.
1364 4574 1392 4585 -
1415 4561 1494 4612 eoque
1510 4555 1571 4615 agi
1585 4579 1619 4590 -

290 4619 331 4685 ec]
348 4625 372 4672 et
388 4625 399 4672 t
415 4649 443 4660 —
463 4622 503 4675 ti.
522 4627 659 4678 emendos
675 4627 703 4678 et
718 4625 816 4678 deinde
834 4627 964 4688 ouoocutt,
983 4625 1033 4678 sed
1050 4625 1094 4675 est
1108 4626 1224 4687 utroque
1240 4621 1300 4674 ioco
1317 4635 1332 4673 o
1347 4636 1411 4675 am.
1424 4626 1449 4676 2.
1463 4650 1491 4661 —
1511 4627 1551 4676 to.
1564 4626 1621 4676 eriis

290 4695 388 4748 ommi
403 4697 465 4762 Vg;
484 4701 577 4750 morri
592 4701 650 4752 edis
666 4715 681 4752 a
695 4727 720 4739 -
741 4701 781 4752 46.
794 4703 859 4752 Ana
874 4730 901 4740 -
915 4703 1018 4766 quidem
1033 4699 1143 4761 sest.v;
1161 4700 1189 4748 to
1204 4699 1559 4766 mmoqotdemtqeidem
1574 4702 1619 4764 gt)

290 4771 358 4821 D·
379 4772 419 4824 t'i.
437 4773 568 4837 appellari
585 4775 607 4826 V
625 4803 652 4812 —
676 4777 716 4828 48.
732 4781 812 4840 potest
828 4780 894 4828 enon
909 4778 933 4827 V
950 4792 1020 4829 corr.
1038 4791 1072 4828 ex
1090 4780 1225 4839 potorem
1243 4765 1328 4838 poert
1343 4776 1569 4826 mim-ductum
1585 4781 1620 4827 ert

290 4847 409 4899 tumuitus
424 4848 508 4901 habet
524 4849 641 4901 isidorus
657 4851 685 4901 in
696 4851 782 4916 origg.
794 4851 882 4914 XVili,
901 4853 954 4914 i,7
971 4854 999 4904 et
1015 4852 1112 4903 deinde
1130 4852 1241 4903 &euim
1250 4875 1287 4889 ··
1298 4851 1406 4901 tranuito
1419 4865 1471 4902 ooo
1485 4852 1577 4902 eom.
1588 4877 1615 4888 -

290 4919 485 4975 brummout
497 4950 524 4960 -
537 4929 566 4974 ot
581 4925 700 4975 miuus
715 4939 765 4976 non
776 4927 947 4978 menomenae
963 4933 1108 4978 amare
1123 4925 1252 4977 isidorus:
1269 4931 1298 4976 ot
1314 4926 1549 4988 tumultuosam,
1567 4926 1619 4976 etse

289 4997 413 5048 umutcw
430 4999 550 5050 tumuitus
566 5011 616 5051 esee
631 5001 697 5062 D0;
715 5002 743 5052 in
759 5001 783 5052 V
799 5004 860 5053 ante
876 5008 905 5053 ot
920 5003 1040 5054 moedau
1059 5015 1097 5052 m.
1114 5001 1130 5052 2
1146 5002 1199 5052 rios
1214 5001 1322 5052 tuentio
1338 5002 1501 5067 adscriptum
1517 5003 1568 5053 est.
1589 5027 1616 5038 -

291 5071 331 5123 49.
350 5072 403 5124 εἰπε
422 5073 484 5125 betto
504 5087 554 5128 erae
573 5073 592 5125 b
615 5076 642 5126 et
661 5077 677 5128 i
694 5075 773 5127 codd.
791 5077 965 5130 iionacenses
986 5077 1162 5142 antiquissimi
1184 5075 1456 5141 (Benedictobmanus
1472 5075 1500 5128 ct
1520 5074 1619 5126 ruun-

291 5148 387 5212 gensis)
404 5150 507 5202 isidori.
522 5176 549 5187 -
570 5151 635 5214 Quid
650 5151 715 5202 estro
731 5155 766 5204 eet
776 5177 813 5191 -·
825 5152 926 5204 dietam
941 5157 976 5206 cst
991 5153 1111 5203 mettre
1126 5151 1209 5204 hebet
1223 5151 1395 5215 Quintilianus
1406 5153 1465 5214 vn,
1484 5151 1515 5213 3,
1531 5150 1574 5201 25.
1588 5173 1616 5184 ·-

291 5223 474 5276 coimmi-
498 5225 641 5277 ntaev-
659 5225 942 5290 repertorium-
960 5220 1617 5293 mdeetioordtctretieusttssthocordineeodd.

290 5295 348 5364 Μ’)
365 5300 439 5364 quart
454 5301 530 5354 ttosor
544 5301 637 5356 ouum
651 5301 777 5356 isidorus.

1743 3496 1770 3588 t
