4009 6159
669 570 1267 658 cn.xxu1-xxv.spee-ea.
1547 560 1629 634 saer

310 747 425 809 XXIV.
448 741 499 807 58.
521 743 699 807 Vehebatur
720 744 753 806 in
775 743 886 806 essedo
909 742 1055 806 tribunus
1076 743 1136 826 pl.;
1162 742 1289 806 lictores
1310 739 1442 806 laureati
1463 738 1630 804 antecede·

310 841 400 914 bant,
422 838 505 902 inter
526 858 608 922 quos
630 845 739 920 aperta
760 837 869 900 lectica
890 837 986 900 mima
1006 837 1207 919 portabatur,
1236 857 1331 920 quarn
1353 855 1394 899 ex
1414 833 1539 918 oppidis
1560 852 1631 896 mu·

311 931 462 1015 nieipales
483 932 629 996 homines
651 931 792 1003 honesti,
814 930 938 993 obviam
959 931 1138 994 necessario
1159 931 1370 1013 prodeuntes,
1391 948 1455 992 nou
1475 934 1552 991 noto
1573 926 1630 990 illo

311 1033 342 1089 et
363 1025 489 1088 mimico
510 1027 653 1099 nomine,
676 1025 731 1088 sed
753 1024 951 1088 Volumniam
974 1024 1221 1088 consalutabant.
1258 1025 1455 1108 Sequebatur
1467 1021 1543 1085 reda
1558 1041 1629 1084 cum
1750 1084 1765 1114 l

310 1118 493 1194 lenonibus,
523 1121 653 1202 comites
682 1117 885 1202 nequissimi:
917 1117 1036 1181 reiecta
1064 1126 1164 1181 mater
1184 1119 1314 1183 amicam
1336 1116 1451 1200 impuri
1472 1115 1531 1180 filii
1552 1121 1653 1176 tam-e
1730 1117 1752 1192 ti

312 1233 406 1297 quarn
428 1233 541 1276 nurum
563 1214 763 1296 sequebatur.
801 1211 828 1274 Ο
851 1211 982 1274 miserae
1004 1211 1143 1274 mulieris
1161 1211 1384 1276 iocunditatem
1399 1205 1629 1274 calamitosam!

309 1307 429 1369 llorum
452 1307 637 1387 flagitiorum
659 1307 719 1370 iste
737 1306 878 1388 vestigiis
893 1306 998 1397 ompia
1019 1305 1207 1389 municipia,
1229 1304 1458 1387 praefecturas,
1481 1301 1629 1376 colonias,
1728 1299 1765 1398 J

308 1405 406 1462 totam
428 1397 565 1482 denique
586 1400 707 1463 ltaliam
730 1398 899 1482 impressit.

393 1489 444 1553 59.
466 1493 671 1576 Reliquorum
693 1493 845 1556 laetorum
869 1492 954 1565 eius,
982 1499 1086 1573 patres
1108 1491 1296 1574 conscripti,
1325 1487 1462 1556 difficilis
1484 1497 1533 1554 est
1554 1507 1630 1552 sene

309 1586 512 1672 reprehensio
536 1595 567 1649 et
588 1586 717 1650 lubrica.
749 1586 899 1648 Versatus
921 1586 952 1647 in
975 1585 1060 1647 bello
1084 1593 1151 1662 est;
1173 1586 1324 1649 saturavit
1345 1606 1381 1649 se
1400 1587 1551 1668 sauguine
1567 1582 1666 1648 dis-to

309 1681 541 1746 simillimorum
570 1683 619 1744 sui
647 1681 781 1744 civium:
809 1679 887 1744 felix
908 1678 983 1753 luit,
1013 1678 1040 1740 si
1062 1686 1169 1761 potest
1188 1679 1253 1742 nlla
1273 1680 1305 1742 in
1328 1680 1447 1743 scelere
1469 1699 1540 1742 esse
1560 1676 1631 1740 telt-

309 1777 398 1840 citas.
431 1775 494 1838 Sed
509 1776 660 1859 quoniam
674 1775 830 1838 veteranis
847 1782 974 1838 centnm
993 1795 1063 1839 esse
1079 1771 1453 1871 volumus,(qnemqnsm
1469 1770 1630 1850 dissimilis

310 1879 359 1947 est,
388 1869 524 1932 militum
553 1889 648 1932 causa
677 1875 719 1944 et,
735 1857 858 1955 4414)-
885 1868 932 1930 ιἹΙί
962 1870 1063 1932 secuti
1091 1877 1180 1943 sunt,
1209 1877 1243 1934 tu
1265 1869 1418 1953 quaesisti
1440 1868 1553 1930 ducem
1572 1897 1630 1938 -,

310 1972 432 2038 mmen,
455 1983 494 2027 ne
517 1962 601 2046 apud
623 1963 695 2026 illos
718 1982 768 2026 me
791 1962 823 2025 in
846 1961 994 2025 invidiam
1017 1982 1128 2038 voces,
1151 1962 1231 2026 nihil
1246 1964 1286 2027 de
1301 1981 1415 2047 genere
1430 1960 1505 2024 belli
1519 1959 1631 2023 dicam.

308 2059 416 2123 Victor
444 2079 462 2121 e
491 2056 654 2120 Thessalia
684 2055 886 2118 Brundisium
916 2076 987 2119 cum
1016 2057 1194 2139 legionibus
1223 2057 1390 2122 revertisti.
1425 2054 1473 2118 lbi
1495 2073 1545 2116 me
1567 2070 1669 2120 nonas

308 2153 460 2215 occidisti.
499 2153 646 2233 Magnum
675 2146 878 2213 beneficium!
905 2151 1049 2232 potuisse
1071 2151 1156 2213 enim
1184 2150 1302 2215 fateor:
1325 2167 1518 2234 quemquern
1538 2165 1631 2209 nemo

308 2254 377 2309 erat
397 2266 523 2318 eorum,
546 2245 602 2328 qui
624 2251 687 2306 tum
711 2251 815 2306 tenum
836 2242 979 2317 morunt,
1003 2244 1057 2327 qui
1081 2243 1158 2306 mihi
1181 2265 1247 2308 non
1268 2252 1412 2309 censeret
1432 2239 1518 2324 parci
1538 2257 1631 2320 opor-

307 2349 385 2404 tere.
427 2337 478 2400 60.
501 2341 601 2400 Tanta
632 2346 680 2400 est
707 2337 791 2400 enim
820 2337 933 2400 caritas
960 2336 1097 2420 patriae,
1126 2346 1162 2401 ut
1189 2339 1303 2401 vestris
1333 2339 1426 2401 etiam
1451 2334 1632 2416 legionibus

308 2441 435 2497 sanetus
458 2451 574 2505 essem,
597 2430 682 2514 quod
706 2449 775 2494 eam
797 2451 816 2494 a
837 2449 888 2492 me
910 2438 1064 2494 servatam
1086 2451 1155 2494 esse
1176 2432 1404 2495 meminissent.
1440 2430 1503 2494 Sed
1524 2428 1574 2491 fae
1596 2429 1630 2492 id

308 2535 339 2590 te
363 2526 488 2589 dedisse
511 2525 606 2599 mihi,
638 2523 722 2608 quod
753 2545 817 2586 nou
845 2524 1009 2599 ademisti,
1039 2545 1154 2609 meque
1182 2534 1252 2589 ate
1274 2526 1392 2588 hahere
1412 2525 1526 2597 vitem,
1557 2524 1668 2605 qoiatt

308 2641 372 2684 non
394 2640 413 2684 a
434 2627 465 2682 te
487 2619 528 2683 sit
550 2627 674 2701 erepta:
698 2618 826 2681 licuitne
848 2618 926 2680 mibi
948 2639 1005 2701 per
1025 2626 1096 2681 tuas
1117 2620 1322 2682 contumelias
1342 2618 1405 2682 hoe
1425 2625 1513 2680 tuum
1534 2616 1632 2680 benc·

307 2713 411 2778 licium
434 2716 479 2777 sie
501 2715 598 2786 tueri,
621 2722 655 2776 ut
677 2713 803 2786 tuebar,
827 2712 1014 2795 praesertim
1038 2732 1109 2775 curn
1131 2720 1163 2775 te
1184 2712 1263 2775 haee
1284 2711 1465 2776 auditurum
1486 2709 1631 2773 videres‘l

307 2803 1631 2898 Xsssslwmfflmmmmhmwmwmmmmmmmmmm
1753 2769 1786 2866 ζ

307 2901 466 2966 mimulac.
509 2900 594 2976 Quid
623 2904 692 2962 est‘t
721 2919 796 2962 num
819 2901 979 2964 mentior?
1010 2899 1111 2974 Quam
1135 2899 1283 2964 miserum
1305 2900 1408 2963 estid
1429 2916 1545 2980 negare
1567 2917 1631 2960 uon
1720 2945 1722 2949 .

307 3017 416 3080 posse,
440 2997 527 3079 quod
549 2996 590 3058 sit
610 2994 825 3077 turpissimum
847 2990 1001 3056 confiteri!
1028 2993 1061 3055 Si
1083 3001 1115 3056 te
1137 2995 1379 3077 municipiorum
1402 3012 1467 3056 non
1481 2991 1669 3074 pudebatat

306 3112 346 3154 ne
368 3091 510 3154 veterani
531 3089 660 3172 quidem
684 3088 862 3150 exercitus?
895 3088 966 3171 quis
989 3089 1074 3150 enirn
1096 3088 1186 3152 miles
1209 3087 1344 3172 telequi
1365 3086 1524 3151 Brundisii
1545 3085 1631 3150 illam

306 3206 372 3248 non
399 3184 540 3248 videriti
569 3183 640 3265 quis
664 3182 719 3265 qui
750 3181 899 3244 nescierit
918 3181 1045 3244 venisse
1067 3200 1136 3244 eam
1159 3183 1214 3245 tibi
1235 3190 1281 3246 tot
1302 3181 1424 3246 dierum
1450 3181 1500 3244 via
1527 3187 1632 3262 gratu-

305 3279 425 3342 latum?
448 3278 519 3361 quis
542 3277 597 3360 qni
619 3295 683 3337 nou
705 3275 876 3338 indoluerit
897 3283 958 3338 tam
981 3295 1052 3338 sero
1075 3294 1109 3338 se
1132 3296 1226 3358 quam
1247 3297 1383 3361 nequam
1406 3274 1566 3340 homiuem
1582 3293 1632 3336 se·

211 3419 213 3423 -
306 3379 396 3434 cutus
427 3377 511 3433 esset
544 3372 756 3450 cognosceret
800 3366 851 3432 62.
873 3369 982 3442 ltaliae
1014 3390 1121 3433 rursus
1154 3371 1347 3452 percursatio
1376 3369 1487 3434 eadem
1516 3368 1631 3433 comite

306 3467 414 3540 mima,
436 3464 469 3526 in
492 3462 608 3546 oppida
630 3463 761 3524 militum
785 3463 921 3526 crudelis
943 3471 975 3526 ct
996 3464 1110 3526 misera
1132 3463 1296 3538 deductio,
1318 3465 1352 3527 in
1373 3464 1451 3528 urbe
1473 3463 1558 3537 auri,
1579 3482 1668 3531 anso

306 3560 392 3641 genti
415 3557 615 3639 maximeque
637 3556 700 3617 vini
725 3555 821 3619 foeda
842 3555 988 3638 direptio.
1029 3557 1169 3620 Accessit
1188 3565 1223 3620 ut
1245 3557 1377 3621 Caesare
1400 3558 1528 3640 ignaro,
1559 3576 1630 3620 cum

307 3659 390 3717 esset
415 3651 470 3714 ille
497 3649 731 3724 Alexandreae,
760 3648 913 3714 beneficio
936 3651 1109 3714 amicornm
1130 3651 1198 3714 eius
1220 3653 1370 3734 magister
1391 3651 1532 3736 equitum
1555 3671 1630 3716 oon-

1696 1813 1882 1928 efflas&

372 3921 396 3968 t.
415 3916 497 3968 essedo
514 3915 551 3962 V:
570 3927 619 3964 esse
635 3927 712 3979 penus
727 3913 832 3964 osticali
849 3915 879 3964 do
897 3917 907 3964 t
924 3914 1014 3976 (etad
1031 3928 1058 3979 p.
1072 3914 1197 3977 4260,3);
1215 3915 1314 3965 amodo
1331 3914 1363 3975 b;
1382 3917 1460 3967 esedo
1475 3931 1506 3975 ss
1524 3918 1632 3983 casem

309 4020 335 4030 -
354 3992 474 4042 litoresV
495 4017 520 4026 -
545 3990 570 4040 2.
588 3990 676 4040 ioteV
696 4016 722 4026 -
746 3989 848 4038 mimia
868 4015 895 4026 -
916 3989 1069 4051 putabatis
1083 3991 1112 4039 io
1127 3991 1219 4040 enodet
1235 3992 1262 4040 a.
1280 3991 1316 4053 pt.
1334 3991 1432 4043 iictorm
1449 3993 1559 4045 laurenti
1574 4003 1632 4046 onte

306 4067 422 4119 cedebant
437 4067 502 4116 iuter
518 4077 604 4127 pssosq.
620 4078 653 4114 aa
664 4064 686 4113 V
697 4063 787 4115 verbis
804 4064 986 4128 superioribus
1003 4065 1134 4129 repetitis;
1153 4079 1178 4128 q.
1191 4068 1252 4116 ante
1269 4079 1302 4116 ee
1318 4066 1420 4118 addidit
1435 4081 1472 4119 m.
1482 4069 1507 4118 i.
1518 4070 1573 4120 -3,
1585 4071 1632 4120 iso-

305 4145 383 4193 mines
399 4155 481 4192 onae
497 4167 531 4178 -·
547 4141 684 4190 accessorio
696 4151 749 4190 om.
763 4141 773 4188 4
789 4167 823 4177 -
840 4138 918 4189 totob
933 4166 960 4176 -
980 4138 1004 4189 i.
1017 4144 1041 4189 et
1056 4141 1156 4190 inimico
1173 4139 1216 4190 ab
1229 4167 1257 4176 -
1276 4146 1312 4191 set
1328 4141 1551 4194 boluomiomV-
1569 4146 1632 4196 redo

306 4219 341 4267 D:
363 4219 444 4267 raeda
459 4216 494 4275 V;
515 4216 594 4264 rhedo
616 4216 635 4264 0
655 4239 681 4251 ·-
707 4216 731 4264 s.
749 4215 906 4276 occqoissimt
926 4218 995 4264 reeta
1011 4215 1034 4262 V
1049 4241 1082 4250 —
1098 4216 1182 4266 emico
1197 4218 1208 4266 t
1223 4243 1257 4254 -
1281 4218 1367 4280 tepori
1382 4219 1452 4282 Veg
1470 4221 1529 4283 (inp.
1545 4221 1582 4286 flii
1599 4222 1629 4282 V,

304 4293 351 4356 44444
366 4293 459 4354 impuri
475 4293 492 4351 4)
512 4317 540 4328 ·-
559 4291 584 4342 6.
601 4292 693 4340 misera
710 4291 731 4340 V
750 4318 771 4326 -
798 4291 990 4353 foecunditates
1007 4291 1042 4352 gt
1060 4314 1087 4326 —
1113 4291 1137 4341 8.
1156 4297 1253 4342 tantem
1270 4294 1281 4343 t
1300 4319 1327 4331 -
1349 4293 1465 4356 inpressit
1479 4294 1539 4357 Vg;
1562 4307 1632 4344 coes·

302 4367 393 4429 pressit
410 4379 423 4414 a
444 4393 471 4403 -
489 4365 513 4416 9.
531 4365 600 4429 sace]
617 4381 646 4416 sa
664 4367 686 4413 V
705 4393 732 4405 -
754 4368 793 4416 to.
811 4367 908 4416 tabtrco
923 4365 960 4424 V;
979 4365 1071 4415 lubrice
1089 4366 1149 4415 D·
1169 4371 1204 4415 est
1220 4367 1248 4415 in
1264 4366 1324 4417 betto
1342 4368 1352 4416 t
1369 4393 1398 4404 -
1415 4369 1479 4418 seito
1495 4371 1633 4420 staturosis

305 4441 372 4489 V·
391 4454 416 4490 se
432 4453 513 4490 om.a
533 4468 560 4479 -
579 4442 790 4492 dissimitimorom
806 4442 828 4490 V
850 4467 877 4478 -
896 4442 936 4490 tt.
954 4441 1017 4502 felix
1031 4441 1081 4503 soit
1095 4441 1131 4489 V:
1149 4441 1198 4504 sicit
1211 4442 1275 4504 [elie
1290 4443 1312 4493 D
1326 4467 1354 4478 -
1372 4443 1401 4492 in
1416 4443 1513 4494 iscelem
1528 4458 1579 4495 esse
1594 4445 1629 4506 V;

305 4528 355 4566 esse
369 4515 396 4564 io
412 4515 501 4565 scetere
517 4528 558 4578 ag
573 4542 607 4553 -
624 4517 664 4566 43.
683 4517 719 4566 itti
735 4516 857 4566 consecuti
873 4514 906 4576 b;
925 4515 1059 4565 iiscentutis
1074 4515 1096 4564 V
1111 4541 1146 4552 -
1163 4514 1203 4565 44.
1221 4521 1283 4577 aput
1299 4517 1322 4565 V
1341 4545 1368 4555 -
1385 4531 1446 4569 uoce
1461 4519 1524 4567 v-
1541 4533 1631 4584 qenes
1672 4544 1674 4547 ·

306 4589 360 4638 betti
376 4589 411 4638 V:
430 4587 485 4638 tetii
500 4603 589 4652 ponere
605 4591 627 4641 D
646 4618 672 4627 -
698 4592 738 4640 ts.
757 4603 840 4640 eom.
860 4605 875 4640 a
894 4617 921 4626 -
943 4587 989 4640 to:
1002 4592 1069 4641 enim
1084 4604 1100 4641 a
1117 4593 1178 4655 post
1191 4604 1314 4656 mopsien
1329 4592 1420 4643 habet.
1441 4620 1468 4630 -
1488 4595 1528 4644 tr.
1546 4607 1633 4646 eorum

305 4669 360 4715 erat
376 4664 419 4725 put
434 4675 492 4713 cum
507 4669 588 4714 tecum
605 4669 616 4715 4
633 4691 660 4700 -
680 4666 719 4716 48.
738 4666 803 4714 enim
820 4670 855 4715 est
871 4669 883 4715 t
901 4692 928 4702 -
946 4667 1043 4725 ettaV;
1062 4668 1128 4717 euim
1144 4667 1167 4723 t;
1188 4680 1241 4717 om.
1254 4681 1270 4718 a
1283 4694 1310 4704 -
1330 4669 1371 4718 49.
1388 4669 1553 4720 menimissent
1570 4671 1628 4719 V·-

304 4737 384 4800 fociut
404 4737 506 4788 edidisse
522 4739 556 4795 V,
581 4739 640 4790 tort.
660 4753 692 4788 er
712 4739 754 4802 soc
775 4740 830 4790 44444
850 4745 873 4792 ts
896 4741 1034 4792 dedisse-
1053 4741 1080 4791 id
1096 4755 1149 4792 om.
1168 4746 1230 4804 egt
1247 4769 1274 4780 -
1300 4744 1342 4794 2⁰.
1360 4745 1422 4805 quio
1437 4746 1475 4795 D:
1492 4757 1545 4806 qua
1561 4746 1583 4794 V
1600 4771 1627 4782 -

305 4813 346 4862 at.
364 4825 414 4862 non
430 4814 461 4862 sit
478 4826 495 4862 a
512 4818 534 4863 te
550 4816 576 4872 t;
595 4827 612 4863 o
629 4819 652 4864 te
667 4827 718 4864 uon
733 4814 765 4864 sit
781 4826 811 4874 a;
830 4815 856 4864 in
873 4829 890 4880 g
906 4817 938 4866 sit
954 4829 1012 4880 sup.
1026 4814 1071 4866 lin.
1086 4842 1114 4852 -
1132 4816 1232 4867 teutria
1247 4819 1284 4867 V:
1303 4820 1407 4870 recussu
1422 4821 1444 4871 D
1458 4847 1485 4856 -
1503 4820 1628 4872 mitione.

305 4891 362 4938 t-
381 4893 451 4938 tmen
468 4887 627 4951 bencs.Vbt
643 4888 700 4950 (sed
716 4889 855 4952 Vocontii:
875 4890 1035 4954 berettussm
1051 4903 1083 4954 gs
1101 4895 1173 4940 tumn
1189 4905 1242 4942 om.
1257 4907 1271 4943 e
1286 4919 1312 4930 -
1332 4894 1373 4947 il.
1391 4895 1507 4945 ndnmloe
1522 4894 1582 4960 bgt
1600 4923 1627 4936 -

304 4961 564 5027 num1eoebgt-
584 4965 1308 5028 catomo-ideeornoupesseqoodqoodstv-
1327 4971 1368 5021 25.
1387 4972 1630 5036 cmsurv-eoe

306 5038 393 5088 orn.V
413 5063 439 5074 -
455 5038 549 5100 pudeat
565 5039 576 5088 t
594 5064 621 5075 -
640 5039 681 5090 26.
699 5037 812 5089 bunost
827 5041 886 5088 V-
904 5042 945 5091 27.
964 5041 1008 5090 4444
1024 5046 1060 5090 tot
1076 5042 1141 5092 VD:
1160 5048 1196 5093 tot
1211 5045 1255 5095 tibi
1271 5046 1291 5096 0
1306 5072 1332 5083 -
1351 5047 1397 5098 aio
1412 5049 1448 5100 V:
1464 5049 1625 5099 monno-

306 5113 348 5164 28.
366 5125 442 5190 quum
457 5125 580 5174 nosquam
595 5114 632 5174 V;
651 5127 724 5176 quem
740 5115 762 5163 D
782 5138 808 5150 -
828 5121 923 5166 secutus
939 5129 993 5166 om.
1012 5129 1028 5165 a
1046 5141 1073 5150 -
1092 5115 1134 5166 29.
1151 5131 1229 5168 meus
1244 5120 1307 5169 V·
1326 5122 1367 5173 30.
1385 5124 1483 5186 orqmti
1499 5121 1588 5184 ng:
1605 5128 1630 5172 et

306 5189 404 5251 arpenti
420 5191 456 5238 at
474 5215 501 5225 -
520 5189 559 5238 st.
578 5189 652 5252 (sodo
668 5189 700 5250 V,
717 5190 793 5252 tuedo
809 5193 845 5254 gt
862 5192 975 5255 (direptio
989 5191 1064 5255 loedu
1080 5191 1103 5255 a)
1118 5219 1146 5230 -
1164 5193 1204 5244 34.
1222 5195 1275 5260 ipse
1289 5211 1306 5247 a
1319 5222 1345 5236 -
1365 5196 1626 5260 mosdrioeVDQ

191 5299 195 5307 ·
306 5264 354 5316 sed
372 5265 398 5316 in
414 5265 437 5314 V
451 5265 579 5316 eosdm
594 5265 622 5317 in
639 5278 692 5320 ras.
711 5279 748 5322 m.
766 5266 791 5322 t.
