4009 6159
404 559 486 630 liat
840 559 991 625 ORATIO
1013 556 1237 622 PHILIPPICA
1259 556 1283 619 Ι.

484 747 523 784 or.
536 733 572 796 X,
591 731 605 797 fi
622 733 672 783 8-
682 731 721 781 444.
745 730 811 781 Cum
829 743 871 794 ag
887 725 1060 793 negligentius
1077 725 1167 789 seripti
1183 727 1211 775 et
1226 725 1311 786 meps
1326 724 1408 774 vitiati
1424 724 1476 774 sint
1491 735 1572 788 quem
1588 723 1643 782 bt,
1662 722 1731 774 inde

485 807 584 877 alibro
600 805 677 856 tertio
693 805 753 854 uitia
772 805 868 855 borum
884 804 1002 868 propria,
1021 815 1037 851 a
1054 801 1151 866 quibus
1166 799 1185 850 b
1202 804 1230 851 et
1245 802 1256 851 t
1272 797 1348 850 liberi
1364 799 1439 858 sunt,
1457 797 1584 863 pleraque
1600 801 1732 864 praeter-

484 881 613 933 mittendo
629 883 788 946 putavimus.

404 959 410 970 ·
442 984 465 1003 ε
484 958 569 1008 codex
586 955 689 1007 ltalious
706 968 777 1007 seeo.
789 955 843 1015 XV,
861 966 942 1018 quem
961 953 1139 1016 Legomorsini
1155 952 1182 1002 in
1198 949 1321 1001 munibus
1332 948 1424 1000 babuit
1435 951 1545 1000 einum.
1556 951 1589 1000 444
1600 949 1730 1013 signavit.

483 1036 559 1084 Nune
574 1030 693 1097 possidet
710 1032 835 1082 llsrnrcus
844 1032 944 1080 Anares
955 1030 995 1078 vir
1007 1027 1176 1087 clarissimus,
1195 1026 1240 1090 qui
1256 1039 1363 1076 eumer
1377 1023 1501 1076 Hibernia
1515 1025 1620 1076 Baitero
1631 1027 1731 1075 nostro

484 1109 567 1170 misit,
585 1120 665 1172 quem
683 1107 806 1156 eximiam
823 1102 1035 1155 benevolentiam
1046 1104 1135 1153 animo
1152 1102 1302 1164 gratissimo
1318 1099 1422 1166 publice
1434 1100 1597 1164 profitemur.
1623 1102 1732 1151 Lectio-

484 1195 531 1233 nes
555 1182 654 1233 codicis
676 1181 865 1244 exscripsimus
886 1191 935 1242 per
956 1178 1071 1242 primum
1093 1175 1191 1226 librum
1212 1179 1240 1226 et
1260 1190 1310 1241 per
1331 1189 1377 1224 eas
1396 1173 1558 1240 reliquarum
1573 1176 1731 1226 orationum

484 1259 587 1321 portes,
605 1269 674 1320 quoe
691 1257 736 1306 aut
752 1257 777 1305 in
795 1256 818 1304 V
834 1256 879 1304 eut
895 1255 922 1304 in
939 1255 960 1304 D
978 1252 1171 1304 desiderentur.

441 1349 465 1369 =
484 1331 564 1381 editio
586 1329 713 1382 Orelliann
736 1330 809 1382 ⁴826.
840 1331 938 1380 lterum
961 1327 1118 1393 Philippices
1135 1323 1212 1378 Orelli
1229 1325 1311 1378 edidit
1326 1327 1413 1377 'turiei
1430 1326 1505 1389 isar,
1526 1327 1635 1377 tertium
1651 1329 1672 1377 1.
1691 1329 1728 1378 ll.

483 1410 511 1457 et
526 1406 591 1457 xlv.
609 1407 635 1457 in
652 1405 815 1457 orationibus
831 1403 937 1455 selectis
953 1404 1007 1454 XV.
1030 1403 1116 1453 Turici
1133 1401 1205 1452 4836.

961 1611 1166 1621 ——m

871 1793 1025 1866 mm
1044 1793 1251 1868 mutus

1019 1970 1110 1978 ——a

486 2093 510 2155 1.
533 2086 563 2154 l.
585 2092 666 2154 Ante
688 2109 784 2174 quam
807 2089 846 2154 de
868 2110 902 2153 re
923 2090 1067 2176 publica,
1096 2097 1201 2174 patres
1223 2090 1409 2173 conscripti,
1437 2090 1537 2153 dicam
1559 2109 1613 2166 ea,
1638 2111 1723 2175 qnae

402 2185 536 2250 dicenda
556 2185 617 2249 hoe
638 2190 780 2266 tempore
802 2183 950 2260 arbitror,
973 2205 1129 2267 exponam
1148 2184 1237 2249 vobis
1258 2183 1394 2248 breviter
1413 2185 1580 2249 eonsilium
1594 2192 1627 2248 et
1647 2206 1724 2269 pro·

400 2279 547 2344 fectionis
569 2285 601 2340 et
621 2278 812 2342 reversionis
834 2297 932 2340 meae.
968 2279 1036 2361 Ego
1057 2299 1129 2342 cum
1150 2298 1308 2362 sperarem
1328 2278 1505 2363 aliquando
1520 2279 1558 2341 ad
1580 2288 1723 2355 vestrum

213 2386 286 2497 ss&
401 2372 569 2437 eonsilium
587 2371 870 2454 auctoritatemque
884 2392 950 2435 rem
965 2372 1121 2456 publicam
1137 2393 1206 2436 esse
1220 2379 1413 2447 revocatam,
1435 2372 1626 2435 manendum
1640 2373 1721 2436 mibi

376 2466 576 2530 ostatuebam
599 2465 689 2547 quasi
713 2465 745 2528 in
759 2465 868 2548 vigilia
889 2465 1025 2548 quadam
1048 2467 1203 2529 consulari
1226 2486 1263 2528 ae
1285 2467 1450 2530 senatoria.
1485 2468 1550 2529 Nee
1570 2485 1646 2530 vero
1666 2487 1723 2530 us·

401 2581 496 2644 quam
519 2558 719 2623 discedebam
740 2579 800 2622 nee
823 2577 841 2622 a
862 2579 896 2623 re
917 2559 1045 2642 publica
1066 2559 1250 2624 deiiciebam
1271 2560 1379 2624 oculos
1401 2581 1442 2623 ex
1463 2580 1502 2624 eo
1524 2561 1584 2634 dic,
1606 2561 1721 2643 quoin

401 2655 510 2717 aedem
539 2652 675 2715 Telluris
706 2655 868 2717 convocati
890 2674 1009 2717 sumus.
1044 2655 1080 2716 In
1102 2674 1166 2736 quo
1188 2653 1322 2736 templo,
1351 2654 1557 2736 quantumin
1579 2674 1629 2718 me
1649 2654 1721 2730 init,

400 2747 460 2812 ieri
482 2745 688 2810 fundamenta
709 2745 796 2832 pacis
809 2746 1114 2831 Atheniensiumque
1136 2749 1284 2811 renovavi
1299 2754 1389 2809 vetus
1404 2747 1601 2830 exemplum3
1622 2748 1721 2810 Grae-

400 2862 472 2905 oum
502 2839 598 2903 etiam
624 2841 754 2904 verbum
785 2842 950 2924 usurpari,
979 2861 1044 2924 quo
1075 2849 1141 2904 tum
1163 2840 1196 2902 in
1218 2839 1365 2903 sedandis
1387 2838 1552 2903 discordiis
1572 2860 1631 2903 usa
1652 2849 1721 2904 erat

362 2935 511 3004 tooivitas
532 2933 606 3008 illa,
631 2941 728 3018 atque
752 2955 878 2998 omnem
899 2936 1082 2998 memoriam
1105 2933 1329 2998 discordiarum
1351 2934 1508 2996 oblivione
1528 2936 1720 3018 sempiterna

399 3027 566 3093 delendam
589 3028 708 3092 censui.
745 3024 775 3090 2.
798 3028 961 3092 Praeclara
983 3036 1050 3092 tum
1073 3031 1172 3092 oratio
1194 3030 1235 3091 Μ.
1250 3028 1394 3102 Antonii,
1417 3027 1540 3111 egregia
1555 3029 1648 3091 etiam
1662 3048 1720 3092 ro-

398 3124 522 3196 luntas3
549 3141 612 3204 pax
640 3121 777 3206 denique
805 3142 863 3204 per
892 3143 965 3208 eum
987 3131 1020 3186 et
1042 3142 1100 3206 per
1121 3122 1238 3185 liberos
1259 3121 1327 3184 eius
1349 3142 1420 3185 eum
1443 3123 1717 3204 praestantissimis

398 3217 520 3281 civibus
549 3214 732 3279 confirmata
755 3224 813 3279 est.
857 3218 960 3300 Atque
985 3216 1036 3280 bis
1057 3216 1221 3300 principiis
1242 3215 1366 3299 reliqua
1388 3216 1634 3304 consentiebant
1670 3217 1718 3279 Ad

399 3309 644 3375 deliberationes
667 3329 740 3384 eas,
764 3329 843 3393 quas
866 3309 1001 3373 babebat
1023 3312 1106 3373 domi
1129 3311 1168 3372 de
1191 3307 1387 3390 republica,
1409 3309 1718 3392 principeseivitatis

273 3407 277 3414 “
361 3404 586 3478 rsadbibeba13
608 3401 647 3465 ad
669 3402 754 3465 bunc
777 3403 919 3467 ordinem
938 3425 990 3468 res
1005 3405 1139 3486 optimae
1154 3403 1330 3477 deserebai;
1353 3402 1433 3465 nibil
1447 3410 1530 3478 tum,
1552 3403 1616 3468 nisi
1630 3404 1718 3486 quod

398 3505 467 3564 erat
488 3505 596 3560 notum
619 3496 785 3572 omnibus,
808 3497 841 3559 in
865 3496 898 3559 C.
922 3496 1063 3561 Caesaris
1086 3496 1317 3561 commentariis
1338 3496 1569 3580 reperiebatur,
1597 3516 1719 3562 summa

397 3590 574 3657 oonstantia
595 3589 635 3652 ad
657 3609 694 3652 ea
716 3609 798 3674 quae
820 3592 963 3674 quaesita
984 3600 1089 3666 erant,
1112 3591 1334 3674 respondebat.
1375 3587 1406 3653 3.
1423 3592 1505 3655 Num
1520 3591 1576 3674 qui
1591 3590 1718 3655 exsules

397 3683 556 3750 restitutit
589 3683 693 3746 Unum
723 3683 841 3759 aiebat,
868 3693 1032 3766 praeterea
1061 3685 1232 3747 neminem.
1267 3687 1348 3747 Num
1371 3684 1582 3747 immunitates
1604 3685 1718 3748 datae?

396 3777 525 3852 Nullae,
547 3775 768 3860 respondebat.
804 3778 956 3842 Assentiri
980 3779 1075 3844 etiam
1097 3799 1154 3842 nos
1177 3778 1244 3840 Ser.
1265 3777 1422 3860 Sulpicio,
1444 3776 1618 3842 clarissimo
1639 3777 1717 3872 pipo,

462 4051 599 4098 lsscrrrrro
616 4058 754 4097 omrrorre.
782 4049 830 4097 Pro
851 4048 962 4098 Forrnro
983 4044 1082 4098 errerc‘.
1100 4046 1177 4098 rrrrr'.
1194 4041 1369 4098 rrrrrrrrcrrr'r
1384 4046 1419 4105 V;
1442 4047 1532 4109 incipit
1545 4046 1607 4098 iiber
1621 4047 1720 4098 Priores

396 4125 591 4187 Plilippieonrm
608 4134 637 4185 g,
656 4120 738 4172 abit
754 4124 846 4172 carent
861 4123 1041 4188 inscriptione.

463 4202 486 4250 4.
503 4200 565 4249 Arte
576 4211 654 4260 quom
663 4223 701 4234 --
711 4198 858 4247 reversionis
873 4211 944 4249 oseae
959 4199 1037 4249 alferi
1047 4196 1151 4249 Grillius
1167 4197 1211 4249 tol.
1223 4197 1252 4250 st
1273 4197 1422 4261 eademque
1433 4196 1516 4247 verbs
1532 4197 1593 4249 inde
1610 4211 1662 4248 av.
1675 4211 1719 4248 eo·

394 4289 490 4339 possum
505 4273 605 4326 Nonius
623 4286 650 4337 p.
665 4273 714 4322 222
731 4273 758 4322 et
774 4271 822 4322 299
840 4273 873 4323 Μ.
893 4298 920 4308 -
939 4273 968 4324 de
983 4287 1037 4336 rep.
1055 4275 1139 4323 dicam
1151 4287 1179 4336 p.
1197 4287 1219 4323 c.
1237 4287 1268 4324 eo
1285 4271 1397 4323 Grillius.
1417 4297 1444 4308 -
1462 4273 1487 4322 2.
1504 4272 1572 4322 uobis
1587 4285 1641 4324 om.
1659 4276 1670 4324 t
1687 4299 1716 4310 -

396 4357 420 4402 44
435 4352 560 4402 omittunt
576 4347 678 4400 Grillius
696 4349 723 4397 et
740 4348 846 4398 Nonius.
871 4374 895 4384 -
920 4347 944 4397 o.
962 4348 1095 4399 4444444444
1110 4347 1225 4412 Vabgi
1243 4350 1279 4410 (et
1294 4348 1334 4398 sie
1350 4360 1459 4412 semper
1478 4347 1500 4394 V
1518 4349 1544 4398 in
1565 4349 1617 4398 boc
1633 4348 1718 4399 verbo

397 4429 425 4476 ei
440 4427 467 4476 in
485 4425 615 4488 cognatis,
638 4420 710 4485 quod
727 4419 810 4472 semel
828 4423 934 4472 notasse
951 4422 1087 4486 sufficiet),
1110 4424 1239 4474 (44444ιὸ444
1255 4425 1268 4473 4
1289 4425 1341 4485 (nee
1356 4436 1416 4473 vero
1427 4449 1465 4460 ··
1475 4424 1558 4474 oculor
1572 4424 1649 4476 alieri
1664 4425 1719 4474 tio·

397 4500 455 4550 nins
472 4512 498 4564 p.
512 4499 560 4549 289
572 4499 605 4550 Μ.
621 4496 747 4562 idemque
758 4511 784 4562 p.
795 4497 851 4548 327.
869 4499 899 4548 lo
910 4511 959 4560 quo
970 4499 1059 4561 ternplo
1070 4525 1085 4536 ·
1094 4529 1109 4540 -
1118 4498 1188 4562 4444.
1199 4498 1290 4561 pacis.)
1305 4523 1332 4534 -
1345 4498 1372 4547 irs
1383 4499 1544 4548 444444444-
1562 4500 1587 4550 8.
1599 4500 1719 4550 morans

397 4578 448 4625 t-
466 4574 491 4624 9.
503 4572 767 4624 uerdrsrrsomrsestiom
782 4573 905 4635 usurpari
922 4572 980 4623 b-
999 4575 1066 4634 qnod
1082 4575 1159 4638 agii
1173 4600 1200 4610 -
1218 4577 1311 4633 tusct3
1329 4573 1452 4625 omb-
1464 4588 1513 4625 uso
1527 4573 1653 4625 erotVb:
1670 4588 1719 4624 use

396 4663 450 4700 om.
463 4650 537 4713 agi:
554 4649 711 4712 carpereti
725 4677 752 4686 -
767 4650 806 4700 44.
818 4651 901 4698 marci
913 4663 930 4712 g
943 4675 970 4686 -
985 4651 1072 4699 444444
1084 4647 1113 4698 V¹
1128 4677 1155 4686 -
1173 4651 1321 4714 4444444444
1336 4651 1386 4701 sot.
1400 4650 1419 4701 b
1433 4675 1460 4688 -
1481 4650 1719 4715 lamentantibus

396 4739 452 4774 4-
469 4723 509 4774 43.
522 4728 596 4786 atque
609 4723 728 4786 princi„
744 4723 806 4773 Aisa
822 4751 848 4760 -
862 4724 1045 4788 44144444)-
1060 4726 1288 4778 44.4444’44444444.
1306 4729 1358 4776 t-
1377 4727 1718 4790 resur-repeteretur

396 4812 413 4863 g
423 4798 430 4848 i
446 4799 506 4862 post
520 4797 682 4860 respondebat
699 4797 807 4850 babent.
818 4825 845 4835 —
865 4801 913 4850 risi
924 4803 989 4862 quod
1000 4807 1055 4851 4444
1064 4817 1090 4851 rs.
1103 4801 1216 4852 omnibus
1225 4801 1278 4850 Vi:
1297 4813 1351 4852 om.
1363 4803 1385 4853 D
1400 4829 1427 4840 -
1446 4803 1486 4853 46.
1497 4804 1535 4852 ris
1545 4803 1719 4852 romesinis

395 4873 565 4936 reperiebatur
580 4887 679 4924 4444444
694 4875 716 4922 V
728 4887 765 4925 m.
778 4876 793 4924 4
810 4877 836 4925 in
854 4889 944 4927 rasura
962 4879 1090 4941 scriptum
1107 4875 1196 4926 babet
1212 4899 1238 4912 -
1257 4890 1356 4927 surano
1370 4890 1428 4927 eum
1444 4878 1563 4941 dipsitote
1577 4876 1719 4927 4444444444

398 4949 437 4999 Di
456 4975 483 4985 -
502 4948 542 4998 47.
560 4962 626 4999 runc
642 4949 664 4997 V
681 4973 709 4984 -
728 4949 813 4999 4444444
828 4949 898 5000 VDi
918 4977 945 4987 -
964 4951 1004 5001 t8.
1022 4951 1129 5001 restituit
1144 4951 1166 4998 V
1181 4975 1209 4986 -
1228 4951 1310 5001 oiebai
1326 4953 1387 5014 agi
1405 4979 1432 4989 -
1449 4953 1718 5013 mmieasnrespos

397 5037 449 5076 om.
469 5025 476 5073 i
493 5023 566 5074 initio
583 5025 702 5088 peginoo.
722 5049 749 5060 -
773 5025 931 5076 inmunitates
950 5028 985 5089 gt
1010 5027 1038 5076 et
1057 5026 1156 5077 Nonius
1178 5038 1204 5089 p.
1223 5025 1265 5086 34),
1283 5028 1328 5090 qui
1344 5026 1427 5077 babet
1439 5041 1501 5078 srers
1515 5027 1577 5077 4444.
1594 5027 1669 5076 datos
1686 5049 1715 5062 -

397 5099 436 5149 49.
454 5099 539 5149 4444444
558 5097 721 5161 respondebat
742 5111 794 5149 om.
813 5100 850 5160 D-;
873 5101 956 5150 4444444
976 5099 1138 5162 respondebat
1154 5099 1298 5163 Madvigius
1317 5101 1343 5151 in
1360 5101 1403 5151 ed.
1422 5101 1437 5150 3
1455 5103 1486 5164 (a.
1507 5101 1578 5162 4848)
1597 5100 1715 5150 exenni.

395 5173 588 5237 Wesenbergii.
602 5199 630 5209 -
649 5173 768 5224 4444444444
778 5173 836 5238 Vg;
855 5177 977 5227 assentari
993 5173 1071 5230 bt—
1089 5173 1189 5242 sulpitio
1206 5175 1234 5226 ii
1247 5201 1274 5211 -
1291 5175 1355 5228 clar.
1369 5175 1433 5242 viro]
1450 5188 1473 5224 c.
1485 5188 1512 5228 44.
1529 5174 1597 5233 abi;
1614 5189 1639 5224 4.
1651 5187 1675 5224 4.
1689 5180 1714 5234 t;

394 5250 450 5306 riro
466 5249 593 5304 4444444444
608 5261 632 5316 g.
