4009 6159
704 542 932 660 cmiv-'n
961 591 1007 677 §a
1029 574 1156 657 4-44,
1519 570 1596 655 4444

274 766 380 829 'batur
400 764 550 846 singulari
570 764 687 847 pietate
708 759 812 838 filius3
832 784 896 826 non
916 747 1051 826 multum
1073 764 1141 827 eius
1162 761 1388 844 perturbationi
1409 780 1499 824 meus
1513 761 1604 824 dolor

287 858 497 922 concedebat:
527 858 581 923 sed
610 866 742 943 uterque
771 868 913 922 nostrum
942 859 1054 921 cedere
1082 856 1252 938 cogebatur
1278 855 1486 936 magnitudini
1507 856 1604 919 animi

286 954 501 1036 orationisque
528 953 687 1037 gravitati,
717 973 787 1016 cum
819 952 948 1037 quidem
974 952 1028 1015 ille
1055 951 1192 1015 maxima
1222 950 1315 1013 laude
1341 958 1373 1012 et
1397 948 1604 1031 gratulatione

287 1048 425 1110 omnium
453 1056 593 1111 vestrum
621 1047 780 1131 pollicitus
812 1055 859 1110 est
887 1069 921 1110 se
951 1046 1037 1130 quod
1058 1045 1182 1108 44114414
1211 1064 1280 1108 4444
1300 1043 1470 1117 iacturum,
1485 1049 1604 1125 ’444444

287 1142 356 1204 4144
385 1143 559 1207 4444444144
585 1141 759 1225 periculum
785 1141 969 1215 vitaturum,
998 1140 1088 1203 cuius
1116 1138 1186 1222 ipse
1214 1145 1324 1202 auctor
1347 1136 1476 1200 fuisset:
1509 1155 1627 1220 quemn

287 1238 421 1319 exsequi
448 1235 594 1298 mandata
623 1241 727 1297 nestra
753 1242 974 1317 properantem
1002 1253 1093 1296 mane
1115 1232 1269 1316 postridie
1295 1232 1454 1315 prosecuti
1486 1251 1604 1295 sumus.

287 1327 349 1403 Qui
376 1328 504 1412 quidem
535 1326 698 1390 discedens
720 1345 841 1391 mecum
863 1329 909 1391 ita
928 1329 1055 1392 locutus
1075 1335 1139 1403 est,
1166 1335 1203 1392 ut
1223 1329 1291 1391 4144
1313 1326 1413 1391 444414
1434 1321 1605 1390 ementati

285 1420 454 1484 videratur.

370 1512 635 1580 1.111.1144141444
666 1519 775 1600 igitur,
804 1526 907 1601 patres
935 1517 1121 1600 conscripti,
1148 1517 1178 1581 ei
1209 1519 1320 1592 444444,
1349 1516 1401 1580 444
1428 1515 1605 1580 ademistis:

287 1611 457 1675 414444144
486 1620 679 1675 mortuorum
701 1613 735 1674 in
758 1615 905 1675 memoria
927 1619 976 1675 est
998 1612 1104 1695 posita
1124 1610 1277 1674 414444444.
1319 1610 1479 1684 Ρ44114144,
1506 1609 1645 1684 44414,44

289 1725 383 1788 quem
407 1725 462 1769 444
484 1706 574 1768 444411
598 1705 637 1769 441
660 1713 791 1768 mortem
814 1705 958 1781 misistis,
980 1705 1245 1768 immortalitatem
1259 1704 1374 1768 babeat
1387 1724 1406 1767 a
1420 1703 1519 1768 vobis.
1550 1701 1608 1765 Cui

288 1800 313 1862 41
344 1806 477 1862 statuam
506 1802 540 1863 44
567 1800 677 1863 rostris
706 1799 832 1862 decreto
860 1805 965 1862 vestro
993 1799 1176 1873 statueritis,
1207 1798 1295 1861 nulla
1323 1800 1390 1862 eius
1417 1797 1607 1880 legationem

287 1895 478 1976 posteritatis
501 1894 682 1957 obscurabit
703 1893 828 1956 oblivio.
864 1893 943 1956 Nam
965 1893 1089 1977 reliqua
1111 1894 1177 1957 Ser.
1194 1892 1325 1976 Sulpicii
1342 1893 1407 1955 4444
1428 1891 1533 1955 multis
1549 1889 1609 1953 erit

287 1986 522 2071 praeclarisque
548 1988 758 2050 monumentis
787 1984 826 2048 ad
856 2005 980 2048 omnem
1008 1988 1190 2050 memoriam
1211 1985 1438 2049 commendata.
1478 1984 1610 2066 Semper
1738 2059 1742 2068 Ι

287 2081 371 2144 111444
393 2082 594 2163 gravitatem,
617 2081 842 2154 constantiam,
864 2079 975 2154 fidem,
1005 2087 1215 2164 praestantem
1238 2083 1270 2144 in
1291 2099 1326 2143 44
1346 2078 1475 2163 publica
1491 2075 1609 2141 tuenda
1617 2091 1645 2138 te

288 2195 394 2237 curam
423 2183 518 2258 atque
539 2176 736 2259 prudentiam
767 2175 907 2238 omnium
929 2173 1108 2236 mortalium
1129 2172 1212 2236 lama
1234 2173 1414 2236 celebrabit.
1447 2175 1513 2237 Nec
1533 2190 1608 2235 4444

288 2268 432 2331 silebitur
452 2268 646 2332 admirabilis
668 2268 824 2352 quaedam
847 2276 878 2331 et
898 2266 1095 2330 incredibilis
1117 2287 1153 2330 ao
1173 2287 1273 2350 paene
1295 2268 1402 2330 4114144
1420 2268 1488 2331 4144
1509 2266 1543 2328 14
1564 2266 1609 2328 le-

289 2361 379 2444 gibus
401 2363 662 2446 interpretandis,
684 2363 843 2447 aequitate
866 2359 1054 2445 explicanda
1075 2360 1216 2423 44144444.
1249 2360 1366 2424 Omnes
1388 2380 1429 2423 ex
1451 2360 1537 2423 omni
1558 2377 1610 2422 ae-

288 2461 362 2528 tate,
385 2455 440 2536 qui
461 2455 494 2517 in
515 2456 574 2519 bac
596 2457 722 2520 civitate
744 2455 984 2538 intelligentiam
999 2455 1077 2517 14414
1091 2453 1279 2529 babuerunt,
1302 2457 1329 2517 si
1345 2474 1441 2518 unum
1455 2454 1488 2517 14
1504 2453 1610 2516 locum

289 2545 505 2622 conferantur,
528 2569 599 2612 cum
623 2550 688 2612 Ser.
712 2549 853 2632 Sulpicio
874 2569 938 2630 nou
962 2549 1026 2611 sint
1047 2549 1259 2631 comparandi.
1290 2549 1355 2611 Nec
1377 2548 1461 2610 enim
1475 2547 1530 2609 ille
1545 2563 1647 2610 ma-ao

289 2640 336 2722 gis
358 2641 435 2704 iuris
459 2643 623 2706 consultus
645 2664 740 2729 quam
763 2643 901 2706 iustitiae
923 2643 991 2705 1414.
1029 2637 1079 2704 11.
1101 2643 1149 2705 lta
1169 2663 1207 2705 44
1229 2663 1310 2727 quae
1331 2639 1611 2726 proficiscebantur

287 2753 307 2796 a
328 2735 450 2817 legibus
473 2743 506 2800 et
526 2737 566 2801 ab
587 2738 655 2801 iure
678 2738 762 2801 414111
785 2757 909 2819 semper
922 2736 962 2800 ad
978 2735 1162 2800 facilitatem
1176 2738 1432 2821 aequitatemque
1445 2734 1611 2808 referebat,

288 2847 393 2912 neque
424 2831 590 2894 instituere
621 2832 724 2895 litium
758 2834 898 2895 actiones
932 2830 1068 2894 malebat
1100 2849 1194 2914 quam
1228 2830 1456 2894 conuenersias
1488 2827 1610 2890 tollere.

287 2923 371 3005 Ergo
392 2923 453 2987 hoo
475 2931 597 2990 statuae
620 2934 823 2990 monumento
846 2945 910 2988 non
932 2930 1024 3006 eget:
1048 2923 1145 2987 babet
1165 2925 1226 2988 alia
1248 2925 1375 2988 maiora.
1418 2920 1504 2984 Haec
1525 2920 1609 2983 euim

289 3025 392 3080 statua
414 3019 523 3081 mortis
543 3018 696 3084 honestae
718 3021 806 3084 testis
829 3021 904 3094 4444,
934 3011 997 3082 1114
1018 3017 1169 3081 memoria
1189 3019 1274 3082 vitae
1295 3016 1466 3100 gloriosae,
1494 3013 1647 3078 44144444

289 3110 388 3192 magis
411 3111 638 3177 monimentum
661 3115 739 3196 grati
761 3123 888 3178 senatus
911 3133 1007 3198 quam
1028 3112 1103 3177 clari
1124 3112 1180 3175 4444
1202 3111 1342 3175 loturum
1365 3111 1417 3174 sit.
1460 3105 1511 3171 12.
1529 3106 1611 3172 1141-

289 3208 354 3266 tum
376 3204 470 3267 etiam
492 3207 628 3270 valuisse
659 3207 699 3270 ad
722 3208 819 3292 patris
841 3208 992 3272 bonorem
1016 3208 1119 3291 pietas
1142 3204 1200 3270 11111
1221 3205 1395 3270 videbitur:
1424 3203 1479 3289 qui
1500 3221 1610 3286 quam·

290 3316 386 3381 quam
415 3299 550 3363 afflictus
580 3301 667 3364 14444
696 3321 760 3364 444
787 3301 895 3377 441444,
926 3309 1031 3365 tamen
1053 3302 1100 3366 414
1121 3303 1248 3366 animati
1269 3321 1340 3365 4444
1362 3300 1499 3374 debetis,
1526 3305 1563 3362 ut
1583 3297 1610 3361 41

288 3392 343 3456 1114
365 3393 500 3457 adesset.
542 3395 599 3458 Est
630 3404 733 3459 autem
756 3397 800 3460 ita
821 3397 968 3471 affectus,
997 3402 1034 3459 ut
1053 3414 1148 3458 nemo
1169 3415 1319 3479 umquam
1341 3393 1428 3457 unici
1449 3389 1506 3454 filii
1527 3410 1612 3453 mor·

288 3491 353 3548 tem
375 3488 474 3570 magis
496 3487 633 3552 doluerit
655 3509 750 3573 quam
771 3489 827 3553 1114
848 3498 966 3554 maeret
986 3489 1099 3572 patris.
1126 3489 1169 3551 Et
1182 3488 1312 3573 quidem
1329 3488 1424 3551 etiam
1442 3486 1483 3549 ad
1495 3484 1610 3550 tamam
1620 3497 1650 3547 eo

289 3579 355 3642 Ser.
379 3579 509 3663 Sulpicii
533 3578 590 3646 filii
612 3583 746 3648 arbitror
767 3585 940 3666 pertinere,
970 3591 1006 3647 ut
1026 3583 1173 3647 videatur
1192 3582 1345 3646 bonorem
1367 3581 1508 3645 debitum
1528 3581 1611 3665 patri

288 3673 494 3755 praestitisse.
531 3675 730 3760 Quamquam
751 3677 874 3740 nullum
895 3677 1271 3742 monumentumclarius
1294 3677 1361 3739 Ser.
1383 3676 1542 3761 Sulpicius
1562 3695 1612 3739 re-

289 3768 434 3850 linquere
458 3770 562 3853 potuit
583 3790 677 3853 quam
699 3767 836 3854 effigiem
859 3791 981 3835 morum
996 3791 1141 3846 suorum,
1163 3771 1297 3845 virtutis,
1319 3771 1523 3845 constantiae,
1544 3769 1613 3852 pie·

289 3863 378 3938 tatis,
402 3862 520 3945 ingenii
543 3859 660 3940 filiurn,
684 3866 774 3929 euius
796 3865 898 3929 luctus
921 3872 977 3930 aut
998 3865 1059 3929 boc
1079 3866 1202 3929 honore
1216 3871 1321 3929 444444
1343 3872 1398 3930 aut
1419 3863 1507 3927 nullo
1529 3863 1612 3928 4414·

290 3955 338 4018 414
359 3955 457 4019 144441
479 3965 591 4040 potest.
1620 3968 1649 4015 45

355 4161 378 4210 4.
395 4156 584 4222 perturbationi
601 4162 612 4211 t
630 4188 657 4199 -
679 4163 750 4212 dolor
765 4163 867 4214 44444414
884 4191 917 4201 -
936 4163 960 4214 4.
978 4169 1091 4214 nostraan
1106 4164 1118 4212 t
1136 4189 1161 4201 -
1182 4163 1207 4214 a.
1225 4169 1312 4214 nostro
1327 4161 1346 4212 b
1366 4189 1393 4199 —
1408 4163 1563 4226 persecutia
1582 4187 1608 4198 -

289 4233 314 4283 1.
334 4235 541 4296 444444411-
560 4235 703 4286 damnatam
719 4234 750 4285 1ι
768 4262 795 4274 -
814 4240 839 4289 9.
857 4239 937 4288 atam
953 4239 976 4289 et
991 4238 1025 4300 b;
1048 4239 1165 4288 4444444444
1181 4238 1229 4297 144
1257 4239 1360 4288 4444444444
1377 4239 1388 4287 4
1406 4265 1433 4274 -
1452 4239 1541 4289 14444
1557 4249 1610 4287 om.

290 4305 359 4357 b-
373 4310 455 4371 posito
470 4310 1245 4377 44444444144444444444444444;4444444444444414-
1265 4312 1395 4364 tt.n'nscti
1411 4313 1445 4362 ad
1460 4311 1610 4362 4444444414

290 4383 325 4432 ad
345 4389 449 4433 mortem
470 4385 541 4434 4444444
563 4387 585 4436 D
612 4412 638 4421 -
662 4387 748 4438 n'om.
767 4387 819 4439 v¹t
841 4415 868 4425 —
894 4389 934 4439 44.
953 4389 1048 4439 domno
1068 4392 1149 4438 4444444
1167 4389 1331 4439 1144444414
1345 4390 1435 4439 natata
1450 4389 1473 4437 1
1491 4415 1518 4425 -
1540 4385 1612 4438 nona

291 4457 360 4520 Vag
379 4483 406 4493 -
426 4456 465 4507 43.
485 4457 615 4510 obcnroait
625 4460 660 4520 V;
679 4462 846 4513 inobscurabit
862 4466 935 4526 agt;
954 4463 1110 4513 inobcanobs't
1126 4462 1184 4512 b-
1203 4463 1291 4526 44414444
1307 4465 1369 4513 1-
1389 4464 1429 4514 lb.
1445 4469 1613 4528 praestantem
1716 4510 1717 4513 ,

290 4531 325 4582 V:
345 4533 566 4594 praestanttcnrl)
587 4561 612 4570 —
638 4536 678 4585 lb.
698 4537 780 4600 atqae]
798 4539 858 4587 adt
876 4563 903 4572 -
927 4538 967 4588 41.
985 4537 1103 4602 4444144444]
1124 4533 1282 4589 debacantur
1294 4537 1431 4601 4444144444
1447 4541 1458 4589 4
1473 4565 1506 4575 -
1527 4552 1559 4588 oc
1574 4538 1611 4588 V:

289 4607 397 4656 4411-
413 4609 543 4668 44444411)
563 4633 591 4645 -
610 4609 649 4660 48.
668 4613 787 4661 antenna
804 4625 819 4661 a
838 4637 865 4647 -
885 4613 926 4662 49.
944 4613 992 4663 baa
1008 4614 1034 4662 tn
1051 4617 1099 4677 gt3
1117 4613 1164 4662 bac
1180 4611 1306 4663 44414-
1324 4613 1612 4678 tnnlbqentiornvt—

289 4683 353 4732 444444
370 4693 422 4733 om.
441 4683 462 4733 D
481 4709 508 4719 -
527 4682 657 4734 4444444444
674 4688 697 4748 4,
723 4685 772 4736 sed
789 4699 857 4737 corr.
877 4699 912 4737 44.
932 4687 1036 4738 4441444.
1056 4713 1083 4722 -
1108 4688 1150 4738 20.
1168 4688 1263 4749 44444444
1279 4687 1325 4745 11ς
1343 4688 1445 4750 mndata
1461 4687 1494 4738 V’
1510 4712 1538 4722 —
1557 4691 1614 4736 sant

290 4758 385 4821 ag¹-
404 4758 499 4807 nccV:
522 4761 637 4821 neqnel)
658 4787 684 4798 -
708 4761 1039 4813 4444444444.4-41.444
1065 4763 1501 4824 444444144444444444411-
1521 4761 1562 4811 24.
1581 4759 1613 4810 ab

289 4835 395 4884 4444414
414 4846 430 4882 a
446 4835 502 4883 iare
517 4835 539 4884 D
558 4859 586 4870 -
605 4837 639 4884 ad
654 4835 785 4885 4444444444
802 4836 894 4887 Lamb.
914 4851 945 4887 ex
964 4840 1033 4888 4444.
1052 4836 1162 4888 41444444
1180 4837 1250 4886 414441
1266 4836 1395 4898 hominis,
1413 4847 1494 4900 quam
1511 4837 1569 4900 ipse
1586 4836 1613 4886 iu

291 4908 378 4958 adnot.
397 4907 564 4972 improbavit.
578 4933 605 4944 -
624 4909 665 4959 43.
684 4913 829 4961 constituere
846 4913 867 4962 D
882 4937 908 4966 -.
927 4911 998 4962 14444444
1014 4909 1047 4962 11
1061 4939 1086 4949 -
1104 4913 1145 4962 45.
1164 4917 1230 4962 acta
1245 4910 1278 4961 1Ι
1291 4939 1318 4949 -
1336 4911 1377 4962 4144
1387 4912 1419 4961 11
1432 4937 1460 4950 -
1477 4911 1519 4961 26.
1531 4909 1614 4974 44444444

290 4995 344 5047 ag:
363 4984 445 5032 mains
460 4983 527 5034 Vbt
546 5011 572 5020 -
591 4985 692 5034 monim.
711 4986 746 5035 V:
763 4999 873 5036 4444444444.
893 4987 961 5038 0-
977 4988 1107 5051 94444144
1128 4989 1215 5052 qratia
1230 4987 1322 5048 vtar3
1346 4984 1553 5052 4444144143-
1569 4985 1613 5046 sn-

290 5057 362 5109 tnrais
377 5058 447 5108 4441
466 5085 492 5094 -
515 5059 741 5124 414444441414
762 5087 789 5099 -·
813 5063 854 5112 48.
873 5063 988 5126 4414144444
1004 5062 1027 5112 1
1045 5089 1073 5100 -
1095 5063 1137 5113 49.
1156 5063 1304 5127 4444444441
1322 5089 1349 5100 -
1369 5063 1406 5127 fili
1421 5062 1444 5111 V
1462 5087 1490 5097 ·-
1508 5065 1613 5109 4444444444

291 5145 344 5183 om.
362 5131 396 5192 h;
413 5137 494 5182 morte
507 5135 533 5184 44
551 5134 574 5184 1
590 5133 653 5198 legit
669 5135 789 5197 Ursinus,
808 5137 856 5187 sed
873 5137 954 5187 habet
969 5133 1064 5195 mort&
1083 5137 1116 5189 41.
1128 5137 1193 5188 Pbll.
1205 5137 1265 5199 llll,
1284 5137 1298 5201 5
1315 5139 1356 5188 45.
1372 5163 1400 5173 -
1417 5135 1457 5185 30.
1475 5138 1499 5184 et
1514 5131 1613 5195 qnidnn

290 5207 326 5257 V:
344 5207 534 5269 noeaoeane
553 5235 580 5246 -
600 5210 640 5261 34.
659 5210 852 5273 44444444-
870 5211 985 5276 44441-
1006 5215 1180 5263 444444444-
1199 5217 1255 5263 atat
1272 5214 1283 5263 t
1301 5239 1329 5248 -
1347 5211 1387 5262 34.
1403 5211 1610 5269 einamma

290 5283 364 5334 414444
379 5279 419 5346 11,
436 5276 510 5334 clari
527 5279 560 5335 ll'
577 5310 603 5322 -
622 5285 663 5338 33.
681 5287 807 5338 malornm
822 5286 984 5337 4444444441)
1003 5313 1030 5324 -
1049 5286 1089 5339 31.
1107 5287 1190 5352 agent
1205 5286 1278 5336 11-
1296 5282 1610 5338 4414444144144444110.
