4009 6159
724 1107 1066 1245 cancrorum
1092 1132 1540 1246 rfflnrrmcaeusr

808 1379 963 1452 LIBER
984 1378 1207 1452 TERTIUS
1227 1378 1466 1453 DECIMUS·
1593 1402 1596 1409 ·

1070 1581 1200 1593 n—

559 1734 585 1798 1.
606 1728 685 1797 4.Α
715 1730 872 1815 principio
898 1729 994 1794 buius
1019 1731 1111 1807 belli,
1140 1738 1245 1814 patres
1268 1729 1453 1815 conscripti,
1483 1731 1568 1815 quod
1589 1732 1789 1818 cumimpiis

476 1828 595 1894 civibus
623 1825 907 1909 consceleratisque
936 1825 1147 1908 suscepimus,
1176 1823 1266 1889 timui
1294 1844 1334 1889 ne
1364 1824 1503 1890 conditio
1530 1826 1682 1891 insidiosa
1701 1827 1789 1911 pacis

475 1921 629 1987 libertatis
649 1918 873 2004 reciperandae
895 1918 999 1983 studia
1019 1918 1238 2000 restingueret.
1279 1918 1378 1983 Dulce
1400 1917 1484 1983 enim
1504 1919 1599 1984 etiam
1613 1940 1730 1985 nomen
1743 1928 1791 1985 est

476 2016 580 2101 pacis,
601 2034 652 2078 res
673 2033 747 2078 sero
768 2013 838 2095 ipsa
852 2034 920 2077 oum
941 2012 1092 2087 iucunda,
1114 2019 1180 2075 tum
1199 2011 1354 2075 salutaris.
1384 2012 1462 2076 Nam
1477 2031 1536 2077 nec
1550 2014 1686 2096 privatos
1701 2012 1789 2079 locos

452 2128 536 2176 onec
556 2108 698 2193 publicas
718 2107 805 2190 leges
826 2106 949 2171 ridetur
969 2126 1029 2170 nec
1050 2105 1203 2169 libertatis
1223 2107 1294 2171 iura
1313 2126 1384 2171 cara
1404 2105 1534 2183 babere,
1559 2127 1652 2192 quem
1671 2107 1792 2171 discor·

280 2199 351 2300 ,02
477 2203 566 2277 diae,
594 2221 689 2286 wem
717 2199 829 2265 caedes
858 2200 990 2275 civium,
1023 2220 1117 2284 quem
1146 2198 1264 2263 bellum
1293 2201 1385 2265 ciuile
1407 2201 1542 2266 delectat
1590 2222 1729 2286 eumque
1751 2221 1792 2273 ex

475 2317 606 2365 numero
626 2295 789 2360 bominum
811 2293 1015 2369 eiiciendum,
1047 2314 1088 2357 ex
1115 2292 1231 2361 finibus
1252 2293 1407 2359 humanae
1427 2280 1558 2359 nalu‘rae
1579 2295 1794 2360 exterminan-

476 2391 552 2455 dum
573 2397 661 2476 puto.
702 2390 812 2471 ltaque
833 2389 900 2452 sire
923 2388 1011 2451 Sulla
1033 2389 1097 2451 sire
1119 2388 1236 2451 Marius
1251 2388 1316 2453 sire
1332 2397 1464 2473 uterque
1479 2388 1546 2454 sive
1560 2388 1709 2454 Octavius
1726 2391 1794 2454 siro

477 2484 665 2549 einmsive
684 2484 797 2547 iterum
819 2481 907 2545 Sulla
928 2482 995 2546 sire
1016 2481 1096 2546 alter
1116 2481 1234 2546 Marius
1255 2489 1287 2545 et
1309 2482 1408 2548 Carbo
1430 2483 1496 2547 sire
1518 2484 1573 2568 qui
1595 2482 1675 2547 alius
1699 2482 1796 2547 civile

441 2579 595 2647 sobellum
624 2576 762 2662 optarit,
795 2596 867 2640 eum
897 2574 1115 2640 detestabilem
1151 2574 1251 2640 civem
1283 2578 1329 2639 rei
1361 2576 1505 2661 publicae
1537 2583 1644 2641 natum
1677 2577 1796 2642 iudico.

476 2670 508 2739 2.
528 2675 607 2738 Nam
629 2670 707 2757 quid
729 2690 788 2752 eqo
811 2668 850 2733 de
871 2669 1018 2753 proximo
1040 2669 1157 2744 dicam,
1188 2670 1277 2733 cuius
1299 2677 1368 2734 acta
1388 2669 1603 2746 defendimus,
1630 2677 1798 2735 auctorem

475 2766 580 2851 ipsum
608 2764 677 2829 iure
706 2783 832 2828 caesum
857 2762 1016 2826 fatemur?
1055 2761 1139 2825 Nihil
1167 2762 1264 2844 igitur
1283 2762 1345 2826 hoe
1366 2764 1452 2839 cive,
1480 2764 1560 2827 nibil
1580 2764 1642 2828 hoe
1663 2764 1798 2829 homine

475 2862 621 2937 menius,
650 2859 677 2922 si
697 2865 753 2921 aut
773 2857 851 2921 civis
873 2863 928 2920 aut
947 2855 1042 2920 bomo
1064 2854 1228 2919 habendus
1250 2863 1314 2932 est,
1346 2858 1401 2941 qui
1422 2857 1514 2922 civile
1535 2858 1653 2923 bellum
1675 2879 1799 2923 concn-

475 2953 581 3039 pisoit.
614 2951 677 3016 Sed
697 2950 758 3015 boc
771 2951 908 3034 primum
923 2948 1093 3013 videndum
1109 2956 1173 3025 est,
1194 2956 1298 3032 patres
1313 2953 1498 3034 conscripti,
1520 2972 1590 3015 cum
1605 2954 1799 3017 omnibusne

439 3065 539 3132 rtpax
560 3066 631 3111 esse
651 3045 753 3130 possit
772 3065 813 3109 an
835 3044 876 3108 sit
897 3041 1027 3126 aliquod
1048 3042 1165 3107 bellum
1187 3042 1395 3127 inexpiabile,
1423 3045 1456 3107 in
1486 3065 1550 3128 quo
1578 3046 1683 3128 pactio
1708 3047 1800 3130 pacis

476 3141 530 3206 lex
551 3141 591 3205 sit
611 3139 781 3204 servitutis.
817 3140 929 3201 Pacem
950 3156 1022 3200 cum
1039 3136 1187 3219 Scipione
1210 3138 1297 3202 Sulla
1311 3140 1377 3203 sive
1391 3138 1524 3203 faciebat
1536 3139 1601 3203 sive
1615 3140 1800 3214 simulabat,

475 3254 542 3298 non
563 3240 631 3297 erat
651 3231 900 3317 desperandum,
928 3230 955 3294 si
976 3232 1189 3307 convenisset,
1214 3230 1282 3295 fore
1303 3232 1441 3316 aliquem
1463 3232 1655 3297 tolerabilem
1677 3240 1801 3297 statum

476 3328 621 3394 civitatis.
658 3327 759 3392 Cinna
780 3328 807 3390 si
827 3324 1028 3390 concordiam
1050 3344 1121 3388 cum
1143 3323 1271 3389 Octavio
1293 3322 1476 3390 confirmare
1498 3326 1667 3403 voluisset,
1700 3328 1802 3390 bomi-

474 3444 548 3488 ssom
575 3424 610 3488 io
637 3422 814 3505 republica
840 3421 956 3484 crodos
982 3436 1134 3482 remanere
1155 3420 1311 3500 potuisset.
1347 3419 1493 3483 Proximo
1514 3419 1599 3484 bello
1621 3421 1649 3485 si
1670 3420 1802 3507 aliquid

438 3518 517 3586 sodo
538 3536 659 3582 summa
680 3516 831 3600 gradtate
852 3513 1038 3597 Pompeius,
1066 3511 1197 3577 multum
1221 3513 1260 3577 de
1282 3513 1453 3595 cupiditate
1477 3512 1590 3578 Cacsar
1609 3514 1803 3590 remisisset,

476 3619 508 3676 et
537 3632 647 3695 pacem
680 3609 824 3674 stabilem
856 3614 888 3672 et
918 3607 1058 3692 aliquam
1089 3627 1155 3671 rem
1188 3605 1346 3689 publicam
1375 3606 1466 3671 nobis
1493 3606 1610 3672 habere
1639 3607 1802 3673 licuisset

474 3706 514 3769 11.
536 3705 605 3771 lloc
626 3713 702 3769 uero
723 3704 801 3786 quid
822 3705 893 3767 estt
919 3721 993 3765 cum
1011 3700 1157 3765 Antoniis
1184 3719 1247 3786 pax
1268 3703 1484 3784 potestesse?
1513 3720 1585 3764 oum
1607 3700 1803 3776 Censorino,

473 3798 641 3874 Ventidio,
663 3796 836 3871 Trebellio,
857 3795 978 3869 Bestia,
999 3792 1139 3870 Nucula,
1160 3794 1316 3868 Munatio,
1337 3796 1496 3868 Lentone,
1519 3795 1623 3858 Saxal
1644 3795 1804 3881 Exempli

475 3911 569 3957 causa
597 3910 715 3976 paucos
741 3888 919 3953 nominavi:
952 3908 1052 3971 genus
1080 3883 1235 3952 infinitum
1263 3887 1550 3973 immanitatemque
1577 3887 1639 3972 ipsi
1662 3890 1804 3954 cernitis

311 4000 328 4128 p
436 3986 680 4071 soreliquornm.
714 3980 746 4046 3.
767 3982 883 4047 addite
905 3982 960 4047 illa
979 3980 1143 4066 naufragia
1158 3980 1299 4047 Caesaris
1313 3982 1502 4059 amicorum,
1522 3980 1640 4066 Barbas
1655 3982 1804 4081 Candor,

536 4268 567 4318 ln
583 4266 606 4316 V
622 4263 815 4331 praescriptum
832 4265 874 4314 est
889 4274 926 4313 m.
938 4262 968 4313 2:
984 4261 1074 4325 lcctpts
1089 4261 1141 4312 lib.
1158 4260 1201 4312 lll.
1219 4260 1249 4313 X.

539 4342 563 4393 4.
581 4341 601 4391 Δ
618 4353 700 4392 om.a
719 4364 744 4377 ·-
764 4338 790 4388 2.
807 4337 1055 4402 xsomowagt
1071 4364 1098 4375 -
1117 4338 1289 4389 oosdtctova
1305 4366 1338 4377 -
1354 4338 1379 4390 3.
1396 4338 1472 4390 sttom
1488 4352 1542 4391 om.
1560 4353 1600 4405 ag
1617 4365 1646 4380 ·-
1665 4341 1699 4395 l.
1720 4355 1805 4395 erma

472 4417 523 4481 gt:
541 4416 643 4476 mV3
661 4420 745 4466 tomoo
760 4412 791 4475 b;
810 4412 844 4463 ct.
857 4411 996 4463 stnerenb.
1010 4412 1044 4462 ad
1060 4412 1139 4463 truh,
1152 4412 1195 4463 ed.
1209 4414 1232 4463 4.
1250 4427 1277 4478 p.
1291 4413 1347 4464 446.
1363 4438 1390 4451 -
1407 4426 1469 4465 nom
1484 4428 1602 4477 reprom
1620 4418 1807 4470 onosma

479 4518 502 4528 ψ
520 4491 631 4555 &quem
647 4486 941 4541 anoecmwomb-
959 4488 1133 4539 arideorum
1149 4490 1217 4551 mal,
1235 4490 1265 4539 ut
1281 4501 1397 4553 semper.
1412 4514 1439 4525 -
1458 4489 1513 4540 8et
1527 4490 1628 4553 tacite
1644 4498 1764 4558 434-
1783 4493 1806 4545 4.

471 4567 615 4627 meoet-
633 4560 766 4615 4444441-
784 4562 1052 4626 cemovs-qos'w:
1073 4560 1240 4625 44444421)-
1260 4562 1675 4618 rosseum-stomensis
1689 4569 1733 4623 V:
1752 4581 1808 4621 cn

471 4640 799 4703 oscwrmslasctors‘totem
815 4640 833 4703 t)
851 4641 873 4690 D
891 4664 918 4673 -
938 4638 978 4689 42.
995 4638 1077 4700 ipsum
1093 4641 1195 4690 om.at
1213 4664 1240 4675 -
1257 4639 1435 4703 [morvtr
1452 4639 1660 4705 sowomorabg
1676 4669 1712 4681 -
1732 4644 1809 4695 aas

471 4714 691 4780 manmit·
713 4712 1561 4782 coms-ss.oomosot-so.asqeotv-eeptcoson
1581 4741 1609 4756 —
1633 4717 1683 4768 46.
1704 4717 1807 4783 laert]

470 4789 514 4841 uc
528 4791 539 4840 t
555 4790 586 4854 (e
601 4802 663 4841 cnm
680 4788 734 4851 lin.)
753 4814 781 4826 -
804 4789 904 4840 senatis
919 4788 952 4839 44ι
968 4814 996 4825 -
1018 4788 1082 4850 aptio
1097 4788 1188 4852 vegs
1207 4816 1234 4825 -
1257 4790 1308 4840 stoc
1322 4789 1456 4840 4444444444
1472 4803 1525 4843 om.
1542 4792 1564 4842 D
1582 4816 1611 4829 -·
1633 4792 1684 4844 47.
1706 4796 1733 4846 st
1749 4794 1808 4847 Vt:

469 4862 673 4927 siasoooabg
691 4888 719 4901 -
744 4862 783 4913 48.
801 4877 884 4925 opem
900 4865 912 4914 t
929 4890 956 4900 -
977 4866 1081 4929 marre
1097 4865 1109 4913 t
1127 4890 1153 4901 -
1175 4864 1486 4930 tomtoom--pctotssst,
1505 4878 1573 4931 quae
1590 4865 1673 4917 an¹
1694 4868 1807 4931 desum,

469 4940 498 4990 tn
514 4950 599 5002 marg.
617 4950 712 4988 manus
728 4948 783 4987 sec.
801 4934 940 5001 supplerit.
953 4962 981 4973 -
1000 4938 1100 4989 mosim
1116 4937 1183 4988 conl.
1203 4937 1329 5001 Faernus,
1347 4942 1457 4992 emotum
1471 4941 1513 4992 sir
1528 4940 1623 4992 doctus
1638 4940 1675 4994 ln
1686 4944 1808 4996 nemo·

468 5026 530 5075 apes
544 5013 592 5075 111,
610 5026 637 5077 p.
654 5010 718 5072 434;
736 5023 785 5061 nos
802 5010 912 5075 quidem
927 5024 1054 5062 veremur
1070 5025 1104 5064 ne
1126 5013 1211 5061 totum
1228 5013 1304 5065 oolon
1316 5014 1354 5066 sit
1370 5012 1464 5067 salsum
1480 5014 1578 5067 veteris
1594 5013 1725 5071 lacunae
1744 5032 1809 5086 sup-

469 5086 645 5153 plementum.
665 5113 693 5124 -·
719 5085 805 5136 44444
826 5087 960 5137 om.t-
983 5087 1148 5139 20.me
1170 5085 1283 5137 444)-
1308 5088 1807 5146 amoueo-steterun-

469 5162 511 5214 23.
528 5162 629 5214 Naeuio
644 5174 698 5213 om.
714 5161 726 5212 t
743 5182 771 5195 -
789 5160 952 5212 Emottovz
971 5167 999 5213 .t.
1016 5162 1376 5227 mwmeioloosnottoglb-
1393 5164 1434 5217 ll.
1453 5164 1633 5230 temouvsg
1648 5193 1686 5207 -
1707 5169 1810 5222 mrs-

469 5236 595 5302 ttqoom
610 5238 646 5291 v:
663 5233 914 5299 odoremus
932 5236 1232 5301 tcutqoomooomcro
1248 5251 1303 5304 ag,
1320 5238 1393 5293 unde
1409 5240 1465 5293 nan
1480 5241 1500 5307 1,
1518 5238 1604 5307 pst:
1621 5242 1806 5309 reliquom
