4009 6159
238 1501 263 1597 l

403 570 488 643 ’1002
816 582 969 649 cusulo
993 584 1073 650 Pno
1094 586 1138 650 it.
1160 584 1308 651 CAELIO

404 750 572 832 probatum
594 752 676 827 suis,
698 754 818 819 nemini
838 774 990 840 umquam
1013 756 1172 840 praesenti
1193 755 1421 840 †praetoriani
1441 756 1576 821 nidores
1591 756 1726 822 bonores

404 842 597 920 babuerunt,
620 864 715 930 quam
737 846 860 911 absenti
883 850 924 913 11.
948 849 1074 924 Caelio;
1097 870 1192 934 quem
1209 857 1241 913 et
1261 850 1423 913 absentem
1444 849 1477 912 in
1499 850 1727 934 amplissimum

405 936 547 1001 ordinem
570 947 759 1023 cooptarunt
781 947 812 1004 et
834 961 872 1006 ea
893 962 957 1007 non
980 944 1100 1027 petenti
1117 944 1308 1017 detulerunt,
1331 963 1412 1027 quae
1427 943 1535 1007 multis
1549 944 1728 1026 petentibus

407 1029 618 1115 denegarunt:
640 1034 788 1119 idemque
811 1056 895 1100 nune
917 1037 1107 1101 lectissimos
1129 1040 1214 1101 viros
1237 1044 1269 1100 et
1289 1038 1389 1101 nostri
1409 1036 1530 1101 ordinis
1551 1044 1584 1099 et
1605 1037 1729 1118 equites

381 1124 563 1191 tliomanos
586 1148 657 1191 eum
680 1128 838 1211 legatione
860 1130 899 1194 ad
921 1130 982 1195 boc
1003 1132 1157 1195 iudicium
1180 1139 1303 1196 etcum
1326 1132 1512 1214 gravissima
1526 1136 1624 1213 atque
1638 1148 1730 1192 orne-

403 1218 524 1283 tissima
545 1220 727 1287 laudatione
750 1225 913 1288 miserunt.
946 1226 1065 1289 Videor
1086 1226 1163 1290 mihi
1184 1227 1299 1289 iecisse
1314 1227 1521 1289 fundamenta
1536 1223 1729 1287 detensionis

403 1331 509 1387 meae,
538 1334 620 1397 quae
647 1316 827 1381 firmissima
855 1327 945 1393 sunt,
974 1322 1001 1384 si
1025 1322 1169 1383 nituntur
1188 1319 1309 1384 indicio
1331 1339 1469 1383 suorum.
1508 1320 1622 1400 Neque
1643 1317 1730 1379 enim

402 1406 493 1470 vobis
522 1410 598 1473 satis
628 1409 849 1476 commendata
869 1411 963 1477 huius
984 1422 1071 1477 aetas
1094 1434 1164 1477 esse
1186 1421 1311 1497 posset,
1343 1414 1370 1476 si
1391 1434 1456 1475 non
1478 1411 1573 1475 rnodo
1595 1410 1729 1493 parenti,

402 1499 457 1561 tali
483 1502 567 1591 viro,
598 1524 708 1568 verum
741 1506 836 1569 etiam
866 1508 1040 1592 municipio
1062 1516 1126 1571 tarn
1148 1508 1262 1571 illustri
1284 1528 1321 1570 ac
1343 1514 1407 1570 tam
1430 1507 1515 1589 gravi
1539 1504 1729 1588 displiceret.

366 1594 456 1657 tolll.
479 1595 509 1659 o.
531 1596 705 1680 Equidem,
732 1606 768 1662 ut
789 1599 829 1662 ad
852 1620 901 1663 me
923 1611 1082 1677 revertar,
1109 1602 1148 1665 ab
1170 1603 1221 1665 bis
1242 1601 1385 1665 fontibus
1407 1599 1545 1685 produxi
1566 1600 1606 1662 ad
1627 1598 1730 1661 borni-

240 1698 289 1790 j.
402 1708 478 1752 num
508 1689 640 1768 lamam,
670 1700 703 1756 et
718 1690 820 1771 (meus
849 1694 902 1758 bic
930 1695 1066 1759 lorensis
1092 1696 1185 1760 labor
1213 1697 1360 1779 vitaeque
1383 1695 1462 1758 ratio
1490 1692 1663 1777 dimanarss
1688 1691 1728 1756 ad

402 1784 668 1849 existimationem
689 1784 973 1887 hominum)paulo
994 1789 1088 1853 latius
1103 1790 1378 1854 commendatione
1393 1808 1430 1852 ac
1444 1788 1563 1851 iudicio
1577 1806 1728 1850 meorum.

486 1880 564 1942 Nam
587 1881 673 1965 quod
695 1881 852 1946 obiectum
874 1890 922 1946 est
943 1883 983 1946 de
1004 1883 1159 1966 pudicitia
1180 1886 1332 1969 quodque
1354 1884 1495 1947 omnium
1509 1888 1729 1945 accusatorum

402 1990 466 2037 non
489 1974 688 2050 criminibus,
711 1975 767 2038 sed
789 1976 920 2039 vocibus
942 1976 1183 2061 maledictisque
1206 1979 1399 2042 celebratum
1422 1985 1487 2053 est,
1509 1974 1541 2039 id
1555 1992 1727 2056 numquam

366 2080 393 2129 tt
403 2074 467 2131 tam
488 2068 599 2130 acerbe
620 2068 701 2132 ieret
721 2070 763 2132 bl.
787 2068 920 2146 Caelius,
941 2078 977 2133 ut
992 2092 1065 2137 eum
1079 2073 1237 2157 paeniteat
1251 2091 1318 2134 non
1333 2071 1505 2135 deformem
1520 2088 1591 2133 esse
1605 2075 1728 2151 natum3

402 2168 476 2224 sunt
503 2162 587 2225 enim
617 2162 677 2227 ista
699 2163 864 2227 maledicta
884 2166 1070 2249 pervulgata
1090 2166 1124 2228 in
1146 2184 1272 2241 omnes,
1290 2169 1438 2258 (qnorum
1460 2164 1493 2227 in
1514 2162 1729 2229 adolescentia

401 2252 502 2318 iorma
523 2262 556 2317 et
577 2256 698 2341 speeies
716 2257 777 2343 fuit
798 2250 961 2345 liberalis.)
983 2260 1046 2323 Sed
1061 2260 1149 2324 aliud
1164 2267 1213 2323 est
1226 2260 1309 2323 male
1324 2259 1446 2335 dicere,
1469 2258 1556 2323 aliud
1569 2274 1728 2322 accusare.

401 2348 568 2413 Accusatio
590 2350 709 2415 crimen
731 2351 907 2430 desiderat,
936 2375 1003 2417 rem
1030 2359 1066 2417 ut
1087 2350 1232 2430 deliniat,
1260 2354 1420 2417 bominem
1442 2359 1479 2415 ut
1499 2358 1607 2427 notet,
1635 2369 1729 2434 arqu-

402 2449 508 2507 mento
537 2445 667 2528 probet,
698 2454 778 2511 teste
807 2446 979 2513 confirmet.
1021 2448 1204 2512 Maledictio
1226 2456 1331 2510 autem
1353 2446 1433 2510 nihil
1455 2447 1551 2510 babet
1572 2449 1727 2531 propositi

365 2545 526 2623 topraeter
547 2543 788 2606 contumeliam:
810 2564 892 2627 quac
916 2544 943 2606 si
965 2544 1158 2629 petulantius
1173 2543 1317 2616 iactatur,
1333 2542 1520 2615 convicium,
1543 2543 1571 2605 si
1585 2541 1727 2617 facetius,
1750 2543 1753 2547 ⁴

401 2633 561 2698 urbanitas
590 2636 780 2700 nominatur.
822 2634 853 2700 7.
878 2638 980 2712 Quam
1012 2636 1141 2721 quidem
1170 2642 1293 2718 partem
1322 2636 1532 2698 accusationis
1557 2634 1727 2699 admiratus

402 2746 472 2790 sum
493 2736 525 2791 et
546 2727 679 2792 moleste
697 2731 755 2793 tuli
771 2732 969 2815 potissimum
984 2750 1054 2795 esse
1068 2731 1214 2793 Atratino
1232 2730 1352 2805 datam;
1375 2731 1581 2812 nequeenim
1597 2729 1729 2793 decebat

402 2841 507 2904 neque
529 2831 616 2887 aetas
637 2824 692 2888 illa
713 2824 893 2909 postulabat
914 2844 1037 2908 neque,
1060 2824 1094 2887 id
1116 2823 1202 2907 quod
1217 2823 1467 2887 animadvertere
1485 2824 1648 2907 poteratis,
1670 2844 1727 2906 pu·

402 2914 461 2979 dor
480 2918 658 3001 patiebatur
679 2919 792 3002 optimi
813 2918 1023 2983 adolescentis
1045 2920 1079 2983 in
1101 2918 1156 2982 tali
1178 2918 1267 2981 illum
1283 2919 1426 2982 oratione
1443 2920 1572 2982 versari.
1604 2919 1727 2982 Vellem

365 3011 502 3093 uultqui
524 3030 565 3075 ex
586 3014 677 3077 vobis
698 3013 931 3077 robustioribus
953 3014 1037 3078 hunc
1059 3015 1141 3077 male
1163 3013 1288 3078 dicendi
1309 3013 1414 3077 locum
1436 3015 1639 3097 suscepisset:
1670 3014 1727 3076 ali-

404 3114 523 3191 quanto
544 3106 673 3171 liberius
695 3115 728 3170 et
747 3106 861 3171 lortius
884 3114 916 3170 et
937 3110 1037 3190 magis
1059 3127 1147 3171 more
1169 3116 1277 3173 nostro
1299 3106 1509 3172 refutaremus
1530 3108 1623 3172 istam
1645 3106 1727 3171 mele

403 3200 528 3264 dicendi
549 3200 720 3265 licentiam.
757 3202 892 3275 Tecum,
923 3203 1080 3278 Atratine,
1110 3222 1200 3287 aqam
1222 3203 1342 3277 lenius,
1372 3202 1458 3286 quod
1480 3210 1512 3265 et
1531 3203 1635 3286 pudor
1655 3209 1727 3265 tuus

401 3294 582 3359 moderatur
603 3294 738 3359 orationi
760 3314 851 3358 meae
873 3303 905 3359 et
925 3316 1032 3358 meum
1053 3315 1128 3378 erga
1150 3304 1181 3359 te
1196 3303 1423 3380 parentemque
1437 3302 1525 3359 tuum
1539 3290 1727 3359 beneficium

403 3390 483 3453 tueri
505 3390 615 3453 debeo.
659 3386 689 3451 8.
712 3388 795 3451 illud
817 3395 922 3453 tamen
944 3396 975 3453 te
998 3410 1069 3455 esse
1090 3391 1286 3454 admonitum
1301 3389 1394 3454 volo:
1416 3391 1550 3474 primurn
1565 3388 1668 3473 qualis
1683 3408 1726 3464 es,

362 3484 497 3549 attalem
518 3490 550 3547 te
573 3480 621 3517 ³¹⁶*
644 3482 841 3559 existiment;
863 3490 915 3558 ut,
938 3493 1090 3567 quantum
1111 3503 1131 3548 a
1151 3504 1257 3548 rerum
1279 3484 1476 3568 turpitudine
1497 3483 1583 3559 abes,
1604 3490 1727 3547 tantum
1779 3494 1784 3503 ·

400 3583 432 3641 te
454 3577 662 3641 acerborum
694 3576 838 3640 libertate
866 3580 1032 3662 seiunqas:
1064 3579 1196 3654 deinde,
1228 3586 1265 3642 ut
1292 3598 1330 3642 ea
1358 3578 1392 3641 in
1414 3577 1548 3641 alterum
1568 3598 1609 3641 ne
1631 3578 1726 3659 dicas,

402 3691 484 3759 quae
512 3691 583 3736 curn
611 3672 669 3736 tibi
696 3671 777 3736 falso
807 3692 959 3757 responsa
981 3673 1061 3748 sint,
1090 3673 1266 3736 enubescas.
1302 3672 1382 3748 Quis
1404 3679 1453 3735 cst
1474 3672 1573 3748 enim,
1603 3674 1654 3737 cui
1674 3676 1727 3741 ria

401 3881 496 3947 mann
517 3860 596 3925 velit
616 3861 812 3947 petulanter,
835 3862 928 3924 etiam
951 3862 979 3924 si
1000 3860 1070 3923 sine
1092 3859 1158 3924 ulla
1179 3860 1377 3942 suspicione,
1403 3867 1523 3922 utnon
1544 3861 1612 3923 sine
1634 3880 1726 3945 arqu-

293 4000 296 4007 ,
360 3963 507 4020 tomento
529 3956 611 4021 male
634 3957 761 4020 diceret
795 3955 858 4019 Sed
879 3955 1010 4019 istarum
1032 3954 1167 4038 partium
1189 3954 1284 4037 culpa
1306 3962 1354 4017 est
1368 3972 1496 4027 eorum,
1518 3954 1574 4037 qui
1588 3961 1620 4017 te
1633 3975 1725 4039 agere

372 4190 379 4221 .
465 4162 489 4211 1.
509 4160 636 4224 praetecti
657 4172 711 4211 om.
730 4162 751 4210 G
774 4186 802 4196 -
827 4159 1023 4223 praetoricotc
1045 4158 1110 4223 (sed
1127 4159 1153 4209 in
1169 4160 1189 4208 P
1206 4157 1256 4207 tori
1271 4169 1308 4207 m.
1326 4158 1343 4207 1
1360 4156 1497 4206 incasura
1514 4157 1643 4222 scripturn
1660 4162 1724 4223 est):

398 4236 525 4286 Ριοιοοὶοοί
542 4235 615 4297 edd,
633 4234 667 4285 de
685 4248 738 4299 qua
755 4232 955 4299 interpolatione
972 4249 998 4287 v.
1012 4235 1099 4288 Madv,
1117 4247 1144 4298 p.
1157 4232 1206 4284 nti
1222 4233 1305 4284 nott
1323 4234 1351 4283 et
1366 4232 1410 4283 391
1431 4234 1486 4282 not.
1503 4234 1527 4283 1.
1542 4256 1570 4268 -
1588 4232 1727 4284 baccorum

398 4310 561 4361 bonoresEG
574 4334 602 4347 -
621 4307 645 4360 1.
658 4310 771 4372 meoque
786 4310 819 4360 P:
838 4310 960 4372 iidemque
976 4310 1061 4360 (10-
1080 4309 1169 4371 equitis
1180 4310 1218 4359 Ji.
1236 4310 1298 4369 PG;
1317 4309 1376 4360 iort.
1389 4310 1500 4371 equitum
1515 4309 1723 4359 Romanorum-

399 4388 424 4437 e.
436 4386 589 4450 oreoselino
604 4390 679 4448 etque
695 4384 880 4435 monotisstma
898 4386 917 4435 P
936 4411 963 4421 ·-
982 4384 1007 4435 6.
1025 4385 1108 4435 iecisse
1124 4386 1152 4444 P,
1171 4383 1220 4435 sed
1237 4385 1273 4434 icc
1289 4384 1316 4433 in
1333 4395 1403 4441 res,
1421 4381 1527 4434 videtur
1542 4384 1619 4447 eptem
1634 4383 1723 4435 luisse.

400 4486 428 4496 -
442 4460 466 4510 ’1.
484 4460 599 4509 niteatur
615 4461 634 4511 L
648 4486 675 4495 -
695 4460 718 4509 9.
736 4460 837 4510 inlustri
853 4461 872 4509 P
887 4486 913 4494 —
933 4461 973 4511 to.
987 4462 1019 4510 lit
1035 4461 1134 4523 quidem
1151 4461 1211 4509 G-
1229 4463 1349 4510 reuertar
1365 4459 1384 4508 P
1399 4484 1427 4495 -
1446 4460 1485 4510 tt.
1498 4463 1522 4509 et
1538 4459 1618 4507 monis
1632 4459 1689 4509 biae
1705 4458 1725 4509 E

401 4560 428 4571 —
446 4535 565 4585 terensis
579 4537 622 4597 P1,
647 4535 676 4584 ut
695 4534 808 4585 videtur.
836 4563 863 4571 -
891 4532 930 4585 tl.
949 4534 1201 4587 criminationibusl]
1226 4560 1253 4569 -
1281 4535 1320 4585 te.
1336 4535 1447 4597 peotteot
1461 4535 1494 4595 P,
1517 4534 1642 4596 possiem
1657 4535 1677 4584 0
1695 4560 1722 4570 -

399 4610 439 4661 16.
458 4612 522 4661 oraim
540 4612 573 4662 C:
592 4612 681 4661 etenim
697 4611 717 4660 0
737 4637 764 4647 -
780 4610 932 4675 penotpata
948 4616 967 4664 P
986 4636 1012 4647 -
1034 4612 1074 4662 to.
1093 4623 1118 4661 ea
1134 4611 1160 4659 in
1177 4614 1235 4660 teste
1250 4612 1270 4661 P
1287 4610 1314 4660 iu
1331 4622 1383 4659 ras.
1401 4607 1491 4659 habet,
1510 4634 1537 4644 -
1555 4608 1596 4659 20.
1614 4608 1727 4659 iactatur

398 4687 525 4737 Muretus.
546 4712 573 4723 -
592 4687 633 4738 at.
653 4686 789 4737 demirottu
806 4688 825 4737 L
842 4712 870 4723 -
895 4685 936 4737 il.
955 4686 1050 4749 optumi
1067 4687 1088 4735 G
1106 4712 1134 4722 —
1156 4686 1197 4736 id.
1215 4682 1294 4747 aliqu
1312 4687 1345 4736 P:
1370 4681 1462 4746 aliquis
1477 4684 1556 4734 EGO
1575 4709 1602 4719 -
1626 4684 1726 4747 cepisset

399 4758 492 4812 lamb.
511 4762 538 4811 in
555 4772 639 4824 marg.
655 4774 688 4811 ex
705 4762 765 4813 cod.
780 4788 807 4798 -
826 4762 867 4812 29.
885 4762 947 4811 titud
964 4766 1062 4811 mecum
1078 4764 1102 4810 te
1117 4773 1167 4810 erse
1181 4761 1304 4810 mondum
1319 4761 1338 4810 1.
1352 4786 1380 4796 -
1398 4758 1439 4809 3⁰.
1457 4758 1533 4808 tolon
1548 4764 1572 4809 te
1586 4759 1726 4810 mistim

399 4834 495 4901 Clsed
511 4838 530 4888 P
547 4838 709 4897 mmmmm
726 4850 740 4887 ο
756 4837 783 4887 in
800 4836 875 4887 talem
892 4838 920 4887 ct
935 4842 944 4887 t
961 4837 989 4887 in
1006 4842 1029 4886 te
1045 4835 1117 4887 idem
1134 4835 1194 4886 cod.
1213 4836 1240 4885 in
1256 4846 1350 4885 rasura
1366 4833 1470 4897 babet);
1489 4832 1564 4884 talem
1580 4838 1604 4884 te
1618 4845 1670 4884 οοοο
1683 4834 1726 4883 bo·

397 4912 475 4964 mines
490 4913 631 4963 wistivnmt
647 4910 718 4972 Col.;
743 4911 818 4961 tolero
838 4917 861 4962 te
881 4924 931 4963 eece
952 4912 1077 4962 mistione
1099 4911 1133 4972 0;
1157 4910 1232 4961 telem
1246 4909 1273 4958 ti
1288 4914 1312 4960 te
1327 4921 1379 4961 eree
1394 4910 1534 4960 eccam
1549 4909 1577 4958 L.
1603 4909 1725 4959 Lacnnae

398 4990 503 5052 signum
519 4988 657 5053 posuimus
674 4999 736 5037 cum
747 4985 856 5050 Klotzio,
875 4988 919 5052 qui
937 4987 1006 5037 coni.
1024 4986 1099 5037 talem
1115 4990 1138 5036 te
1153 4998 1204 5037 esse
1220 4998 1303 5035 curaer
1318 4984 1470 5041 cetetonem
1489 4982 1620 5033 sententie
1637 4982 1724 5047 potius
1788 4985 1791 4991 '

398 5063 525 5127 requirit:
544 5061 619 5113 tolum
635 5068 658 5113 to
673 5062 733 5112 celis
747 5062 855 5113 bombica
873 5061 923 5126 (rel
940 5062 973 5125 bel
991 5062 1140 5113 mutuent.
1160 5059 1198 5110 Cl.
1213 5060 1247 5110 de
1260 5060 1330 5110 Oret.
1341 5062 1378 5122 11,
1396 5059 1481 5124 3⁴76.
1495 5084 1523 5096 -
1543 5058 1584 5109 et.
1602 5056 1726 5108 acerbo-
1771 5090 1783 5118 ,

398 5138 532 5189 mmEG:
556 5139 736 5200 accenseam,
758 5132 988 5190 abenmnP'-
1014 5136 1577 5201 33.otqeeetiomirtidtqottotiom.PS;
1604 5134 1725 5197 petiaco

398 5208 1725 5279 pouitlucicoetctietquediqottoti,atiamsisioeruqeictoue,otooodorcrpumeatomaledicm

401 5292 539 5359 Agroetius
555 5304 582 5359 p.
599 5289 673 5343 2269.
694 5286 1135 5353 -³t.qocmoslitom.EG-
1155 5286 1324 5338 stomliti.
1371 5356 1393 5405 s

1898 1179 1902 1244 l
