4009 6159
412 553 495 622 4332
826 549 976 616 ORATIO
998 549 1222 615 PHILIPPICA
1242 549 1324 612 VIII.

413 725 517 809 pium,
545 720 712 794 audacem,
741 718 970 797 facinorosum,
997 727 1032 782 tu
1053 726 1161 782 contra
1182 723 1339 791 sanctum,
1367 722 1608 799 temperantem,
1636 715 1735 777 inno-

413 824 550 890 centem,
572 811 764 888 modestum,
787 813 988 877 retinendum
1010 815 1110 876 civem
1125 819 1156 875 et
1171 810 1359 894 optandum:
1382 810 1414 872 in
1429 810 1490 872 hoc
1504 829 1568 872 uno
1583 815 1614 871 te
1630 810 1735 892 plnri·

411 931 497 973 mum
511 906 645 981 vidisse,
668 925 718 968 me
740 906 873 968 multum
888 927 1009 970 errasse
1024 906 1173 970 concedo.
1202 905 1280 967 Nam
1296 903 1380 988 quod
1396 924 1446 967 me
1461 911 1563 968 tecum
1577 902 1734 966 iracunde

412 1023 503 1086 agere
526 1001 636 1064 dixisti
659 1001 771 1075 solere,
793 1020 858 1063 non
881 1012 928 1065 est
948 1003 1001 1066 ita.
1033 1002 1244 1065 Vehementer
1264 1020 1313 1062 me
1335 1019 1428 1083 agere
1449 1001 1559 1074 fateor,
1579 997 1733 1063 iracunde

388 1115 503 1181 onega.
541 1095 677 1159 Omnino
697 1094 790 1157 irasci
811 1095 919 1158 amicis
940 1114 1007 1161 non
1027 1102 1145 1158 temere
1168 1095 1273 1170 soleo,
1296 1115 1338 1158 ne
1360 1095 1387 1158 si
1409 1101 1569 1159 merentur
1589 1093 1732 1179 quidem.

412 1189 462 1255 l7.
485 1179 595 1276 ltaque
617 1190 686 1252 sine
707 1189 875 1251 verborum
898 1189 1087 1252 contumelia
1109 1209 1128 1251 a
1149 1195 1180 1251 te
1195 1189 1361 1252 dissentire
1382 1209 1526 1272 possum,
1548 1189 1616 1251 alno
1630 1185 1732 1250 animi

411 1305 533 1351 summo
549 1284 665 1348 'dolore
686 1303 752 1346 nou
774 1303 913 1367 possum.
951 1285 1050 1347 Parva
1077 1291 1125 1346 est
1155 1287 1239 1346 enim
1265 1283 1342 1346 milri
1368 1290 1473 1347 tecum
1494 1288 1549 1346 aut
1570 1301 1667 1366 parra
1689 1280 1733 1343 de

411 1403 445 1444 re
469 1379 647 1444 dissensio?
678 1377 745 1458 Ego
766 1376 840 1438 huic
861 1374 966 1450 faveo,
995 1383 1030 1438 tn
1052 1375 1124 1439 illit
1154 1376 1250 1440 immo
1271 1397 1346 1441 vero
1368 1397 1427 1461 ego
1449 1379 1486 1441 D.
1507 1379 1604 1439 Bruto
1625 1375 1731 1449 laven,

410 1482 445 1538 tu
466 1475 508 1538 M.
529 1471 683 1535 Antonio:
714 1488 772 1552 ego
803 1470 980 1533 conservari
1007 1470 1163 1533 coloniam
1188 1472 1298 1555 populi
1324 1472 1457 1535 Romani
1479 1471 1590 1554 cupio,
1618 1477 1652 1532 tu
1674 1488 1732 1531 ex-

373 1567 545 1651 rcpugnari
566 1564 684 1628 studes.
721 1565 774 1628 VI.
790 1565 838 1626 An
859 1564 921 1626 hoc
942 1584 1058 1646 negare
1079 1573 1184 1648 potes,
1208 1565 1263 1648 qui
1285 1585 1394 1629 omnes
1414 1584 1516 1629 moras
1539 1565 1732 1647 interponas,

410 1661 526 1742 quibus
559 1656 734 1722 infirmetur
763 1659 891 1731 Brutus,
923 1657 1035 1719 melior
1053 1657 1109 1721 liat
1129 1657 1305 1720 Antonius?
1341 1658 1514 1741 Quousque
1536 1657 1620 1720 enim
1641 1656 1731 1719 dices

408 1775 519 1836 pacem
534 1753 615 1816 velle
629 1753 685 1815 tei
708 1753 769 1814 Iles
785 1751 917 1833 geritur,
939 1749 962 1830 †
978 1749 1150 1813 conductae
1165 1751 1268 1816 lineae
1287 1761 1374 1826 sunt,
1397 1759 1556 1835 pugnatur
1569 1749 1730 1815 acerrime.

410 1846 474 1921 Qui
495 1849 754 1920 intercurrerent,
789 1845 932 1908 misimus
963 1853 1026 1908 tres
1054 1844 1212 1929 principes
1244 1847 1389 1909 civitatis.
1436 1847 1503 1910 Hos
1532 1844 1731 1927 contempsit,

408 1940 533 2012 reiecit,
554 1937 731 2023 repudiarit
751 1939 928 2002 Antonius:
956 1946 991 2002 444
1014 1945 1119 2000 tamen
1140 1958 1306 2021 permanes
1327 1940 1598 2003 constantissimus
1620 1937 1731 2001 delen-

371 2053 463 2099 sator
483 2033 623 2095 Antonii.
667 2029 717 2094 l8.
739 2033 779 2095 Et
802 2033 947 2115 quidem,
971 2053 1036 2116 quo
1059 2031 1171 2094 melior
1192 2042 1317 2097 senator
1337 2031 1606 2117 videatur,'negat
1626 2054 1659 2097 se
1680 2031 1730 2093 illi

408 2126 545 2188 amicum
567 2146 637 2189 esse
658 2127 790 2189 debere:
813 2146 883 2189 cum
899 2145 957 2189 suo
972 2144 1086 2208 magno
1102 2133 1186 2188 esset
1203 2123 1372 2202 beneficio,
1394 2129 1517 2191 venisse
1533 2133 1731 2191 cumcontra

408 2240 453 2282 se.
486 2220 566 2283 Vide
597 2229 714 2303 quanta
741 2221 852 2283 caritas
875 2221 915 2283 sit
940 2221 1078 2304 patriae:
1108 2240 1180 2282 cum
1202 2219 1322 2283 homini
1351 2221 1392 2284 sit
1412 2222 1527 2298 iratus,
1557 2229 1659 2285 tamen
1680 2219 1728 2284 rei

407 2313 554 2396 publicae
577 2333 671 2378 causa
691 2314 834 2378 defendit
854 2314 1037 2376 Antonium.

491 2408 558 2489 Ego
581 2415 626 2482 te,
656 2429 726 2470 cum
756 2409 788 2471 in
811 2407 1024 2471 Massilienses
1045 2415 1109 2470 tarn
1132 2427 1165 2471 es
1187 2408 1335 2481 acerbus,
1364 2409 1403 2485 Q.
1424 2406 1510 2484 Poll,
1538 2431 1601 2473 non
1622 2412 1726 2474 animo

369 2519 510 2586 coaequo
533 2501 638 2565 audio.
675 2501 851 2585 Quousque
874 2502 958 2564 eninr
973 2502 1143 2564 Massiliam
1158 2503 1381 2585 oppugnabis?
1403 2523 1443 2565 ne
1464 2502 1640 2588 triumphus
1658 2505 1727 2587 qui·

406 2596 478 2659 dem
500 2593 594 2659 finem
615 2595 690 2659 lacit
710 2596 808 2659 bellii
835 2615 892 2677 per
921 2615 1014 2678 quern
1043 2594 1106 2657 lata
1128 2603 1176 2658 est
1197 2595 1271 2658 urbs
1295 2616 1350 2670 ea,
1377 2598 1445 2660 sine
1469 2617 1533 2681 qua
1554 2617 1727 2681 numquam

406 2710 447 2752 ex
480 2689 682 2772 transalpinis
713 2688 857 2772 gentibus
886 2689 1023 2751 maiores
1051 2690 1149 2751 nostri
1177 2690 1456 2773 triumphaverunt.
1501 2691 1573 2766 Quo
1600 2694 1727 2776 quidem

404 2790 547 2865 tempora
570 2783 708 2866 populus
730 2784 890 2844 Romanus
912 2782 1075 2865 ingemuit.
1120 2782 1318 2866 Quamquam
1340 2785 1488 2867 proprios
1510 2784 1634 2850 dolores
1656 2807 1727 2850 sua·

404 2896 473 2939 rum
496 2897 601 2940 rerum
623 2896 733 2939 omnes
754 2875 927 2950 habehant,
957 2882 1062 2938 tamen
1091 2874 1183 2938 huius
1206 2876 1339 2939 civitatis
1361 2874 1562 2942 fidelissimae
1583 2880 1726 2942 miserias

365 2987 498 3034 aonemo
522 2977 589 3032 erat
610 2970 687 3032 civis
710 2971 764 3053 qui
787 2990 805 3032 a
827 2989 861 3032 se
883 2969 1001 3032 alienas
1024 2969 1235 3032 arbitraretur.
1273 2964 1322 3030 l9.
1341 2970 1457 3033 Caesar
1478 2971 1564 3055 ipse,
1587 2973 1641 3055 qui
1662 2971 1726 3034 illis

402 3063 506 3126 iuerat
527 3064 731 3137 iratissimus,
755 3071 859 3126 tamen
882 3070 1012 3146 propter
1033 3062 1225 3144 singularem
1247 3062 1314 3126 eius
1335 3063 1469 3126 civitatis
1491 3066 1672 3146 gravitatem
1693 3075 1727 3128 et

401 3155 498 3219 fidem
521 3156 663 3241 quotidie
685 3155 806 3239 aliquid
828 3157 1010 3220 iracundiae
1032 3155 1227 3219 remittebat:
1250 3163 1281 3218 te
1303 3155 1389 3219 nulla
1411 3176 1468 3219 sua
1486 3157 1661 3222 calamitate
1682 3159 1727 3220 ci-

402 3249 481 3314 ‘ritas
503 3251 616 3313 sedare
638 3233 701 3313 tani
722 3248 826 3312 tidelis
848 3253 973 3334 potesti
995 3250 1115 3312 Rursus
1137 3249 1198 3312 iam
1214 3268 1264 3311 mc
1279 3249 1371 3311 irasci
1387 3247 1521 3313 fortasse
1537 3250 1633 3314 dices.
1657 3251 1725 3333 Ego

402 3350 507 3406 autom
530 3346 599 3406 sine
625 3343 788 3406 iracundia
810 3341 881 3405 dico
908 3344 1030 3416 omnia,
1061 3361 1119 3432 nec
1141 3350 1245 3407 tamen
1267 3343 1337 3405 sine
1359 3341 1468 3406 dolore
1490 3344 1603 3408 animi':
1626 3343 1726 3408 nemi·

468 3601 491 3647 4.
508 3598 676 3661 sarmarum
692 3598 728 3645 V:
746 3597 915 3660 romanoram
932 3599 992 3648 DO.
1019 3595 1085 3648 Illud
1102 3597 1181 3650 codd.
1195 3597 1295 3662 antiqui
1312 3600 1465 3649 constamer
1481 3598 1589 3650 nubem.
1605 3627 1632 3638 -
1649 3599 1673 3652 7.
1685 3611 1726 3650 m

401 3672 467 3722 Vb:
486 3685 539 3723 om.
559 3675 619 3735 4434
636 3699 663 3709 -
682 3671 807 3724 erassch
822 3700 846 3711 -
867 3675 933 3736 qaod
949 3687 1001 3724 our.
1017 3675 1037 3723 [t
1053 3700 1086 3710 -
1103 3679 1183 3724 44444444
1198 3673 1346 3722 iracaadiao
1362 3673 1399 3733 V;
1417 3674 1537 3724 iracrma
1552 3679 1632 3725 44444444
1647 3677 1722 3737 34-

400 3746 675 3797 444444444444444-
703 3742 893 3796 tracridoV—
918 3749 1070 3798 5.micirV
1094 3775 1121 3784 -
1147 3749 1279 3798 timereV¹
1300 3774 1323 3785 -
1353 3748 1377 3798 6.
1396 3748 1571 3798 4444444447-
1598 3746 1725 3798 arom

400 3835 495 3872 ramma
511 3821 570 3871 b-
588 3824 654 3872 caim
671 3827 705 3872 ert
717 3836 732 3873 a
746 3849 773 3859 -
792 3822 816 3872 8.
828 3821 885 3872 ltaic
897 3823 931 3871 V:
950 3823 1007 3873 tate
1023 3825 1064 3874 aet
1079 3825 1116 3873 4444
1128 3825 1213 3886 (aediti
1223 3823 1242 3884 4)
1259 3823 1371 3873 uidelicet
1386 3822 1466 3887 bgt3
1484 3822 1541 3873 trac
1556 3827 1585 3873 ta
1599 3822 1637 3871 aa
1651 3823 1726 3872 rdde-

400 3896 456 3946 ttcst
472 3897 628 3960 alseqnitur
645 3896 670 3947 in
682 3909 697 3946 a
711 3909 818 3960 quoque
835 3897 909 3960 saaca
926 3902 953 3948 444
969 3899 1033 3961 tatu
1051 3900 1109 3948 haic
1124 3899 1234 3949 uidelicet
1245 3897 1318 3960 edd,
1337 3911 1500 3962 quamquam
1511 3895 1598 3947 nullus
1610 3895 1670 3948 cod.
1683 3897 1724 3947 sic

400 3971 482 4022 habet
498 3975 526 4022 et
542 3971 645 4036 glossae
663 3973 736 4035 origo
753 3985 786 4020 er
802 3969 915 4023 lectione
933 3973 958 4022 in
975 3972 1040 4035 bgt
1056 3975 1119 4024 satis
1135 3971 1329 4036 intelligitur·
1347 3973 1416 4036 scaea
1432 3968 1465 4022 V¹
1478 3999 1505 4009 -
1522 3986 1579 4022 aare
1596 3973 1724 4038 Oopera·

401 4058 460 4096 rom
473 4059 573 4098 errore.
582 4073 609 4085 -
622 4046 665 4112 D.]
678 4047 815 4098 domitiaV
826 4074 852 4084 -
866 4048 890 4098 9.
903 4049 938 4098 li.
952 4060 1005 4099 om.
1019 4048 1076 4098 b-
1089 4049 1271 4099 rememoret)
1286 4072 1313 4082 -—
1326 4048 1367 4097 40.
1380 4049 1524 4110 tulupam
1533 4047 1570 4095 V:
1588 4047 1724 4110 morsu

400 4121 460 4170 1)-
475 4122 514 4172 44.
527 4123 588 4172 dicis
599 4123 657 4173 D-
669 4117 709 4172 li.
723 4121 875 4172 liacaaVDi
887 4122 1085 4184 (schtim'aelt
1100 4124 1187 4172 vineae
1198 4121 1259 4171 edd.
1271 4121 1332 4184 (iam
1341 4122 1407 4172 Veo.
1418 4135 1442 4172 a.
1453 4121 1536 4184 tl'tl.)
1548 4122 1587 4172 De
1599 4117 1720 4180 lectione,

400 4205 480 4257 quam
497 4209 544 4246 sex
561 4197 614 4246 mei
631 4196 743 4258 habent,
763 4195 833 4262 apud
851 4196 965 4248 edltores
983 4195 1064 4246 altum
1082 4199 1124 4247 est
1133 4195 1278 4256 sitentium
1297 4209 1347 4246 nec
1360 4199 1448 4247 umen
1460 4197 1544 4260 magis
1555 4197 1723 4259 compertum

399 4268 544 4330 habemus,
564 4271 626 4334 quid
643 4271 729 4322 valeat
746 4283 813 4320 nova
831 4269 922 4332 lectio,
940 4283 1021 4334 quam
1038 4284 1107 4334 quae
1122 4272 1184 4322 insit
1195 4272 1324 4321 sententia
1336 4272 1362 4320 in
1374 4269 1529 4335 interpolata
1540 4269 1652 4320 lectione
1662 4266 1723 4319 vul-

399 4347 467 4407 gata.
494 4346 533 4395 De
551 4347 680 4409 scriptura
698 4347 786 4396 autem
804 4345 878 4408 tinia,
897 4359 967 4409 quae
984 4347 1025 4397 est
1041 4347 1066 4395 in
1083 4345 1114 4408 V,
1132 4347 1184 4396 hoc
1201 4345 1346 4396 tenendum
1364 4349 1416 4407 est,
1436 4345 1514 4396 codd.
1531 4345 1653 4407 antiquos
1669 4355 1722 4392 non

398 4420 453 4470 lere
475 4418 552 4470 aliam
574 4421 733 4484 scripturam
754 4419 854 4472 hahere
876 4423 926 4472 nisi
947 4421 1132 4481 liniamentum,
1156 4423 1185 4470 ut
1205 4421 1269 4471 Item
1290 4421 1406 4470 tirriatam
1429 4420 1505 4471 codd.
1524 4421 1550 4469 in
1567 4416 1649 4470 Plauti
1665 4416 1719 4468 mil.

398 4493 462 4558 glor.
481 4497 528 4556 444,
546 4495 574 4557 3,
593 4493 625 4545 lt
642 4493 825 4559 supprimunt,
845 4509 925 4560 quarn
943 4497 1103 4560 scripturam
1114 4493 1269 4547 Ritschelius
1286 4508 1393 4560 qnoque
1410 4498 1522 4562 sprevit3
1541 4493 1590 4545 sed
1607 4492 1722 4556 scriptu·

397 4581 442 4618 rae
459 4569 522 4619 tinia
537 4571 644 4634 praeter
661 4569 712 4620 hoc
729 4568 799 4620 aliud
817 4571 967 4636 exemplum
985 4585 1038 4621 non
1055 4570 1151 4622 haheo.
1166 4597 1193 4607 -
1213 4571 1253 4621 43.
1266 4571 1480 4622 intercurrertmar
1493 4571 1504 4619 t
1516 4596 1549 4610 -
1565 4571 1610 4619 tn'r
1626 4566 1659 4628 b;
1678 4569 1723 4619 tiss

397 4642 461 4692 V—
475 4643 514 4693 44.
528 4642 680 4704 EquidamD
694 4671 721 4682 -·
735 4651 949 4698 senatori-re
965 4646 1044 4698 ebt:
1063 4647 1131 4706 eiV3
1150 4648 1238 4710 rig-
1258 4646 1298 4697 46.
1311 4646 1416 4696 erretV:
1436 4644 1718 4710 csrlelaerrcs.ertct);

397 4717 431 4770 de
448 4717 579 4770 locutione
596 4731 622 4768 v.
642 4731 683 4784 ep.
703 4720 737 4770 ad
754 4721 825 4772 Fam.
844 4723 902 4782 Vll,
922 4721 966 4779 30,
985 4723 1009 4772 3.
1031 4749 1057 4758 -
1080 4733 1136 4770 cam
1152 4721 1188 4769 V:
1212 4735 1284 4772 aaran
1300 4720 1379 4785 bgt3
1397 4733 1514 4771 remma
1534 4747 1560 4758 -
1585 4721 1625 4770 47.
1642 4719 1721 4770 videte

396 4793 535 4845 Manutius.
557 4822 584 4832 -
603 4793 699 4844 tamine
715 4797 726 4845 t
744 4819 771 4832 -
791 4797 933 4860 republica
950 4797 973 4845 V
990 4795 1109 4859 (4444444444
1125 4807 1161 4845 m.
1174 4797 1200 4858 2)
1219 4823 1246 4834 -
1266 4797 1306 4847 49.
1325 4809 1385 4861 erpo
1402 4800 1424 4846 te
1440 4798 1501 4859 agt
1519 4821 1545 4830 —
1564 4807 1621 4845 marr
1637 4805 1721 4856 omg

398 4868 1720 4936 -marrttirarirv-erV:rtrD-Q.nm.ll-fariah-io.cqaoV-olpoguabirt

398 4969 426 4978 -
444 4943 484 4992 il.
502 4943 564 5006 facit
579 4943 615 4992 V:
635 4944 693 5008 socii
713 4947 735 4996 D
752 4974 785 4985 —
806 4948 905 4998 radiata
927 4949 948 4998 D
968 4973 995 4984 -
1019 4949 1060 4998 22.
1079 4948 1296 5009 triamptaacruat
1315 4947 1375 4996 Va:
1397 4945 1585 5008 trimnplamot
1604 4943 1668 5007 bgt
1687 4966 1715 4976 -

394 5015 435 5066 23.
452 5018 539 5080 poprati
554 5019 654 5068 romani
671 5019 694 5066 V
706 5045 733 5056 -
753 5021 793 5071 aa.
807 5029 862 5072 erat
878 5024 933 5086 quir
949 5037 1012 5086 qaas
1030 5025 1062 5085 (re
1079 5021 1179 5071 addidit
1194 5036 1231 5072 m.
1244 5023 1267 5084 2)
1285 5022 1380 5072 4444444444
1394 5022 1418 5070 V
1427 5047 1454 5057 -
1471 5019 1645 5070 arbitrabatur
1660 5029 1717 5067 a·-

394 5091 435 5142 27.
454 5093 542 5143 cotidie
557 5093 609 5143 VD
629 5118 656 5129 —
676 5098 698 5144 te
715 5097 742 5144 et
759 5109 806 5146 saa
823 5110 877 5148 orn.
895 5100 917 5149 D
937 5127 963 5135 -
982 5097 1024 5148 28.
1042 5098 1140 5146 radere
1155 5095 1220 5155 Vb;
1241 5096 1335 5146 saciari
1351 5101 1406 5158 [rat.
1425 5095 1448 5159 3)
1467 5097 1527 5159 4434
1543 5120 1571 5130 -
1590 5100 1613 5144 ta
1629 5088 1716 5143 tamb

397 5191 423 5200 —
439 5173 553 5230 portares
567 5165 613 5229 V¹;
632 5182 686 5220 nm.
704 5181 720 5219 a
738 5196 766 5208 -
786 5173 846 5223 dicis
863 5186 880 5237 g
897 5198 925 5208 —
944 5173 984 5223 29.
1004 5174 1058 5222 dico
1075 5172 1160 5221 omnia
1170 5173 1203 5221 V:
1226 5173 1295 5235 duo,
1312 5177 1341 5223 at
1355 5173 1440 5224 omnia
1454 5172 1506 5222 DO
1517 5196 1551 5209 —·
1567 5174 1649 5220 44444444
1664 5166 1716 5217 siae

394 5239 431 5290 It:
450 5247 503 5292 tam
518 5255 568 5295 erro
584 5245 611 5294 444
627 5245 650 5295 V
668 5269 695 5282 ·-
715 5247 793 5297 animi
810 5247 846 5297 V:
867 5259 920 5298 om.
939 5247 1006 5306 D0;
1027 5246 1059 5297 cl.
1078 5245 1093 5310 ς
1112 5245 1142 5296 47
1161 5248 1196 5297 in.
