4009 6159
382 497 464 569 4034
643 509 792 576 ORATIO
814 511 868 576 DE
889 507 1118 578 PROVINCIIS
1141 509 1439 577 consultamus

382 703 424 726 *-
444 685 563 760 patrem
584 679 670 754 dico,
692 681 783 742 cuius
804 679 925 744 utinam
939 677 995 744 lilii
1009 700 1050 744 nc
1067 680 1310 762 degenerassent
1323 700 1343 743 a
1357 680 1509 763 gravitate
1523 681 1644 762 patriai
1657 713 1697 730 ·—

382 779 498 836 tautam
519 771 644 836 laudem
666 782 715 837 est
735 774 887 858 adeptus,
909 773 995 857 quod
1017 773 1160 836 u'ibunus
1180 774 1223 857 pl.
1247 773 1333 837 solus
1354 793 1394 835 ex
1413 781 1480 837 toto
1496 774 1551 838 illo
1566 775 1699 858 collegio

383 864 418 926 L.
441 864 581 947 Scipioni
602 866 720 930 auxilio
742 867 819 941 luit,
847 867 1083 931 inimicissimus
1105 874 1137 930 et
1158 868 1259 950 ipsius
1281 876 1313 931 et
1332 867 1439 930 fratris
1459 871 1529 931 eius
1550 866 1699 940 Africani,

383 958 559 1040 iuravitque
581 960 614 1021 in
635 961 783 1024 contione
806 981 840 1023 sc
861 959 1042 1043 ingratiam
1059 980 1126 1024 non
1138 960 1275 1034 redisse,
1297 960 1356 1024 scd
1369 961 1509 1031 allenum
1523 960 1585 1023 sibi
1598 959 1699 1022 videri

360 1051 534 1133 odignitatc
555 1053 697 1135 Imperii,
720 1075 783 1137 quo
806 1054 902 1117 ducos
924 1061 1033 1118 essent
1051 1055 1189 1118 hostium
1208 1054 1355 1136 Scipione
1376 1054 1591 1136 triumphante
1603 1053 1700 1128 ducti,

383 1145 495 1208 eodem
516 1146 621 1227 ipsum
643 1147 733 1222 duci,
756 1148 813 1231 qui
834 1147 1080 1230 triumphasset?
1123 1143 1173 1209 49.
1189 1146 1270 1223 Quis
1290 1146 1415 1230 plenior
1428 1148 1627 1210 inimicorum
1640 1145 1701 1210 tuit

209 1237 295 1338 a&
384 1237 418 1301 G.
438 1239 581 1320 Marici(
586 1240 622 1302 1..
645 1239 792 1314 Crassus,
821 1241 863 1303 Μ.
887 1241 1023 1305 Scaurus
1045 1231 1170 1324 alienid
1187 1242 1304 1304 inimici
1325 1260 1436 1305 omnes
1456 1240 1586 1304 Metelli.
1617 1240 1700 1303 Atii

382 1351 446 1395 non
467 1331 560 1396 modo
582 1333 672 1398 illum
694 1335 856 1399 immicum
878 1355 919 1398 ex
940 1334 1042 1398 Gallia
1063 1335 1228 1399 sententiis
1249 1337 1314 1398 suis
1328 1355 1392 1399 non
1407 1335 1624 1408 detrahebant,
1645 1334 1700 1397 sed

383 1425 413 1488 ci
435 1433 565 1508 propter
586 1429 738 1492 rationem
760 1429 872 1492 Gallici
894 1429 970 1492 belli
991 1428 1184 1510 provinciam
1205 1436 1294 1491 extra
1316 1430 1458 1493 ordinem
1479 1427 1698 1492 decernebant.

346 1531 374 1578 lc
382 1520 502 1584 Bellum
522 1521 556 1583 in
578 1521 678 1585 Gallia
698 1524 869 1586 maximum
891 1529 1013 1606 gestum
1035 1530 1099 1586 est:
1122 1520 1259 1585 domitae
1274 1529 1380 1589 sunta
1395 1523 1529 1587 Caesare
1543 1522 1697 1586 maximae

382 1612 541 1688 nationes,
570 1615 625 1677 scd
647 1617 789 1678 nondum
809 1615 949 1699 legibus,
975 1617 1117 1679 nondum
1138 1616 1208 1678 iure
1230 1623 1332 1690 certo,
1353 1616 1493 1679 nondum
1515 1616 1590 1680 sctis
1612 1611 1701 1677 lirina

381 1725 458 1790 pace
480 1706 652 1771 devinctae.
683 1707 806 1772 Bellum
828 1711 974 1773 allectum
995 1709 1140 1772 videmus
1161 1717 1210 1783 et,
1232 1729 1306 1772 rere
1326 1716 1362 1772 ut
1376 1710 1489 1784 dicam,
1510 1717 1612 1792 mene
1625 1728 1700 1772 con·

381 1798 511 1876 lectum,
541 1801 597 1864 sed
619 1802 681 1875 ita,
711 1810 762 1878 ut,
794 1803 822 1866 si
842 1803 926 1868 idem
948 1810 1090 1867 extrema
1110 1803 1327 1887 persequitur,
1356 1805 1412 1886 qui
1433 1803 1610 1875 inchoavit,
1637 1802 1699 1864 iam

382 1895 487 1958 omnia
514 1895 652 1979 perlecta
680 1897 858 1973 videamus,
888 1899 914 1962 si
942 1897 1139 1972 succeditur,
1167 1895 1344 1978 periculum
1365 1897 1422 1971 sit,
1450 1917 1491 1959 uc
1511 1897 1700 1959 instauratas

345 1999 374 2048 cs
382 1988 510 2053 maximi
540 1989 616 2053 belli
647 1990 795 2073 reliquias
827 2011 864 2054 uc
894 1998 1061 2054 renovatas
1080 1991 1265 2054 audiamus.
1308 1986 1359 2052 20.
1381 1991 1465 2072 Ergo
1494 2010 1554 2072 eqo
1575 1997 1701 2056 senator

382 2084 546 2160 iuimicus,
576 2085 604 2147 si
624 2085 669 2147 ita
689 2084 801 2160 vultis,
830 2085 972 2160 homini,
993 2086 1112 2149 amicus
1134 2104 1223 2158 esse,
1244 2083 1326 2146 sicut
1346 2103 1471 2166 semper
1490 2084 1552 2158 fui,
1573 2084 1621 2147 roi
1642 2103 1700 2166 pu·

380 2177 483 2242 olicae
505 2177 614 2242 debeo.
652 2177 761 2253 Quid?
783 2180 809 2243 si
831 2181 915 2262 lpsas
935 2181 1116 2245 inimicitias
1132 2180 1259 2262 depono
1272 2178 1319 2241 rei
1335 2179 1480 2262 pulrlicac
1495 2197 1607 2252 causa,
1629 2178 1700 2261 quis

382 2291 432 2333 me
456 2271 583 2336 tandem
604 2274 672 2336 iure
693 2272 922 2357 reprehendet?
944 2275 1128 2358 praesertim
1150 2294 1222 2337 cum
1241 2293 1301 2356 eqo
1315 2275 1455 2337 omnium
1470 2293 1611 2337 meorum
1624 2293 1700 2337 con·

382 2365 523 2430 siliorum
544 2375 638 2450 atque
659 2365 811 2430 factonrm
835 2368 980 2450 exempla
1002 2389 1128 2451 semper
1149 2389 1190 2432 ex
1212 2386 1405 2431 summorum
1426 2368 1588 2431 hominum
1608 2366 1700 2430 IactIs

345 2458 459 2524 aomilri
480 2461 654 2524 censuerim
675 2461 822 2542 petenda.
865 2462 921 2523 Ill.
944 2456 994 2524 al.
1016 2463 1066 2525 An
1086 2482 1162 2525 vero
1186 2463 1227 2525 Μ.
1248 2461 1303 2524 illc
1316 2460 1471 2544 Lepidus,
1492 2461 1548 2542 qui
1561 2461 1612 2524 bis
1625 2480 1700 2524 con·

381 2554 430 2616 sul
452 2562 485 2618 et
505 2553 648 2636 pontifex
668 2555 823 2618 maximus
842 2555 915 2629 fuit,
938 2575 1003 2620 non
1020 2556 1122 2618 solum
1137 2555 1307 2618 memoriae
1321 2553 1513 2628 testimonio,
1533 2554 1699 2618 sedetiam

380 2646 541 2711 annalium
561 2647 673 2711 litteris
696 2656 727 2710 ot
748 2649 862 2712 summi
884 2655 997 2732 poetae
1019 2670 1096 2713 voce
1117 2648 1263 2712 laudatus
1286 2656 1352 2722 ost,
1373 2648 1459 2731 quod
1481 2667 1550 2712 cum
1570 2651 1611 2713 Μ.
1626 2649 1699 2712 Ful·

380 2741 432 2803 vio
454 2740 592 2830 collega,
620 2761 684 2825 quo
708 2741 760 2805 die
782 2761 895 2806 censor
917 2751 966 2807 ost
985 2741 1102 2818 lactus,
1131 2741 1260 2806 homino
1281 2741 1510 2817 inimicissimo,
1531 2743 1565 2804 in
1587 2761 1697 2827 campo

380 2834 483 2923 statim
503 2834 599 2898 rediit
619 2837 653 2898 in
675 2836 823 2920 gratiam,
844 2844 880 2900 ut
901 2856 1068 2901 commune
1089 2822 1225 2899 officium
1247 2854 1400 2898 censurae
1414 2837 1571 2900 communi
1591 2837 1697 2900 animo

342 2942 415 2991 stac
442 2927 601 2993 voluntate
631 2930 857 2994 defenderentl
886 2933 990 3014 Atque
1025 2937 1061 2993 ut
1087 2937 1211 3002 vetera,
1240 2947 1322 3012 quae
1349 2937 1424 2992 sunt
1448 2929 1697 3004 innumerabilia,

378 3022 515 3098 mittam,
537 3032 608 3088 tuus
630 3032 734 3110 pater,
756 3025 920 3108 Philipps,
943 3044 1050 3087 nonno
1071 3043 1136 3088 uno
1150 3032 1292 3106 tempore
1306 3043 1378 3086 cum
1392 3023 1458 3087 suis
1472 3023 1696 3088 inimicissimis

379 3116 411 3180 in
434 3116 564 3198 qratiam
585 3118 703 3182 rediitt
726 3118 842 3200 quihus
864 3138 936 3181 eum
958 3118 1104 3181 omnihus
1125 3117 1235 3181 cadem
1256 3135 1307 3180 res
1329 3117 1455 3199 publica
1472 3118 1698 3193 reconciliarit,

378 3229 461 3294 quae
482 3211 642 3275 alienarat.
686 3208 737 3274 24.
759 3213 859 3275 Multa
881 3219 1062 3294 praetereo,
1091 3212 1178 3296 quod
1204 3213 1330 3274 intucor
1351 3231 1457 3274 coram
1476 3210 1557 3274 haec
1577 3211 1698 3274 lumina

260 3293 278 3400 (¹
378 3313 472 3388 atquc
503 3314 687 3370 ornamenta
715 3305 760 3367 rei
790 3305 953 3388 publicae,
983 3306 1016 3368 Ρ.
1039 3305 1205 3369 Servilium
1236 3313 1268 3367 et
1297 3306 1339 3368 Μ.
1360 3303 1535 3368 Lucullum.
1573 3304 1696 3367 Utinam

260 3396 270 3412 ⁹
341 3399 472 3461 saeuam
502 3399 536 3459 L.
558 3399 709 3462 Lucullus
739 3398 804 3461 illic
829 3399 996 3462 assideretl
1034 3399 1123 3473 Quae
1151 3400 1280 3462 luerunt
1306 3399 1487 3462 inimicitiae
1517 3399 1552 3460 in
1573 3401 1697 3462 civitate

378 3493 536 3575 graviores
558 3513 652 3576 quam
673 3492 878 3556 Lucullorum
900 3501 994 3576 atque
1012 3493 1258 3584 Serviliit(quas
1279 3493 1313 3555 in
1334 3493 1410 3555 viris
1431 3492 1609 3557 fortissimis
1630 3511 1695 3555 non

379 3587 479 3652 solum
502 3587 654 3684 exstinxit
675 3587 720 3650 rei
742 3585 888 3670 publicae
904 3585 949 3620 Η
965 3587 1165 3669 dignitasque
1186 3573 1340 3688 ipsorum)
1362 3586 1419 3651 sed
1442 3587 1535 3650 etiam
1558 3586 1599 3649 ad
1619 3587 1697 3649 ami·

191 3616 311 3725 sifi.

378 3935 417 3988 cl.
434 3949 461 4000 p.
480 3933 556 3994 4034,
575 3935 616 3984 40.
637 3957 664 3970 ··
690 3931 735 3996 Ti]
758 3933 783 3982 T.
802 3934 851 3984 PG
870 3957 896 3970 -
921 3937 944 3984 4.
961 3935 1049 3998 patria
1071 3935 1104 3984 C:
1128 3939 1238 3998 paterio
1258 3933 1278 3984 0
1297 3959 1324 3970 —
1350 3934 1375 3983 4.
1394 3935 1419 3983 Ρ.
1438 3933 1466 3983 L.
1485 3935 1519 3994 Ρ,
1534 3932 1611 3997 pubis
1626 3936 1646 3985 0
1664 3961 1691 3971 -

376 4013 401 4062 4.
419 4011 530 4060 centone
544 4012 577 4061 P:
596 4009 711 4058 44444444
727 4009 791 4059 0-
806 4009 897 4059 redisse
914 4012 947 4060 P:
965 4011 1066 4060 rediicsc
1077 4011 1097 4059 0
1111 4036 1138 4047 —
1156 4012 1182 4060 5.
1200 4009 1257 4074 quc]
1276 4009 1342 4071 quod
1358 4006 1387 4058 1²¹
1401 4035 1427 4044 -
1445 4013 1505 4058 esset
1520 4006 1549 4059 Ρ1
1563 4036 1590 4046 -
1609 4006 1634 4058 6.
1652 4021 1695 4058 so-

376 4088 435 4136 dom
451 4083 519 4136 1²¹-
540 4085 565 4134 ’4.
583 4097 674 4134 scuras
689 4083 717 4134 1²¹
738 4110 763 4120 -
783 4084 871 4136 alieni:
888 4085 982 4135 inimici
998 4084 1142 4148 Madvigius
1163 4083 1187 4146 (l.
1206 4082 1223 4133 l.
1242 4097 1268 4148 p.
1287 4084 1352 4146 tol:
1371 4083 1433 4132 atini
1448 4083 1543 4132 inimici
1558 4080 1601 4142 P¹;
1619 4083 1696 4135 aliine

375 4161 470 4212 inimici
486 4155 587 4219 1³²0&
607 4159 692 4224 [444444
707 4160 809 4222 inimici]
828 4159 858 4209 0.
877 4160 915 4210 Cl.
937 4159 1061 4210 illocatum
1078 4161 1105 4209 in
1122 4159 1259 4224 prooemio
1276 4158 1319 4208 ed.
1338 4157 1439 4208 Teubn.
1457 4169 1484 4221 p.
1502 4159 1555 4208 XV.
1575 4185 1602 4194 -
1624 4160 1642 4208 44
1660 4160 1693 4211 C:

375 4239 401 4287 44
412 4237 432 4288 0
442 4261 470 4274 -
488 4236 513 4286 8.
525 4236 568 4286 sed
583 4238 606 4286 si
622 4235 755 4287 Halmius:
774 4235 816 4286 red
832 4239 855 4286 el
871 4235 927 4285 CO.
946 4237 1044 4286 Omnes
1060 4234 1120 4297 loci,
1139 4248 1207 4298 quos
1223 4232 1307 4284 attulit
1322 4235 1434 4285 Hessius
1450 4233 1485 4284 ad
1496 4233 1600 4296 Reisigii
1610 4234 1695 4285 Scho-

376 4313 415 4364 lss
436 4311 470 4362 dc
491 4311 578 4375 lingua
598 4313 688 4362 Latina
711 4325 735 4362 n.
754 4311 815 4371 443,
841 4311 867 4360 44
890 4309 985 4374 quibus
1007 4312 1099 4361 Cicero
1121 4311 1164 4359 scd
1183 4315 1207 4360 st
1227 4321 1275 4373 pro
1294 4309 1337 4358 ssd
1352 4308 1428 4358 444444
1443 4309 1582 4371 scripsisse
1599 4308 1691 4370 fertur,

335 4431 338 4437 .
375 4403 446 4440 nunc
463 4401 495 4439 cx
513 4386 666 4438 melioribus
687 4384 761 4436 libris
779 4388 891 4437 correcti
913 4386 982 4435 sunt.
1002 4411 1031 4422 -
1053 4387 1093 4436 444.
1111 4387 1237 4435 domitam
1251 4381 1281 4435 Ρι
1300 4411 1327 4420 -
1352 4386 1391 4434 ti.
1410 4384 1525 4433 Mutae
1540 4381 1570 4434 Ρι
1587 4409 1615 4420 -
1636 4384 1694 4434 Bsi-

374 4464 620 4528 lam--ccosectum
641 4460 722 4511 habet
739 4458 834 4511 Gellius
850 4461 903 4522 XV,
922 4461 947 4519 c,
966 4460 989 4510 6.
1022 4460 1097 4511 idem
1113 4461 1159 4519 111,
1178 4461 1218 4520 46,
1237 4460 1283 4508 49τ
1306 4459 1426 4523 «adfecto
1441 4471 1473 4508 ca
1494 4461 1602 4523 proprie
1618 4459 1694 4511 dioe-
1794 4509 1799 4519 ,
1900 4494 1901 4525 ,

375 4539 483 4598 bantur,
502 4550 571 4602 (praa
588 4549 640 4587 non
657 4535 691 4586 ad
708 4535 789 4585 tinem
805 4535 907 4598 ipsum,
925 4534 974 4585 scd
990 4536 1110 4599 proxime
1128 4534 1208 4586 finem
1224 4547 1365 4600 progressa
1376 4533 1524 4584 deductave
1535 4537 1619 4584 erant.
1637 4535 1694 4585 Hoc

374 4613 488 4664 verbum
505 4611 539 4664 ad
556 4612 624 4663 hano
641 4610 799 4661 sententimn
810 4609 903 4659 Cicero
920 4621 946 4658 ru
963 4608 1015 4659 hac
1031 4609 1100 4671 lecit,
1119 4622 1200 4673 quam
1211 4608 1276 4659 dixit
1285 4608 1320 4659 de
1331 4609 1472 4673 provinciis
1483 4607 1692 4660 consularibus.»

376 4689 414 4740 cl.
428 4688 494 4751 529.
513 4687 609 4738 Bellum
624 4687 747 4748 adfectum
761 4685 872 4735 uidemus
887 4683 969 4735 habet
985 4685 1065 4736 edum
1081 4685 1180 4736 Nonius
1194 4682 1333 4736 Marcellus
1350 4697 1375 4748 p.
1389 4685 1446 4744 4644,
1464 4684 1505 4735 34.
1524 4709 1552 4720 -
1570 4686 1694 4748 44444444

375 4764 395 4813 P
414 4769 442 4800 '-
460 4761 763 4823 cidsmrcs--ccsscctam
779 4758 821 4809 bis
839 4758 964 4823 deinceps
981 4762 1000 4810 P
1019 4785 1045 4795 -
1064 4761 1104 4809 43.
1121 4760 1249 4810 micon&
1264 4758 1304 4810 1³¹:
1323 4759 1466 4810 iocdohouii
1481 4756 1549 4812 1³²-
1568 4761 1609 4811 td.
1627 4761 1693 4810 osni·

375 4849 502 4892 misnam
518 4838 537 4887 P
556 4861 582 4871 -
602 4835 643 4886 48.
660 4834 819 4897 reprehendat
836 4835 870 4884 C:
888 4835 1051 4897 rsprsdeodot
1067 4835 1087 4883 0
1106 4861 1132 4869 -
1151 4835 1193 4884 49.
1211 4835 1333 4885 domm
1348 4832 1378 4884 Ρι
1396 4861 1423 4870 —-
1441 4835 1482 4884 20.
1499 4835 1655 4885 Aesonii.
1673 4836 1692 4883 L

377 4937 404 4949 -
423 4911 464 4963 44.
482 4911 546 4961 redit
562 4912 590 4961 Ρι
609 4937 636 4948 -
658 4911 762 4973 offitium
779 4911 798 4958 P
821 4935 844 4944 -
862 4909 903 4959 44.
921 4911 1020 4961 reditP
1039 4936 1066 4945 -
1090 4909 1154 4974 mco]
1170 4922 1228 4959 cam
1244 4911 1294 4958 PG
1312 4937 1339 4946 -
1358 4909 1398 4960 30.
1416 4909 1693 4961 mammaru-

375 4988 459 5051 vigius
476 4984 501 5049 (l.
515 4984 555 5049 l.):
574 4985 614 5036 itis
630 4985 753 5035 44444444
767 4980 870 5043 PG¹E;
893 4985 934 5036 illc
950 4987 1067 5036 dmideret
1083 4982 1126 5044 6²3
1144 4985 1185 5034 ills
1199 4986 1292 5035 uicem
1307 4985 1328 5035 0
1345 5009 1373 5021 -
1394 4985 1422 5034 in
1441 4985 1542 5036 44444444
1562 4986 1694 5047 promotes

376 5061 413 5112 C:
439 5061 569 5124 praetores
588 5060 616 5110 io
631 5060 731 5110 cirine
748 5060 767 5110 0
787 5085 813 5094 —
837 5059 877 5110 34.
895 5060 979 5110 senili
995 5063 1029 5110 P:
1051 5060 1214 5110 Sensiliomm
1229 5061 1306 5111 GEO
1326 5087 1353 5098 -
1370 5061 1533 5111 3444444444
1549 5063 1594 5112 PG
1609 5086 1636 5096 -
1654 5063 1692 5110 rei

377 5151 410 5200 .p.
424 5137 581 5201 dipsitcrqus
590 5137 701 5198 ipsorum
712 5135 747 5186 C:
764 5147 804 5186 rsa
817 5149 844 5197 p.
857 5135 1015 5199 dipsitcrque
1030 5135 1141 5198 ipsoram
1149 5134 1183 5194 03
1200 5136 1239 5185 rei
1251 5148 1279 5198 p.
1291 5135 1400 5200 44444444
1415 5141 1438 5185 st
1452 5136 1563 5197 ipsoram
1573 5137 1602 5186 L.
1620 5135 1688 5186 lori.

377 5213 415 5267 ret
426 5225 455 5284 p.
467 5212 562 5267 44444444
576 5211 731 5283 dipsitcsqss
746 5211 870 5276 iprmacm
890 5210 923 5263 cl.
942 5209 957 5276 Β
973 5211 1015 5262 29.
1035 5237 1063 5246 -
1080 5211 1215 5288 4444444444
1230 5211 1260 5263 Ρ.
