4009 6159
737 609 812 673 cr».
833 608 965 676 rv-v.
992 606 1039 693 ss
1062 603 1189 674 7-la.
1543 604 1626 672 riso

300 777 471 842 ducimnsl
491 776 568 841 lirat
588 777 673 840 enim
694 776 773 841 baec
795 779 991 843 consuetudo
1012 785 1088 844 nota
1109 779 1199 843 vobis
1221 777 1351 864 quidem
1374 778 1537 854 omnibus,
1560 779 1627 853 sed,

300 871 328 934 si
355 891 434 935 usus
462 871 611 952 magister
640 876 689 934 cst
710 871 862 953 optimus,
892 871 970 936 mibi
991 873 1086 936 debet
1107 893 1177 936 esse
1198 872 1374 937 notissima.
1409 872 1564 938 Accusavi
1586 873 1626 936 de

299 965 445 1049 pecuniis
473 957 674 1048 repetundis,
702 965 802 1028 iudex
833 965 918 1041 sedi,
951 973 1078 1050 praetor
1108 966 1267 1050 quaesivi,
1298 966 1426 1032 delendi
1455 965 1626 1050 plurimos:

300 1057 389 1122 nulla
410 1078 499 1142 pars,
521 1079 605 1144 ques
626 1059 767 1144 aliquam
789 1058 969 1124 facultatem
990 1059 1136 1139 discendi
1157 1061 1268 1124 afferre
1290 1066 1409 1143 posset,
1431 1078 1515 1123 ame
1531 1057 1625 1121 aluit:

299 1153 344 1217 ita
371 1152 546 1228 contendo,
573 1153 734 1237 nemiuem
760 1171 910 1236 nmquam
939 1172 1002 1227 ovo
1031 1173 1072 1218 ns
1101 1171 1235 1218 4444444
1261 1173 1471 1218 nnnvsnrssnr
1499 1153 1651 1234 causaml

300 1247 435 1322 dixisse,
464 1248 520 1331 qui
547 1247 582 1310 in
604 1247 810 1312 aestimandis
833 1246 941 1310 litibus
964 1247 1142 1330 appellatus
1166 1266 1229 1310 non
1252 1255 1345 1312 esset.
1383 1248 1419 1310 ln
1439 1245 1549 1309 litibus
1570 1264 1626 1308 au·

300 1348 365 1406 tem
386 1361 480 1404 nemo
502 1340 722 1424 appellabatur
743 1339 805 1404 nisi
827 1361 869 1404 ex
890 1341 1018 1404 testium
1041 1339 1133 1404 dictis
1156 1350 1211 1407 aut
1231 1342 1347 1406 tabulis
1365 1341 1557 1426 privatorum
1572 1345 1628 1402 aut

298 1435 478 1500 rationibus
504 1435 675 1498 civitatum.
725 1429 776 1495 40.
797 1433 909 1517 Itaque
942 1434 977 1496 in
1008 1434 1180 1498 inferendis
1210 1435 1318 1498 litibus
1346 1434 1457 1500 adesse
1483 1432 1628 1501 solebant

300 1529 355 1612 qui
376 1528 498 1612 aliquid
520 1527 561 1592 de
582 1548 617 1592 sc
631 1527 835 1601 verebantur,
857 1535 906 1602 et,
928 1547 999 1590 cnm
1023 1535 1112 1590 erant
1133 1529 1298 1612 appellati,
1320 1529 1347 1593 si
1366 1527 1542 1600 videbatur,
1565 1534 1627 1589 sta·

299 1623 355 1687 tim
383 1620 618 1686 contradicere
646 1620 807 1685 solebant:
839 1620 889 1683 sin
911 1620 980 1684 eius
1003 1622 1156 1705 temporis
1177 1630 1336 1686 recentem
1358 1620 1509 1686 invidiam
1530 1619 1663 1703 perti-to

299 1721 461 1792 muerant,
481 1713 718 1798 respondebant
738 1719 865 1797 postea:
888 1714 976 1798 qnod
992 1735 1063 1778 cum
1084 1714 1250 1790 iecissent,
1272 1715 1417 1799 permulti
1432 1733 1528 1797 saepe
1543 1713 1627 1776 vice·

298 1817 382 1874 runt.
412 1813 448 1874 V.
462 1807 533 1872 Hoc
546 1827 623 1871 vero
643 1827 761 1871 novum
784 1815 833 1872 est
853 1816 886 1872 et
906 1816 980 1872 ante
1000 1808 1063 1872 boc
1084 1819 1209 1894 tempus
1225 1810 1354 1873 omnino
1375 1808 1569 1874 inauditum:
1591 1808 1625 1870 in

298 1902 406 1966 litibus
427 1902 569 1965 Postumi
591 1921 706 1967 nomen
728 1909 778 1966 est
797 1921 963 1985 nusquam.
997 1904 1034 1965 ln
1057 1902 1164 1966 litibus
1179 1902 1275 1966 dicct
1297 1902 1394 1966 blodo
1410 1922 1467 1966 vos
1485 1900 1569 1964 idem
1590 1901 1626 1966 in

297 1996 335 2060 Δ.
350 1995 518 2060 Gabinium
538 1995 659 2059 iudices
673 1994 818 2060 sedistis:
841 2015 916 2059 num
931 1997 1003 2080 quis
1019 1997 1107 2062 testis
1124 1999 1306 2062 Postumum
1322 1995 1514 2080 appellavit:
1536 1994 1625 2058 iestis

298 2091 425 2155 antemi
446 2109 525 2152 num
539 2091 725 2153 accusatori
749 2108 826 2153 num
841 2088 979 2172 denique
1000 2096 1068 2153 toto
1090 2089 1145 2154 illo
1167 2091 1202 2153 in
1221 2091 1339 2154 iudicio
1354 2090 1495 2154 Postumi
1509 2108 1662 2156 nomento

297 2175 455 2248 audistis?
492 2177 543 2245 44.
565 2184 635 2245 Non
656 2183 754 2264 igitur
774 2201 847 2247 reus
870 2202 911 2246 ex
933 2201 971 2246 ea
991 2202 1102 2257 cause,
1125 2203 1206 2268 quae
1227 2183 1365 2248 iudicata
1386 2189 1450 2257 est,
1471 2180 1626 2246 redundat

297 2279 481 2352 Postumus,
503 2276 560 2341 ssd
582 2284 632 2340 est
652 2283 796 2359 arreptus
818 2296 899 2340 nnus
921 2296 1020 2360 eques
1035 2279 1194 2342 Romanus
1217 2277 1257 2342 de
1278 2277 1421 2360 pecuniis
1441 2273 1626 2360 repetundis

297 2392 379 2436 reus.
416 2370 540 2447 Quibus
567 2370 708 2434 moniis:
739 2389 823 2454 quae
851 2371 885 2434 in
912 2371 1031 2434 iudicio
1057 2373 1095 2435 A.
1117 2371 1243 2435 Gabinii
1272 2372 1423 2435 recitatae
1447 2389 1512 2432 non
1534 2374 1624 2432 sunt:

297 2487 361 2551 qno
382 2467 486 2530 testei
507 2483 528 2528 a
549 2482 614 2549 quo
636 2470 705 2529 tum
727 2463 904 2547 appellatus
919 2484 1077 2549 nusquam
1091 2472 1156 2529 est:
1179 2485 1243 2550 qua
1257 2463 1477 2528 aestimatione
1498 2461 1623 2526 litium?

296 2559 332 2622 in
353 2577 417 2643 qua
439 2558 580 2623 Postumi
601 2558 721 2623 mentio
743 2557 826 2622 iacta
846 2558 934 2623 nulla
956 2567 1021 2623 est:
1043 2579 1106 2644 qua
1127 2559 1220 2642 leget
1241 2578 1305 2642 qua
1325 2576 1391 2622 non
1411 2563 1545 2622 tenetur.
1632 2577 1661 2625 so
1782 2643 1787 2650 Ι

379 2651 441 2716 llic
470 2652 551 2729 iam,
578 2652 717 2728 iudices,
745 2652 842 2741 vestri
867 2652 993 2716 consilii
1015 2673 1065 2717 res
1087 2660 1149 2728 est,
1178 2661 1300 2738 vestrae
1323 2650 1514 2735 sapientiae:
1546 2647 1622 2733 quid

295 2746 407 2811 deceat
434 2767 509 2823 vos,
537 2766 603 2812 non
634 2752 788 2831 quantum
810 2745 903 2811 liceat
925 2746 1016 2811 robis
1038 2755 1182 2830 spectare
1204 2746 1337 2810 debetis.
1381 2744 1417 2810 Si
1439 2741 1524 2808 enim
1546 2741 1623 2825 quid

294 2840 391 2906 liceat
412 2841 583 2926 qnaeritis,
603 2841 741 2927 potestis
758 2840 871 2903 tollere
890 2841 1051 2905 scisitate
1066 2861 1160 2926 quem
1176 2840 1281 2905 vultis.
1316 2837 1447 2904 Tabella
1460 2843 1518 2911 est,
1540 2855 1622 2920 quse

295 2935 350 2999 dat
370 2940 578 3017 potestatem:
607 2933 746 2997 occultat
766 2933 879 2996 eadem
900 2933 1082 2998 libidinem:
1114 2936 1203 3000 cuius
1225 2932 1451 2998 conscientiam
1472 2929 1552 2996 nibil
1573 2935 1622 2996 est

295 3029 382 3112 quod
414 3028 584 3112 quisquam
613 3029 738 3104 timeat,
771 3027 799 3092 si
827 3046 892 3092 non
918 3027 1118 3110 pertimescat
1146 3049 1245 3094 suam.
1289 3023 1340 3092 ia.
1362 3026 1422 3092 Ubi
1450 3034 1499 3091 est
1524 3023 1658 3108 igiturss

294 3121 450 3206 sapientia
478 3121 617 3186 iudicis:
648 3123 684 3185 ln
710 3121 788 3196 hoc,
815 3128 853 3185 ut
880 3141 944 3184 non
973 3121 1078 3184 solum
1100 3121 1178 3206 quid
1202 3121 1320 3206 possit,
1348 3119 1521 3186 sedetiam
1543 3119 1620 3204 quid

294 3213 410 3280 debant
440 3214 612 3299 ponderet,
640 3235 700 3279 nec
730 3222 884 3299 quantum
912 3215 972 3279 sibi
1001 3215 1189 3299 permissum
1219 3214 1397 3280 meminerit
1417 3214 1535 3288 solum,
1562 3215 1620 3278 sed

294 3309 391 3374 etiam
414 3313 569 3393 maternus
591 3308 793 3372 commissum
814 3310 865 3373 sit.
900 3310 1000 3372 Detur
1020 3310 1079 3374 tibi
1106 3309 1222 3375 tabella
1242 3309 1356 3373 iudici:
1380 3329 1444 3394 qua
1463 3309 1556 3394 legat
1578 3342 1619 3358 -

293 3403 375 3468 lulia
396 3402 436 3467 de
456 3403 601 3486 pecuniis
622 3400 817 3487 repetundis.
837 3434 879 3451 -
902 3403 974 3480 Quo
995 3402 1036 3468 de
1057 3407 1134 3469 recl
1156 3435 1197 3450 -
1216 3405 1264 3468 De
1286 3403 1393 3485 equite
1414 3404 1620 3468 Romano.-

293 3497 335 3560 At
355 3497 416 3560 istc
438 3496 517 3560 ordo
538 3496 610 3582 lege
631 3515 669 3560 ea
690 3516 756 3560 non
777 3503 912 3560 tenetur.
927 3529 968 3546 -·
990 3497 1067 3574 illc,
1089 3498 1207 3581 inquit,
1230 3498 1332 3580 capite
1353 3496 1478 3581 †quod
1499 3504 1565 3562 erat
1585 3497 1657 3564 icco

291 3591 493 3668 Postumum,
516 3611 588 3656 cnm
609 3591 644 3654 in
666 3589 835 3655 Gabinium
855 3591 953 3656 iudex
974 3611 1078 3667 esses,
1106 3591 1187 3656 nibil
1207 3590 1343 3654 Gabinio
1364 3591 1526 3667 damnato,
1548 3611 1620 3656 curn

291 3795 378 3859 linea,
394 3797 427 3847 nt
442 3797 485 3849 est
497 3796 525 3848 in
536 3797 566 3858 E,
584 3796 786 3862 permutationis
802 3797 869 3846 ratio
884 3795 1062 3862 perspicitur).
1075 3821 1103 3834 -
1114 3795 1142 3846 in
1156 3807 1236 3858 resp.
1248 3795 1305 3846 SV:
1323 3795 1351 3846 trs
1365 3809 1390 3848 r.
1398 3808 1428 3860 p.
1439 3796 1484 3849 Ei]
1496 3798 1523 3847 st
1535 3797 1546 3846 4
1561 3797 1619 3858 01.;

291 3871 321 3922 is
335 3885 389 3934 rsp.
402 3870 418 3922 3
429 3871 494 3924 011.
506 3896 541 3908 ·-
557 3872 582 3923 4.
600 3872 700 3935 qutdsss
714 3870 784 3922 uobis
799 3872 853 3933 SV,
870 3870 922 3922 sed
937 3870 959 3920 V
977 3883 1041 3921 cum
1057 3870 1137 3934 signis
1154 3871 1372 3936 transpositionis.
1390 3895 1420 3910 -
1438 3872 1463 3923 t.
1481 3871 1622 3924 4444444444

293 3945 373 3997 codd.
392 3947 419 3997 st
435 3944 498 4001 cdd.
516 3948 593 4009 vett..
612 3946 692 3998 etiam
709 3944 743 4006 b;
767 3945 919 3997 emendarit
935 3945 1090 4008 ilervsglus.
1111 3969 1138 3982 -
1162 3944 1187 3998 4.
1205 3946 1312 3997 discendi
1329 3946 1506 4000 Hotomanus:
1523 3947 1621 3998 44444444

292 4020 372 4073 codd.
391 4023 419 4073 et
434 4022 470 4084 03
494 4021 528 4074 cl.
547 4021 582 4073 de
599 4020 697 4073 eodem
714 4021 813 4071 mendo
829 4020 896 4072 inira
914 4019 949 4072 ad
966 4020 982 4085 5
997 4020 1031 4070 29
1048 4021 1115 4072 crtr.
1136 4043 1163 4056 -
1187 4033 1206 4072 o
1227 4033 1266 4070 mc
1287 4019 1352 4083 altstt
1367 4021 1477 4086 scripsi:
1499 4034 1557 4072 meu
1572 4021 1621 4085 {att

293 4095 389 4158 codd.;
406 4110 460 4149 soso
475 4108 534 4149 mss
547 4095 597 4160 asti
612 4096 633 4147 0
650 4107 713 4148 oum
730 4094 773 4149 ed.
791 4093 849 4147 aid.
870 4121 899 4134 -
917 4095 942 4148 6.
960 4096 1004 4158 orsi
1018 4096 1046 4146 in
1062 4096 1122 4149 so:
1142 4096 1202 4158 pute
1218 4095 1281 4157 Eli,
1300 4096 1310 4146 4
1332 4095 1394 4156 Ox.;
1412 4098 1468 4158 oui:
1483 4095 1499 4148 4
1516 4097 1618 4148 ou.-

292 4176 379 4224 assos
393 4171 556 4224 4444444444
569 4183 642 4222 noso
659 4169 752 4222 ismb.
770 4197 804 4208 -
820 4171 844 4223 8.
862 4171 890 4220 ts:
904 4171 1039 4234 4444444444
1055 4171 1112 4221 Gs:
1130 4171 1158 4220 tc
1174 4181 1228 4221 om.
1241 4169 1329 4230 iiiiii,
1347 4168 1449 4233 loru,
1467 4169 1539 4235 quod
1555 4183 1620 4236 pro-

291 4247 367 4300 barit
381 4249 482 4301 Parcus
498 4248 525 4298 ln
540 4248 604 4299 444.
621 4247 709 4298 critico
724 4259 752 4312 p.
764 4246 811 4308 ss,
830 4243 970 4298 iormuism
985 4245 1113 4296 4444444444
1128 4245 1213 4297 mass
1228 4255 1400 4308 comparens:
1418 4246 1446 4294 is
1461 4247 1622 4298 miscendis

292 4324 377 4376 4444444
395 4321 440 4376 vei
462 4324 489 4375 iss
508 4323 592 4374 44444444
614 4323 684 4375 coni.
709 4321 803 4374 lamb.
822 4347 850 4359 —
875 4322 917 4373 so.
934 4320 1027 4372 4444444
1043 4321 1063 4372 E
1081 4343 1109 4356 -
1130 4319 1171 4370 ii.
1188 4323 1223 4370 rs:
1239 4323 1263 4370 st
1278 4323 1337 4370 ossis
1351 4319 1490 4372 Patricius:
1513 4326 1548 4372 cst
1564 4326 1623 4372 asts

293 4399 374 4452 codd.
392 4399 457 4452 440
475 4425 503 4436 -
521 4399 563 4452 44.
578 4399 606 4448 is
622 4411 677 4450 om.
694 4398 711 4448 i
728 4398 792 4449 011.
812 4422 840 4435 -
866 4397 906 4449 48.
924 4397 953 4448 ,4.
972 4395 1074 4448 deusti
1089 4395 1267 4446 Hotomanus:
1290 4394 1392 4459 4444444
1406 4399 1448 4459 ab:
1465 4393 1583 4458 cadmiae
1600 4397 1622 4446 ti

293 4476 365 4540 (sn
381 4489 400 4526 s
415 4487 551 4540 superscr.
568 4476 632 4525 ante
647 4473 689 4538 p),
707 4472 779 4524 unde
796 4473 914 4524 ilnretus
931 4470 1086 4530 Gabinium:
1105 4467 1240 4534 44444444
1255 4467 1335 4520 codd.
1347 4466 1404 4521 rell.
1421 4469 1486 4520 uoti.
1506 4468 1545 4521 ci.
1564 4483 1620 4540 var.

293 4547 357 4602 lect.
374 4549 410 4602 sd
429 4561 458 4615 p.
477 4548 559 4612 4438,
576 4548 616 4598 49.
636 4573 663 4586 ·-
688 4547 730 4599 44.
748 4560 797 4611 quc
818 4551 877 4597 44444
900 4547 992 4599 silv:
1020 4547 1087 4609 cuod
1103 4545 1150 4596 ists
1165 4545 1198 4604 Ε,
1216 4545 1232 4596 t
1249 4545 1313 4596 oar.
1332 4569 1360 4582 —-
1384 4557 1436 4608 oric
1452 4546 1624 4596 salutatione

292 4624 486 4690 Pantagathus:
509 4636 563 4686 qus
577 4621 744 4686 appellatione
767 4619 1158 4685 testamentorum
1174 4619 1365 4683 appeliationem
1381 4619 1475 4682 codd.;
1497 4635 1549 4684 osso
1563 4621 1624 4672 tiis-

293 4701 360 4753 444444
374 4699 469 4754 Lamb.
495 4697 623 4751 ilendum
638 4710 674 4748 ex
688 4697 842 4760 cppsttctsts,
862 4696 935 4760 quod
951 4695 1094 4757 antecedit,
1112 4697 1201 4746 ortum
1218 4697 1268 4746 est.
1279 4721 1313 4734 -
1328 4695 1369 4746 it.
1380 4697 1456 4748 uestri
1471 4696 1624 4758 mpisnttsii

295 4800 324 4812 -
341 4774 384 4827 tl.
401 4775 579 4827 4444444444444
595 4773 656 4824 cod.
674 4773 851 4823 limnoianns:
873 4772 1024 4823 4444444444
1041 4773 1106 4832 cti,
1123 4771 1140 4820 4
1157 4771 1221 4821 oxa.
1240 4794 1268 4807 -
1286 4770 1328 4822 ao.
1345 4771 1481 4834 quicquum
1497 4770 1576 4824 EUV
1594 4795 1622 4808 -

293 4855 365 4902 worn
381 4852 404 4902 o
421 4877 450 4890 -
468 4849 510 4901 it.
528 4847 606 4899 iudici
621 4846 767 4910 iladvigtus
785 4848 812 4898 et
827 4847 1031 4899 iiommsenins:
1053 4845 1140 4897 iudicii
1156 4844 1235 4897 codd.
1254 4847 1281 4896 et
1298 4847 1331 4908 0,
1355 4846 1428 4909 qnod
1444 4859 1504 4898 voc.
1522 4845 1625 4896 Cobeto

294 4923 427 4989 glossam
444 4923 558 4976 videtur.
578 4949 607 4962 -
629 4921 671 4975 ao.
689 4923 772 4985 copiis
791 4935 846 4974 orn.
864 4924 881 4973 s
897 4935 938 4988 pr.
958 4935 1010 4978 m.:
1036 4923 1113 4985 copiti
1130 4921 1150 4971 E
1167 4946 1196 4957 -
1219 4921 1286 4983 quod
1301 4925 1357 4971 erut
1372 4921 1399 4971 iss
1418 4926 1559 4983 posumus:
1575 4920 1625 4972 EG

294 5000 354 5053 sii:
373 4999 441 5063 cuod
455 5003 512 5050 srsst
526 4997 716 5061 44ῃ44444444ς
734 5009 799 5057 oron
815 5010 844 5048 nr
858 5009 989 5050 nosram
1004 4998 1123 5050 44444444
1140 4995 1199 5046 Vos.
1218 4995 1282 5045 isco.
1300 4995 1381 5056 livii,
1399 4996 1460 5047 tter
1474 4994 1533 5046 cod.
1547 4993 1624 5052 Cioi.;

294 5087 342 5135 oro
356 5087 390 5126 ss
405 5087 513 5127 4444444
528 5085 699 5136 smmum,
716 5074 784 5136 cuod
797 5077 854 5124 srct
867 5073 896 5123 to
913 5073 1053 5123 4444444444
1066 5069 1202 5122 Graevius.
1218 5067 1393 5122 verisimilius
1402 5069 1562 5134 iladvigius,
1581 5068 1627 5132 qul

295 5150 437 5214 4444444444
453 5151 561 5215 agrem
577 5148 742 5211 emandavit,
764 5146 888 5199 lacunam
911 5145 1080 5198 maniiestam
1101 5145 1140 5195 sic
1157 5141 1285 5208 explevit:
1310 5145 1370 5195 «illc
1386 5145 1514 5209 (4444444),
1531 5143 1626 5205 matt,

294 5227 385 5289 444444,
402 5237 452 5286 oro
465 5237 499 5276 44
514 5235 623 5277 4444444
638 5235 805 5276 aarum.
817 5249 845 5261 -
866 5221 936 5272 Ntiss'i
950 5221 1044 5271 44444444
1060 5220 1088 5271 ia
1104 5219 1254 5281 sermm,
1273 5231 1348 5281 quom
1364 5219 1391 5269 iss
1402 5217 1535 5268 444444ιό444
1550 5216 1628 5268 blico

294 5298 545 5353 mets-ss.
564 5293 1628 5365 consec.ssssem,estoo.sunccrc,qusesemsssscscsmr
