<?xml version="1.0" encoding="UTF-8"?>
<!DOCTYPE html PUBLIC "-//W3C//DTD XHTML 1.0 Transitional//EN"
    "http://www.w3.org/TR/xhtml1/DTD/xhtml1-transitional.dtd">
<html xmlns="http://www.w3.org/1999/xhtml" xml:lang="en" lang="en">
 <head>
  <title>
</title>
<meta http-equiv="Content-Type" content="text/html;charset=utf-8" />
  <meta name='ocr-system' content='tesseract 3.04.00' />
  <meta name='ocr-capabilities' content='ocr_page ocr_carea ocr_par ocr_line ocrx_word'/>
</head>
<body>
  <div class='ocr_page' id='page_1' title='image "./mtulliiciceroni01baitgoog_0150.png"; bbox 0 0 4009 6159; ppageno 0'>
   <div class='ocr_carea' id='block_1_1' title="bbox 628 577 1604 669">
    <p class='ocr_par' dir='ltr' id='par_1_1' title="bbox 628 577 1604 669">
     <span class='ocr_line' id='line_1_1' title="bbox 628 577 1604 669; baseline -0.006 -19"><span class='ocrx_word' id='word_1_1' title='bbox 628 585 702 650; x_wconf 72' lang='lat' dir='ltr'><strong>cn.</strong></span> <span class='ocrx_word' id='word_1_2' title='bbox 722 584 970 650; x_wconf 74' lang='lat' dir='ltr'><strong>scu-xum.</strong></span> <span class='ocrx_word' id='word_1_3' title='bbox 997 582 1044 669; x_wconf 75' lang='lat' dir='ltr'><strong>ss</strong></span> <span class='ocrx_word' id='word_1_4' title='bbox 1066 580 1255 648; x_wconf 81' lang='lat' dir='ltr'><strong>loo-us.</strong></span> <span class='ocrx_word' id='word_1_5' title='bbox 1541 577 1604 644; x_wconf 84' lang='lat' dir='ltr'><strong>sos</strong></span> 
     </span>
    </p>
   </div>
   <div class='ocr_carea' id='block_1_2' title="bbox 289 750 1656 3752">
    <p class='ocr_par' dir='ltr' id='par_1_2' title="bbox 289 750 1656 3464">
     <span class='ocr_line' id='line_1_2' title="bbox 290 750 1607 844; baseline -0.007 -21"><span class='ocrx_word' id='word_1_6' title='bbox 290 767 386 844; x_wconf 86' lang='lat' dir='ltr'><strong>atque</strong></span> <span class='ocrx_word' id='word_1_7' title='bbox 415 756 528 821; x_wconf 91' lang='lat' dir='ltr'><strong>insulis</strong></span> <span class='ocrx_word' id='word_1_8' title='bbox 549 755 694 819; x_wconf 91' lang='lat' dir='ltr'><strong>omnibns</strong></span> <span class='ocrx_word' id='word_1_9' title='bbox 715 754 844 818; x_wconf 91' lang='lat' dir='ltr'><strong>honoris</strong></span> <span class='ocrx_word' id='word_1_10' title='bbox 868 754 979 838; x_wconf 91' lang='lat' dir='ltr'><strong>populi</strong></span> <span class='ocrx_word' id='word_1_11' title='bbox 1001 755 1131 819; x_wconf 82' lang='lat' dir='ltr'><strong>Romani</strong></span> <span class='ocrx_word' id='word_1_12' title='bbox 1153 775 1248 820; x_wconf 84' lang='lat' dir='ltr'><strong>causa</strong></span> <span class='ocrx_word' id='word_1_13' title='bbox 1269 772 1346 818; x_wconf 87' lang='lat' dir='ltr'><strong>sane</strong></span> <span class='ocrx_word' id='word_1_14' title='bbox 1364 751 1529 835; x_wconf 69' lang='lat' dir='ltr'><strong>frugaliter</strong></span> <span class='ocrx_word' id='word_1_15' title='bbox 1549 750 1607 814; x_wconf 93' lang='lat' dir='ltr'><strong>do·</strong></span> 
     </span>
     <span class='ocr_line' id='line_1_3' title="bbox 289 844 1608 933; baseline -0.005 -17"><span class='ocrx_word' id='word_1_16' title='bbox 289 873 375 916; x_wconf 91' lang='lat' dir='ltr'><strong>mum</strong></span> <span class='ocrx_word' id='word_1_17' title='bbox 398 871 486 916; x_wconf 90' lang='lat' dir='ltr'><strong>suam</strong></span> <span class='ocrx_word' id='word_1_18' title='bbox 508 849 696 932; x_wconf 82' lang='lat' dir='ltr'><strong>deportarit</strong></span> <span class='ocrx_word' id='word_1_19' title='bbox 739 844 811 912; x_wconf 73' lang='lat' dir='ltr'><strong>lta.</strong></span> <span class='ocrx_word' id='word_1_20' title='bbox 833 851 864 911; x_wconf 91' lang='lat' dir='ltr'><strong>Is</strong></span> <span class='ocrx_word' id='word_1_21' title='bbox 885 855 1092 933; x_wconf 83' lang='lat' dir='ltr'><strong>posteaquam</strong></span> <span class='ocrx_word' id='word_1_22' title='bbox 1110 849 1267 913; x_wconf 84' lang='lat' dir='ltr'><strong>intellexit</strong></span> <span class='ocrx_word' id='word_1_23' title='bbox 1278 866 1373 930; x_wconf 89' lang='lat' dir='ltr'><strong>posse</strong></span> <span class='ocrx_word' id='word_1_24' title='bbox 1387 866 1423 910; x_wconf 84' lang='lat' dir='ltr'><strong>se</strong></span> <span class='ocrx_word' id='word_1_25' title='bbox 1436 848 1608 910; x_wconf 84' lang='lat' dir='ltr'><strong>interversa</strong></span> 
     </span>
     <span class='ocr_line' id='line_1_4' title="bbox 290 938 1608 1025; baseline -0.007 -16"><span class='ocrx_word' id='word_1_26' title='bbox 290 946 452 1010; x_wconf 75' lang='lat' dir='ltr'>aedilitate</span> <span class='ocrx_word' id='word_1_27' title='bbox 485 965 504 1008; x_wconf 96' lang='lat' dir='ltr'><strong>a</strong></span> <span class='ocrx_word' id='word_1_28' title='bbox 533 944 567 1005; x_wconf 90' lang='lat' dir='ltr'><strong>L.</strong></span> <span class='ocrx_word' id='word_1_29' title='bbox 589 942 704 1005; x_wconf 81' lang='lat' dir='ltr'><strong>Pisone</strong></span> <span class='ocrx_word' id='word_1_30' title='bbox 734 943 863 1006; x_wconf 87' lang='lat' dir='ltr'><strong>consulo</strong></span> <span class='ocrx_word' id='word_1_31' title='bbox 889 949 1067 1025; x_wconf 79' lang='lat' dir='ltr'><strong>praetorem</strong></span> <span class='ocrx_word' id='word_1_32' title='bbox 1093 943 1285 1018; x_wconf 85' lang='lat' dir='ltr'><strong>renuntiari,</strong></span> <span class='ocrx_word' id='word_1_33' title='bbox 1318 942 1345 1004; x_wconf 94' lang='lat' dir='ltr'><strong>si</strong></span> <span class='ocrx_word' id='word_1_34' title='bbox 1374 939 1467 1004; x_wconf 94' lang='lat' dir='ltr'><strong>modo</strong></span> <span class='ocrx_word' id='word_1_35' title='bbox 1496 938 1608 1004; x_wconf 90' lang='lat' dir='ltr'><strong>eadem</strong></span> 
     </span>
     <span class='ocr_line' id='line_1_5' title="bbox 290 1033 1609 1122; baseline -0.005 -21"><span class='ocrx_word' id='word_1_36' title='bbox 290 1041 392 1122; x_wconf 91' lang='lat' dir='ltr'><strong>prima</strong></span> <span class='ocrx_word' id='word_1_37' title='bbox 412 1037 516 1101; x_wconf 88' lang='lat' dir='ltr'><strong>littera</strong></span> <span class='ocrx_word' id='word_1_38' title='bbox 531 1037 769 1118; x_wconf 84' lang='lat' dir='ltr'><strong>competitorem</strong></span> <span class='ocrx_word' id='word_1_39' title='bbox 788 1035 950 1098; x_wconf 75' lang='lat' dir='ltr'><strong>habuisset</strong></span> <span class='ocrx_word' id='word_1_40' title='bbox 963 1036 1111 1120; x_wconf 82' lang='lat' dir='ltr'><strong>aliquem,</strong></span> <span class='ocrx_word' id='word_1_41' title='bbox 1127 1037 1320 1100; x_wconf 72' lang='lat' dir='ltr'><strong>aedilitatem</strong></span> <span class='ocrx_word' id='word_1_42' title='bbox 1335 1034 1457 1098; x_wconf 91' lang='lat' dir='ltr'><strong>duobus</strong></span> <span class='ocrx_word' id='word_1_43' title='bbox 1471 1033 1505 1096; x_wconf 91' lang='lat' dir='ltr'><strong>in</strong></span> <span class='ocrx_word' id='word_1_44' title='bbox 1519 1033 1609 1105; x_wconf 90' lang='lat' dir='ltr'><strong>locis,</strong></span> 
     </span>
     <span class='ocr_line' id='line_1_6' title="bbox 290 1127 1633 1216; baseline -0.007 -20"><span class='ocrx_word' id='word_1_45' title='bbox 290 1133 402 1216; x_wconf 89' lang='lat' dir='ltr'><strong>partim</strong></span> <span class='ocrx_word' id='word_1_46' title='bbox 423 1131 457 1193; x_wconf 92' lang='lat' dir='ltr'><strong>in</strong></span> <span class='ocrx_word' id='word_1_47' title='bbox 478 1149 567 1204; x_wconf 87' lang='lat' dir='ltr'><strong>area,</strong></span> <span class='ocrx_word' id='word_1_48' title='bbox 587 1130 702 1212; x_wconf 88' lang='lat' dir='ltr'><strong>partim</strong></span> <span class='ocrx_word' id='word_1_49' title='bbox 723 1129 756 1192; x_wconf 91' lang='lat' dir='ltr'><strong>in</strong></span> <span class='ocrx_word' id='word_1_50' title='bbox 777 1129 876 1193; x_wconf 92' lang='lat' dir='ltr'><strong>bortis</strong></span> <span class='ocrx_word' id='word_1_51' title='bbox 899 1129 965 1192; x_wconf 93' lang='lat' dir='ltr'><strong>suis</strong></span> <span class='ocrx_word' id='word_1_52' title='bbox 987 1129 1166 1195; x_wconf 81' lang='lat' dir='ltr'><strong>collocarit:</strong></span> <span class='ocrx_word' id='word_1_53' title='bbox 1189 1131 1313 1212; x_wconf 71' lang='lat' dir='ltr'><strong>signum</strong></span> <span class='ocrx_word' id='word_1_54' title='bbox 1334 1128 1375 1192; x_wconf 91' lang='lat' dir='ltr'><strong>de</strong></span> <span class='ocrx_word' id='word_1_55' title='bbox 1394 1127 1487 1207; x_wconf 81' lang='lat' dir='ltr'><strong>busto</strong></span> <span class='ocrx_word' id='word_1_56' title='bbox 1509 1140 1633 1189; x_wconf 83' lang='lat' dir='ltr'><strong>mere-o</strong></span> 
     </span>
     <span class='ocr_line' id='line_1_7' title="bbox 291 1219 1611 1306; baseline -0.005 -18"><span class='ocrx_word' id='word_1_57' title='bbox 291 1226 377 1289; x_wconf 85' lang='lat' dir='ltr'><strong>tricis</strong></span> <span class='ocrx_word' id='word_1_58' title='bbox 399 1225 537 1288; x_wconf 87' lang='lat' dir='ltr'><strong>ablatum</strong></span> <span class='ocrx_word' id='word_1_59' title='bbox 559 1223 611 1286; x_wconf 89' lang='lat' dir='ltr'><strong>isti</strong></span> <span class='ocrx_word' id='word_1_60' title='bbox 633 1222 738 1297; x_wconf 87' lang='lat' dir='ltr'><strong>dedit,</strong></span> <span class='ocrx_word' id='word_1_61' title='bbox 760 1222 847 1306; x_wconf 87' lang='lat' dir='ltr'><strong>quod</strong></span> <span class='ocrx_word' id='word_1_62' title='bbox 870 1229 953 1286; x_wconf 89' lang='lat' dir='ltr'><strong>esset</strong></span> <span class='ocrx_word' id='word_1_63' title='bbox 974 1222 1099 1305; x_wconf 74' lang='lat' dir='ltr'><strong>signum</strong></span> <span class='ocrx_word' id='word_1_64' title='bbox 1121 1224 1219 1305; x_wconf 77' lang='lat' dir='ltr'><strong>magis</strong></span> <span class='ocrx_word' id='word_1_65' title='bbox 1240 1223 1375 1287; x_wconf 88' lang='lat' dir='ltr'><strong>istorum</strong></span> <span class='ocrx_word' id='word_1_66' title='bbox 1389 1240 1486 1305; x_wconf 88' lang='lat' dir='ltr'><strong>quam</strong></span> <span class='ocrx_word' id='word_1_67' title='bbox 1507 1219 1611 1303; x_wconf 89' lang='lat' dir='ltr'><strong>publi·</strong></span> 
     </span>
     <span class='ocr_line' id='line_1_8' title="bbox 292 1314 1611 1400; baseline -0.004 -19"><span class='ocrx_word' id='word_1_68' title='bbox 292 1339 347 1382; x_wconf 87' lang='lat' dir='ltr'><strong>cae</strong></span> <span class='ocrx_word' id='word_1_69' title='bbox 369 1317 533 1382; x_wconf 85' lang='lat' dir='ltr'><strong>libertatis.</strong></span> <span class='ocrx_word' id='word_1_70' title='bbox 577 1317 666 1382; x_wconf 84' lang='lat' dir='ltr'><strong>lianc</strong></span> <span class='ocrx_word' id='word_1_71' title='bbox 688 1316 778 1380; x_wconf 89' lang='lat' dir='ltr'><strong>deam</strong></span> <span class='ocrx_word' id='word_1_72' title='bbox 801 1316 969 1400; x_wconf 87' lang='lat' dir='ltr'><strong>quisquam</strong></span> <span class='ocrx_word' id='word_1_73' title='bbox 988 1316 1107 1380; x_wconf 86' lang='lat' dir='ltr'><strong>violare</strong></span> <span class='ocrx_word' id='word_1_74' title='bbox 1128 1316 1258 1390; x_wconf 85' lang='lat' dir='ltr'><strong>audeat,</strong></span> <span class='ocrx_word' id='word_1_75' title='bbox 1279 1317 1449 1400; x_wconf 69' lang='lat' dir='ltr'><strong>imaginem</strong></span> <span class='ocrx_word' id='word_1_76' title='bbox 1470 1314 1611 1378; x_wconf 89' lang='lat' dir='ltr'><strong>meretri·</strong></span> 
     </span>
     <span class='ocr_line' id='line_1_9' title="bbox 292 1406 1612 1494; baseline -0.005 -17"><span class='ocrx_word' id='word_1_77' title='bbox 292 1415 355 1488; x_wconf 91' lang='lat' dir='ltr'><strong>cis,</strong></span> <span class='ocrx_word' id='word_1_78' title='bbox 378 1419 596 1476; x_wconf 91' lang='lat' dir='ltr'><strong>ornamentum</strong></span> <span class='ocrx_word' id='word_1_79' title='bbox 620 1411 772 1494; x_wconf 79' lang='lat' dir='ltr'><strong>sepulcri,</strong></span> <span class='ocrx_word' id='word_1_80' title='bbox 796 1431 815 1474; x_wconf 89' lang='grc'><strong>4</strong></span> <span class='ocrx_word' id='word_1_81' title='bbox 835 1409 904 1474; x_wconf 89' lang='lat' dir='ltr'><strong>inre</strong></span> <span class='ocrx_word' id='word_1_82' title='bbox 919 1411 1085 1485; x_wconf 84' lang='lat' dir='ltr'><strong>sublatam,</strong></span> <span class='ocrx_word' id='word_1_83' title='bbox 1107 1410 1292 1493; x_wconf 72' lang='lat' dir='ltr'><strong>asacrilepo</strong></span> <span class='ocrx_word' id='word_1_84' title='bbox 1306 1409 1514 1473; x_wconf 70' lang='lat' dir='ltr'><strong>collocatam?</strong></span> <span class='ocrx_word' id='word_1_85' title='bbox 1534 1406 1612 1472; x_wconf 86' lang='lat' dir='ltr'><strong>baec</strong></span> 
     </span>
     <span class='ocr_line' id='line_1_10' title="bbox 293 1499 1611 1590; baseline -0.005 -22"><span class='ocrx_word' id='word_1_86' title='bbox 293 1527 343 1569; x_wconf 93' lang='lat' dir='ltr'><strong>me</strong></span> <span class='ocrx_word' id='word_1_87' title='bbox 367 1506 460 1570; x_wconf 91' lang='lat' dir='ltr'><strong>domo</strong></span> <span class='ocrx_word' id='word_1_88' title='bbox 483 1525 553 1570; x_wconf 87' lang='lat' dir='ltr'><strong>mea</strong></span> <span class='ocrx_word' id='word_1_89' title='bbox 574 1505 694 1590; x_wconf 78' lang='lat' dir='ltr'><strong>pellet?</strong></span> <span class='ocrx_word' id='word_1_90' title='bbox 719 1503 797 1568; x_wconf 89' lang='lat' dir='ltr'><strong>baec</strong></span> <span class='ocrx_word' id='word_1_91' title='bbox 819 1503 932 1566; x_wconf 82' lang='lat' dir='ltr'><strong>victrix</strong></span> <span class='ocrx_word' id='word_1_92' title='bbox 953 1500 1089 1568; x_wconf 85' lang='lat' dir='ltr'><strong>afflictae</strong></span> <span class='ocrx_word' id='word_1_93' title='bbox 1110 1504 1244 1568; x_wconf 87' lang='lat' dir='ltr'><strong>civitatis</strong></span> <span class='ocrx_word' id='word_1_94' title='bbox 1266 1503 1312 1568; x_wconf 84' lang='lat' dir='ltr'><strong>rei</strong></span> <span class='ocrx_word' id='word_1_95' title='bbox 1332 1502 1479 1586; x_wconf 88' lang='lat' dir='ltr'><strong>publicae</strong></span> <span class='ocrx_word' id='word_1_96' title='bbox 1499 1499 1611 1584; x_wconf 89' lang='lat' dir='ltr'><strong>spoliis</strong></span> 
     </span>
     <span class='ocr_line' id='line_1_11' title="bbox 293 1587 1649 1683; baseline -0.005 -21"><span class='ocrx_word' id='word_1_97' title='bbox 293 1599 479 1664; x_wconf 74' lang='lat' dir='ltr'><strong>ornabitur?</strong></span> <span class='ocrx_word' id='word_1_98' title='bbox 507 1599 585 1662; x_wconf 87' lang='lat' dir='ltr'><strong>baec</strong></span> <span class='ocrx_word' id='word_1_99' title='bbox 607 1600 667 1662; x_wconf 89' lang='lat' dir='ltr'><strong>erit</strong></span> <span class='ocrx_word' id='word_1_100' title='bbox 687 1598 719 1660; x_wconf 95' lang='lat' dir='ltr'><strong>iu</strong></span> <span class='ocrx_word' id='word_1_101' title='bbox 742 1619 780 1662; x_wconf 92' lang='lat' dir='ltr'><strong>eo</strong></span> <span class='ocrx_word' id='word_1_102' title='bbox 802 1587 1023 1673; x_wconf 74' lang='lat' dir='ltr'><strong>monumento,</strong></span> <span class='ocrx_word' id='word_1_103' title='bbox 1052 1598 1137 1683; x_wconf 90' lang='lat' dir='ltr'><strong>quod</strong></span> <span class='ocrx_word' id='word_1_104' title='bbox 1161 1598 1298 1680; x_wconf 90' lang='lat' dir='ltr'><strong>positum</strong></span> <span class='ocrx_word' id='word_1_105' title='bbox 1320 1603 1383 1671; x_wconf 93' lang='lat' dir='ltr'><strong>est,</strong></span> <span class='ocrx_word' id='word_1_106' title='bbox 1404 1603 1439 1658; x_wconf 93' lang='lat' dir='ltr'><strong>ut</strong></span> <span class='ocrx_word' id='word_1_107' title='bbox 1460 1601 1543 1659; x_wconf 88' lang='lat' dir='ltr'><strong>esset</strong></span> <span class='ocrx_word' id='word_1_108' title='bbox 1564 1595 1649 1656; x_wconf 83' lang='lat' dir='ltr'><strong>in-to</strong></span> 
     </span>
     <span class='ocr_line' id='line_1_12' title="bbox 293 1683 1611 1776; baseline -0.005 -20"><span class='ocrx_word' id='word_1_109' title='bbox 293 1693 410 1756; x_wconf 89' lang='lat' dir='ltr'><strong>dicium</strong></span> <span class='ocrx_word' id='word_1_110' title='bbox 432 1693 575 1776; x_wconf 80' lang='lat' dir='ltr'><strong>oppressi</strong></span> <span class='ocrx_word' id='word_1_111' title='bbox 597 1698 724 1758; x_wconf 88' lang='lat' dir='ltr'><strong>senatus</strong></span> <span class='ocrx_word' id='word_1_112' title='bbox 745 1690 785 1755; x_wconf 86' lang='lat' dir='ltr'><strong>ad</strong></span> <span class='ocrx_word' id='word_1_113' title='bbox 801 1691 984 1755; x_wconf 88' lang='lat' dir='ltr'><strong>memoriam</strong></span> <span class='ocrx_word' id='word_1_114' title='bbox 1000 1693 1221 1775; x_wconf 87' lang='lat' dir='ltr'><strong>sempiternam</strong></span> <span class='ocrx_word' id='word_1_115' title='bbox 1236 1689 1465 1773; x_wconf 68' lang='lat' dir='ltr'><strong>turpitudinis?</strong></span> <span class='ocrx_word' id='word_1_116' title='bbox 1497 1683 1568 1750; x_wconf 86' lang='grc'>443.</span> <span class='ocrx_word' id='word_1_117' title='bbox 1583 1685 1611 1749; x_wconf 91' lang='lat'>0</span> 
     </span>
     <span class='ocr_line' id='line_1_13' title="bbox 294 1780 1613 1869; baseline -0.005 -19"><span class='ocrx_word' id='word_1_118' title='bbox 294 1787 333 1862; x_wconf 85' lang='lat'><strong>0.</strong></span> <span class='ocrx_word' id='word_1_119' title='bbox 349 1785 457 1850; x_wconf 84' lang='lat' dir='ltr'><strong>Catule</strong></span> <span class='ocrx_word' id='word_1_120' title='bbox 471 1820 514 1832; x_wconf 97' lang='lat'><strong>—</strong></span> <span class='ocrx_word' id='word_1_121' title='bbox 535 1793 695 1869; x_wconf 87' lang='lat' dir='ltr'><strong>patremne</strong></span> <span class='ocrx_word' id='word_1_122' title='bbox 716 1785 874 1869; x_wconf 80' lang='lat' dir='ltr'><strong>appellem</strong></span> <span class='ocrx_word' id='word_1_123' title='bbox 896 1792 1025 1849; x_wconf 88' lang='lat' dir='ltr'><strong>antean</strong></span> <span class='ocrx_word' id='word_1_124' title='bbox 1047 1783 1166 1848; x_wconf 72' lang='lat' dir='ltr'><strong>lilium?</strong></span> <span class='ocrx_word' id='word_1_125' title='bbox 1187 1786 1346 1849; x_wconf 80' lang='lat' dir='ltr'><strong>recentior</strong></span> <span class='ocrx_word' id='word_1_126' title='bbox 1364 1784 1449 1846; x_wconf 88' lang='lat' dir='ltr'><strong>enim</strong></span> <span class='ocrx_word' id='word_1_127' title='bbox 1464 1780 1613 1847; x_wconf 88' lang='lat' dir='ltr'><strong>memoria</strong></span> 
     </span>
     <span class='ocr_line' id='line_1_14' title="bbox 293 1874 1614 1961; baseline -0.005 -19"><span class='ocrx_word' id='word_1_128' title='bbox 293 1877 350 1943; x_wconf 87' lang='lat' dir='ltr'><strong>lilii</strong></span> <span class='ocrx_word' id='word_1_129' title='bbox 379 1887 427 1943; x_wconf 90' lang='lat' dir='ltr'><strong>est</strong></span> <span class='ocrx_word' id='word_1_130' title='bbox 454 1889 577 1944; x_wconf 85' lang='lat' dir='ltr'><strong>etcum</strong></span> <span class='ocrx_word' id='word_1_131' title='bbox 598 1881 676 1943; x_wconf 92' lang='lat' dir='ltr'><strong>meis</strong></span> <span class='ocrx_word' id='word_1_132' title='bbox 705 1879 798 1942; x_wconf 90' lang='lat' dir='ltr'><strong>rebus</strong></span> <span class='ocrx_word' id='word_1_133' title='bbox 820 1879 916 1961; x_wconf 79' lang='lat' dir='ltr'><strong>gestis</strong></span> <span class='ocrx_word' id='word_1_134' title='bbox 939 1878 1138 1943; x_wconf 91' lang='lat' dir='ltr'><strong>coniunctior</strong></span> <span class='ocrx_word' id='word_1_135' title='bbox 1157 1913 1214 1954; x_wconf 89' lang='lat'><strong>-,</strong></span> <span class='ocrx_word' id='word_1_136' title='bbox 1242 1888 1404 1943; x_wconf 89' lang='lat' dir='ltr'><strong>tantumne</strong></span> <span class='ocrx_word' id='word_1_137' title='bbox 1431 1889 1463 1942; x_wconf 88' lang='lat' dir='ltr'><strong>te</strong></span> <span class='ocrx_word' id='word_1_138' title='bbox 1492 1874 1614 1948; x_wconf 85' lang='lat' dir='ltr'><strong>ieicllit,</strong></span> 
     </span>
     <span class='ocr_line' id='line_1_15' title="bbox 294 1971 1613 2057; baseline -0.005 -21"><span class='ocrx_word' id='word_1_139' title='bbox 294 1994 366 2037; x_wconf 90' lang='lat' dir='ltr'><strong>cum</strong></span> <span class='ocrx_word' id='word_1_140' title='bbox 381 1973 456 2036; x_wconf 89' lang='lat' dir='ltr'><strong>mibi</strong></span> <span class='ocrx_word' id='word_1_141' title='bbox 477 1993 600 2036; x_wconf 91' lang='lat' dir='ltr'><strong>summa</strong></span> <span class='ocrx_word' id='word_1_142' title='bbox 621 1980 653 2036; x_wconf 93' lang='lat' dir='ltr'><strong>et</strong></span> <span class='ocrx_word' id='word_1_143' title='bbox 673 1972 813 2056; x_wconf 89' lang='lat' dir='ltr'><strong>qnotidie</strong></span> <span class='ocrx_word' id='word_1_144' title='bbox 836 1972 954 2036; x_wconf 87' lang='lat' dir='ltr'><strong>maiora</strong></span> <span class='ocrx_word' id='word_1_145' title='bbox 977 1974 1115 2056; x_wconf 85' lang='lat' dir='ltr'><strong>praemia</strong></span> <span class='ocrx_word' id='word_1_146' title='bbox 1135 1974 1169 2036; x_wconf 91' lang='lat' dir='ltr'><strong>in</strong></span> <span class='ocrx_word' id='word_1_147' title='bbox 1190 1993 1225 2036; x_wconf 92' lang='lat' dir='ltr'><strong>re</strong></span> <span class='ocrx_word' id='word_1_148' title='bbox 1239 1974 1364 2057; x_wconf 88' lang='lat' dir='ltr'><strong>publica</strong></span> <span class='ocrx_word' id='word_1_149' title='bbox 1376 1971 1443 2035; x_wconf 85' lang='lat' dir='ltr'><strong>fore</strong></span> <span class='ocrx_word' id='word_1_150' title='bbox 1458 1971 1613 2056; x_wconf 74' lang='lat' dir='ltr'><strong>putabas?</strong></span> 
     </span>
     <span class='ocr_line' id='line_1_16' title="bbox 293 2064 1654 2150; baseline -0.005 -20"><span class='ocrx_word' id='word_1_151' title='bbox 293 2068 437 2150; x_wconf 81' lang='lat' dir='ltr'><strong>Negabas</strong></span> <span class='ocrx_word' id='word_1_152' title='bbox 465 2065 512 2130; x_wconf 86' lang='lat' dir='ltr'><strong>ias</strong></span> <span class='ocrx_word' id='word_1_153' title='bbox 542 2087 611 2130; x_wconf 90' lang='lat' dir='ltr'><strong>esse</strong></span> <span class='ocrx_word' id='word_1_154' title='bbox 633 2067 697 2130; x_wconf 86' lang='lat' dir='ltr'><strong>dno</strong></span> <span class='ocrx_word' id='word_1_155' title='bbox 725 2066 873 2130; x_wconf 89' lang='lat' dir='ltr'><strong>consules</strong></span> <span class='ocrx_word' id='word_1_156' title='bbox 901 2086 970 2130; x_wconf 89' lang='lat' dir='ltr'><strong>csse</strong></span> <span class='ocrx_word' id='word_1_157' title='bbox 992 2067 1027 2128; x_wconf 90' lang='lat' dir='ltr'><strong>in</strong></span> <span class='ocrx_word' id='word_1_158' title='bbox 1048 2067 1108 2131; x_wconf 89' lang='lat' dir='ltr'><strong>bac</strong></span> <span class='ocrx_word' id='word_1_159' title='bbox 1129 2068 1256 2131; x_wconf 78' lang='lat' dir='ltr'><strong>civitate</strong></span> <span class='ocrx_word' id='word_1_160' title='bbox 1277 2066 1421 2130; x_wconf 90' lang='lat' dir='ltr'><strong>inimicos</strong></span> <span class='ocrx_word' id='word_1_161' title='bbox 1441 2068 1489 2130; x_wconf 91' lang='lat' dir='ltr'><strong>rei</strong></span> <span class='ocrx_word' id='word_1_162' title='bbox 1511 2064 1654 2149; x_wconf 81' lang='lat' dir='ltr'><strong>publi-ee</strong></span> 
     </span>
     <span class='ocr_line' id='line_1_17' title="bbox 295 2158 1615 2244; baseline -0.003 -20"><span class='ocrx_word' id='word_1_163' title='bbox 295 2181 369 2224; x_wconf 86' lang='lat' dir='ltr'><strong>eae:</strong></span> <span class='ocrx_word' id='word_1_164' title='bbox 392 2167 465 2224; x_wconf 90' lang='lat' dir='ltr'><strong>sunt</strong></span> <span class='ocrx_word' id='word_1_165' title='bbox 486 2160 617 2234; x_wconf 86' lang='lat' dir='ltr'><strong>inventi,</strong></span> <span class='ocrx_word' id='word_1_166' title='bbox 640 2161 696 2244; x_wconf 88' lang='lat' dir='ltr'><strong>qui</strong></span> <span class='ocrx_word' id='word_1_167' title='bbox 718 2168 859 2224; x_wconf 90' lang='lat' dir='ltr'><strong>senatum</strong></span> <span class='ocrx_word' id='word_1_168' title='bbox 883 2159 1010 2224; x_wconf 92' lang='lat' dir='ltr'><strong>tribuno</strong></span> <span class='ocrx_word' id='word_1_169' title='bbox 1024 2159 1141 2224; x_wconf 82' lang='lat' dir='ltr'><strong>iuranti</strong></span> <span class='ocrx_word' id='word_1_170' title='bbox 1157 2160 1363 2242; x_wconf 62' lang='lat' dir='ltr'><strong>constpictum</strong></span> <span class='ocrx_word' id='word_1_171' title='bbox 1375 2161 1545 2234; x_wconf 88' lang='lat' dir='ltr'><strong>traderent,</strong></span> <span class='ocrx_word' id='word_1_172' title='bbox 1558 2158 1615 2242; x_wconf 84' lang='lat' dir='ltr'><strong>qui</strong></span> 
     </span>
     <span class='ocr_line' id='line_1_18' title="bbox 294 2253 1616 2339; baseline 0 -23"><span class='ocrx_word' id='word_1_173' title='bbox 294 2273 352 2338; x_wconf 90' lang='lat' dir='ltr'><strong>pro</strong></span> <span class='ocrx_word' id='word_1_174' title='bbox 374 2275 424 2318; x_wconf 90' lang='lat' dir='ltr'><strong>mc</strong></span> <span class='ocrx_word' id='word_1_175' title='bbox 447 2263 552 2337; x_wconf 89' lang='lat' dir='ltr'><strong>patres</strong></span> <span class='ocrx_word' id='word_1_176' title='bbox 575 2254 769 2336; x_wconf 89' lang='lat' dir='ltr'><strong>conscriptos</strong></span> <span class='ocrx_word' id='word_1_177' title='bbox 791 2253 953 2336; x_wconf 89' lang='lat' dir='ltr'><strong>deprecari</strong></span> <span class='ocrx_word' id='word_1_178' title='bbox 975 2260 1009 2316; x_wconf 93' lang='lat' dir='ltr'><strong>et</strong></span> <span class='ocrx_word' id='word_1_179' title='bbox 1029 2254 1146 2337; x_wconf 90' lang='lat' dir='ltr'><strong>populo</strong></span> <span class='ocrx_word' id='word_1_180' title='bbox 1167 2255 1327 2339; x_wconf 91' lang='lat' dir='ltr'><strong>supplices</strong></span> <span class='ocrx_word' id='word_1_181' title='bbox 1348 2274 1419 2318; x_wconf 90' lang='lat' dir='ltr'><strong>csse</strong></span> <span class='ocrx_word' id='word_1_182' title='bbox 1440 2254 1550 2318; x_wconf 89' lang='lat' dir='ltr'><strong>edictis</strong></span> <span class='ocrx_word' id='word_1_183' title='bbox 1569 2259 1616 2316; x_wconf 87' lang='lat' dir='ltr'><strong>at-</strong></span> 
     </span>
     <span class='ocr_line' id='line_1_19' title="bbox 296 2347 1616 2431; baseline 0 -20"><span class='ocrx_word' id='word_1_184' title='bbox 296 2369 358 2431; x_wconf 85' lang='lat' dir='ltr'><strong>que</strong></span> <span class='ocrx_word' id='word_1_185' title='bbox 388 2348 522 2431; x_wconf 91' lang='lat' dir='ltr'><strong>imperio</strong></span> <span class='ocrx_word' id='word_1_186' title='bbox 551 2353 711 2422; x_wconf 85' lang='lat' dir='ltr'><strong>vetarent,</strong></span> <span class='ocrx_word' id='word_1_187' title='bbox 739 2347 853 2430; x_wconf 88' lang='lat' dir='ltr'><strong>quibus</strong></span> <span class='ocrx_word' id='word_1_188' title='bbox 883 2347 1132 2429; x_wconf 87' lang='lat' dir='ltr'><strong>inspectantibus</strong></span> <span class='ocrx_word' id='word_1_189' title='bbox 1153 2347 1266 2412; x_wconf 90' lang='lat' dir='ltr'><strong>domus</strong></span> <span class='ocrx_word' id='word_1_190' title='bbox 1287 2368 1359 2412; x_wconf 89' lang='lat' dir='ltr'><strong>mea</strong></span> <span class='ocrx_word' id='word_1_191' title='bbox 1379 2348 1616 2421; x_wconf 87' lang='lat' dir='ltr'><strong>disturbaretur,</strong></span> 
     </span>
     <span class='ocr_line' id='line_1_20' title="bbox 296 2440 1616 2526; baseline 0.002 -22"><span class='ocrx_word' id='word_1_192' title='bbox 296 2441 501 2525; x_wconf 87' lang='lat' dir='ltr'><strong>diriperetur,</strong></span> <span class='ocrx_word' id='word_1_193' title='bbox 534 2442 589 2526; x_wconf 87' lang='lat' dir='ltr'><strong>qni</strong></span> <span class='ocrx_word' id='word_1_194' title='bbox 624 2440 761 2525; x_wconf 89' lang='lat' dir='ltr'><strong>denique</strong></span> <span class='ocrx_word' id='word_1_195' title='bbox 792 2440 950 2506; x_wconf 82' lang='lat' dir='ltr'><strong>ambustas</strong></span> <span class='ocrx_word' id='word_1_196' title='bbox 979 2441 1175 2506; x_wconf 73' lang='lat' dir='ltr'><strong>romanarum</strong></span> <span class='ocrx_word' id='word_1_197' title='bbox 1204 2462 1346 2506; x_wconf 87' lang='lat' dir='ltr'><strong>mearum</strong></span> <span class='ocrx_word' id='word_1_198' title='bbox 1370 2443 1522 2526; x_wconf 84' lang='lat' dir='ltr'><strong>reliquias</strong></span> <span class='ocrx_word' id='word_1_199' title='bbox 1543 2462 1616 2508; x_wconf 85' lang='lat' dir='ltr'><strong>suas</strong></span> 
     </span>
     <span class='ocr_line' id='line_1_21' title="bbox 296 2529 1655 2619; baseline -0.001 -21"><span class='ocrx_word' id='word_1_200' title='bbox 296 2536 405 2600; x_wconf 91' lang='lat' dir='ltr'><strong>domos</strong></span> <span class='ocrx_word' id='word_1_201' title='bbox 428 2536 618 2618; x_wconf 86' lang='lat' dir='ltr'><strong>comportari</strong></span> <span class='ocrx_word' id='word_1_202' title='bbox 641 2537 796 2600; x_wconf 88' lang='lat' dir='ltr'><strong>iuberent.</strong></span> <span class='ocrx_word' id='word_1_203' title='bbox 840 2529 912 2599; x_wconf 85' lang='grc'>444.</span> <span class='ocrx_word' id='word_1_204' title='bbox 933 2536 1035 2600; x_wconf 83' lang='lat' dir='ltr'><strong>Venio</strong></span> <span class='ocrx_word' id='word_1_205' title='bbox 1049 2556 1134 2600; x_wconf 91' lang='lat' dir='ltr'><strong>nunc</strong></span> <span class='ocrx_word' id='word_1_206' title='bbox 1147 2538 1188 2601; x_wconf 90' lang='lat' dir='ltr'><strong>ad</strong></span> <span class='ocrx_word' id='word_1_207' title='bbox 1205 2544 1337 2619; x_wconf 89' lang='lat' dir='ltr'><strong>patrem.</strong></span> <span class='ocrx_word' id='word_1_208' title='bbox 1366 2539 1425 2610; x_wconf 88' lang='lat' dir='ltr'><strong>Tu,</strong></span> <span class='ocrx_word' id='word_1_209' title='bbox 1439 2536 1478 2612; x_wconf 84' lang='grc'><strong>0.</strong></span> <span class='ocrx_word' id='word_1_210' title='bbox 1496 2536 1655 2610; x_wconf 73' lang='grc'>044444,44</span> 
     </span>
     <span class='ocr_line' id='line_1_22' title="bbox 296 2629 1616 2706; baseline 0.002 -14"><span class='ocrx_word' id='word_1_211' title='bbox 296 2631 338 2694; x_wconf 87' lang='lat' dir='ltr'><strong>bl.</strong></span> <span class='ocrx_word' id='word_1_212' title='bbox 358 2629 461 2693; x_wconf 83' lang='lat' dir='ltr'><strong>Fulvii</strong></span> <span class='ocrx_word' id='word_1_213' title='bbox 483 2630 629 2706; x_wconf 91' lang='lat' dir='ltr'><strong>domum,</strong></span> <span class='ocrx_word' id='word_1_214' title='bbox 651 2651 721 2695; x_wconf 92' lang='lat' dir='ltr'><strong>cum</strong></span> <span class='ocrx_word' id='word_1_215' title='bbox 744 2631 771 2693; x_wconf 94' lang='lat' dir='ltr'><strong>is</strong></span> <span class='ocrx_word' id='word_1_216' title='bbox 792 2629 898 2692; x_wconf 89' lang='lat' dir='ltr'><strong>iratris</strong></span> <span class='ocrx_word' id='word_1_217' title='bbox 920 2630 965 2692; x_wconf 90' lang='lat' dir='ltr'><strong>tui</strong></span> <span class='ocrx_word' id='word_1_218' title='bbox 987 2650 1078 2694; x_wconf 91' lang='lat' dir='ltr'><strong>socer</strong></span> <span class='ocrx_word' id='word_1_219' title='bbox 1091 2631 1217 2706; x_wconf 85' lang='lat' dir='ltr'><strong>fuisset,</strong></span> <span class='ocrx_word' id='word_1_220' title='bbox 1239 2637 1476 2696; x_wconf 88' lang='lat' dir='ltr'><strong>monumentum</strong></span> <span class='ocrx_word' id='word_1_221' title='bbox 1491 2639 1616 2696; x_wconf 89' lang='lat' dir='ltr'><strong>tuarum</strong></span> 
     </span>
     <span class='ocr_line' id='line_1_23' title="bbox 297 2724 1619 2810; baseline 0.002 -24"><span class='ocrx_word' id='word_1_222' title='bbox 297 2724 515 2788; x_wconf 89' lang='lat' dir='ltr'><strong>manubiarum</strong></span> <span class='ocrx_word' id='word_1_223' title='bbox 538 2744 607 2788; x_wconf 91' lang='lat' dir='ltr'><strong>esse</strong></span> <span class='ocrx_word' id='word_1_224' title='bbox 629 2724 772 2799; x_wconf 89' lang='lat' dir='ltr'><strong>voluisti,</strong></span> <span class='ocrx_word' id='word_1_225' title='bbox 799 2732 834 2788; x_wconf 93' lang='lat' dir='ltr'><strong>nt</strong></span> <span class='ocrx_word' id='word_1_226' title='bbox 855 2726 938 2798; x_wconf 91' lang='lat' dir='ltr'><strong>eius,</strong></span> <span class='ocrx_word' id='word_1_227' title='bbox 968 2727 1023 2808; x_wconf 85' lang='lat' dir='ltr'><strong>qni</strong></span> <span class='ocrx_word' id='word_1_228' title='bbox 1050 2725 1230 2808; x_wconf 87' lang='lat' dir='ltr'><strong>pemiciosn</strong></span> <span class='ocrx_word' id='word_1_229' title='bbox 1250 2726 1297 2789; x_wconf 89' lang='lat' dir='ltr'><strong>rei</strong></span> <span class='ocrx_word' id='word_1_230' title='bbox 1319 2725 1463 2810; x_wconf 89' lang='lat' dir='ltr'><strong>publicae</strong></span> <span class='ocrx_word' id='word_1_231' title='bbox 1485 2725 1619 2789; x_wconf 86' lang='lat' dir='ltr'><strong>consilia</strong></span> 
     </span>
     <span class='ocr_line' id='line_1_24' title="bbox 297 2817 1619 2901; baseline -0.001 -20"><span class='ocrx_word' id='word_1_232' title='bbox 297 2819 447 2901; x_wconf 88' lang='lat' dir='ltr'><strong>cepisset,</strong></span> <span class='ocrx_word' id='word_1_233' title='bbox 469 2820 571 2882; x_wconf 93' lang='lat' dir='ltr'><strong>omnis</strong></span> <span class='ocrx_word' id='word_1_234' title='bbox 593 2820 744 2883; x_wconf 88' lang='lat' dir='ltr'><strong>memoria</strong></span> <span class='ocrx_word' id='word_1_235' title='bbox 765 2817 908 2880; x_wconf 89' lang='lat' dir='ltr'><strong>iunditus</strong></span> <span class='ocrx_word' id='word_1_236' title='bbox 930 2837 972 2882; x_wconf 85' lang='lat' dir='ltr'><strong>ex</strong></span> <span class='ocrx_word' id='word_1_237' title='bbox 993 2820 1094 2883; x_wconf 88' lang='lat' dir='ltr'><strong>oculis</strong></span> <span class='ocrx_word' id='word_1_238' title='bbox 1115 2818 1329 2883; x_wconf 82' lang='lat' dir='ltr'><strong>hominumue</strong></span> <span class='ocrx_word' id='word_1_239' title='bbox 1346 2819 1505 2882; x_wconf 87' lang='lat' dir='ltr'><strong>mentibus</strong></span> <span class='ocrx_word' id='word_1_240' title='bbox 1526 2817 1619 2881; x_wconf 85' lang='lat' dir='ltr'><strong>tolle·</strong></span> 
     </span>
     <span class='ocr_line' id='line_1_25' title="bbox 297 2907 1618 2996; baseline 0.001 -21"><span class='ocrx_word' id='word_1_241' title='bbox 297 2919 393 2976; x_wconf 87' lang='lat' dir='ltr'><strong>retur.</strong></span> <span class='ocrx_word' id='word_1_242' title='bbox 432 2912 501 2975; x_wconf 88' lang='lat' dir='ltr'><strong>Hoc</strong></span> <span class='ocrx_word' id='word_1_243' title='bbox 531 2913 556 2976; x_wconf 92' lang='lat' dir='ltr'><strong>si</strong></span> <span class='ocrx_word' id='word_1_244' title='bbox 579 2912 650 2996; x_wconf 85' lang='lat' dir='ltr'><strong>quis</strong></span> <span class='ocrx_word' id='word_1_245' title='bbox 671 2912 729 2976; x_wconf 91' lang='lat' dir='ltr'><strong>tibi</strong></span> <span class='ocrx_word' id='word_1_246' title='bbox 750 2907 928 2976; x_wconf 83' lang='lat' dir='ltr'><strong>aedificanti</strong></span> <span class='ocrx_word' id='word_1_247' title='bbox 951 2912 1038 2976; x_wconf 90' lang='lat' dir='ltr'><strong>illam</strong></span> <span class='ocrx_word' id='word_1_248' title='bbox 1058 2915 1213 2996; x_wconf 91' lang='lat' dir='ltr'><strong>porticum</strong></span> <span class='ocrx_word' id='word_1_249' title='bbox 1234 2912 1369 2986; x_wconf 87' lang='lat' dir='ltr'><strong>diceret,</strong></span> <span class='ocrx_word' id='word_1_250' title='bbox 1394 2911 1461 2975; x_wconf 86' lang='lat' dir='ltr'><strong>fore</strong></span> <span class='ocrx_word' id='word_1_251' title='bbox 1482 2920 1618 2994; x_wconf 91' lang='lat' dir='ltr'><strong>tempus,</strong></span> 
     </span>
     <span class='ocr_line' id='line_1_26' title="bbox 299 3005 1656 3091; baseline -0.002 -21"><span class='ocrx_word' id='word_1_252' title='bbox 299 3026 369 3070; x_wconf 90' lang='lat' dir='ltr'><strong>cum</strong></span> <span class='ocrx_word' id='word_1_253' title='bbox 390 3006 418 3069; x_wconf 91' lang='lat' dir='ltr'><strong>is</strong></span> <span class='ocrx_word' id='word_1_254' title='bbox 438 3005 582 3070; x_wconf 91' lang='lat' dir='ltr'><strong>tribunus</strong></span> <span class='ocrx_word' id='word_1_255' title='bbox 597 3007 651 3091; x_wconf 93' lang='lat' dir='ltr'><strong>pl.,</strong></span> <span class='ocrx_word' id='word_1_256' title='bbox 675 3007 729 3090; x_wconf 86' lang='lat' dir='ltr'><strong>qni</strong></span> <span class='ocrx_word' id='word_1_257' title='bbox 746 3005 963 3069; x_wconf 87' lang='lat' dir='ltr'><strong>auctoritatem</strong></span> <span class='ocrx_word' id='word_1_258' title='bbox 978 3014 1117 3080; x_wconf 85' lang='lat' dir='ltr'><strong>senatus,</strong></span> <span class='ocrx_word' id='word_1_259' title='bbox 1138 3005 1292 3070; x_wconf 89' lang='lat' dir='ltr'><strong>indicium</strong></span> <span class='ocrx_word' id='word_1_260' title='bbox 1305 3006 1462 3070; x_wconf 88' lang='lat' dir='ltr'><strong>bonorum</strong></span> <span class='ocrx_word' id='word_1_261' title='bbox 1476 3006 1656 3069; x_wconf 77' lang='lat' dir='ltr'><strong>omniumtt</strong></span> 
     </span>
     <span class='ocr_line' id='line_1_27' title="bbox 299 3100 1617 3182; baseline 0 -20"><span class='ocrx_word' id='word_1_262' title='bbox 299 3100 505 3182; x_wconf 77' lang='lat' dir='ltr'><strong>neglexisset,</strong></span> <span class='ocrx_word' id='word_1_263' title='bbox 538 3107 627 3164; x_wconf 91' lang='lat' dir='ltr'><strong>tuum</strong></span> <span class='ocrx_word' id='word_1_264' title='bbox 657 3108 893 3164; x_wconf 89' lang='lat' dir='ltr'><strong>monumentum</strong></span> <span class='ocrx_word' id='word_1_265' title='bbox 923 3100 1107 3164; x_wconf 88' lang='lat' dir='ltr'><strong>consulibus</strong></span> <span class='ocrx_word' id='word_1_266' title='bbox 1135 3120 1199 3163; x_wconf 92' lang='lat' dir='ltr'><strong>non</strong></span> <span class='ocrx_word' id='word_1_267' title='bbox 1229 3100 1325 3163; x_wconf 93' lang='lat' dir='ltr'><strong>modo</strong></span> <span class='ocrx_word' id='word_1_268' title='bbox 1352 3100 1617 3182; x_wconf 82' lang='lat' dir='ltr'><strong>inspectantibus,</strong></span> 
     </span>
     <span class='ocr_line' id='line_1_28' title="bbox 298 3193 1617 3278; baseline -0.001 -22"><span class='ocrx_word' id='word_1_269' title='bbox 298 3213 407 3257; x_wconf 84' lang='lat' dir='ltr'><strong>verum</strong></span> <span class='ocrx_word' id='word_1_270' title='bbox 427 3194 647 3259; x_wconf 86' lang='lat' dir='ltr'><strong>adiuvantibus</strong></span> <span class='ocrx_word' id='word_1_271' title='bbox 669 3194 857 3258; x_wconf 87' lang='lat' dir='ltr'><strong>disturbaret</strong></span> <span class='ocrx_word' id='word_1_272' title='bbox 878 3201 1045 3268; x_wconf 80' lang='lat' dir='ltr'><strong>everteret,</strong></span> <span class='ocrx_word' id='word_1_273' title='bbox 1067 3194 1164 3278; x_wconf 81' lang='lat' dir='ltr'><strong>idque</strong></span> <span class='ocrx_word' id='word_1_274' title='bbox 1186 3213 1259 3257; x_wconf 89' lang='lat' dir='ltr'><strong>cum</strong></span> <span class='ocrx_word' id='word_1_275' title='bbox 1273 3193 1343 3258; x_wconf 92' lang='lat' dir='ltr'><strong>eius</strong></span> <span class='ocrx_word' id='word_1_276' title='bbox 1357 3193 1451 3269; x_wconf 87' lang='lat' dir='ltr'><strong>civis,</strong></span> <span class='ocrx_word' id='word_1_277' title='bbox 1473 3193 1529 3278; x_wconf 85' lang='lat' dir='ltr'><strong>qni</strong></span> <span class='ocrx_word' id='word_1_278' title='bbox 1551 3213 1617 3256; x_wconf 90' lang='lat' dir='ltr'><strong>rem</strong></span> 
     </span>
     <span class='ocr_line' id='line_1_29' title="bbox 298 3286 1618 3370; baseline 0 -20"><span class='ocrx_word' id='word_1_279' title='bbox 298 3288 457 3369; x_wconf 88' lang='lat' dir='ltr'><strong>publicam</strong></span> <span class='ocrx_word' id='word_1_280' title='bbox 486 3306 527 3350; x_wconf 86' lang='lat' dir='ltr'><strong>ex</strong></span> <span class='ocrx_word' id='word_1_281' title='bbox 556 3297 683 3352; x_wconf 88' lang='lat' dir='ltr'><strong>senatus</strong></span> <span class='ocrx_word' id='word_1_282' title='bbox 705 3288 889 3352; x_wconf 89' lang='lat' dir='ltr'><strong>auctoritate</strong></span> <span class='ocrx_word' id='word_1_283' title='bbox 912 3286 1025 3350; x_wconf 92' lang='lat' dir='ltr'><strong>consul</strong></span> <span class='ocrx_word' id='word_1_284' title='bbox 1046 3286 1257 3361; x_wconf 70' lang='lat' dir='ltr'><strong>defendisset,</strong></span> <span class='ocrx_word' id='word_1_285' title='bbox 1285 3287 1380 3352; x_wconf 92' lang='lat' dir='ltr'><strong>domo</strong></span> <span class='ocrx_word' id='word_1_286' title='bbox 1402 3288 1618 3370; x_wconf 72' lang='lat' dir='ltr'><strong>coniungeret,</strong></span> 
     </span>
     <span class='ocr_line' id='line_1_30' title="bbox 298 3380 1438 3464; baseline 0 -20"><span class='ocrx_word' id='word_1_287' title='bbox 298 3401 405 3444; x_wconf 90' lang='lat' dir='ltr'><strong>nonne</strong></span> <span class='ocrx_word' id='word_1_288' title='bbox 425 3380 633 3463; x_wconf 90' lang='lat' dir='ltr'><strong>responderes</strong></span> <span class='ocrx_word' id='word_1_289' title='bbox 653 3382 686 3445; x_wconf 92' lang='lat' dir='ltr'><strong>id</strong></span> <span class='ocrx_word' id='word_1_290' title='bbox 708 3381 768 3444; x_wconf 91' lang='lat' dir='ltr'><strong>nisi</strong></span> <span class='ocrx_word' id='word_1_291' title='bbox 791 3399 900 3444; x_wconf 78' lang='lat' dir='ltr'><strong>eversa</strong></span> <span class='ocrx_word' id='word_1_292' title='bbox 921 3381 1047 3443; x_wconf 87' lang='lat' dir='ltr'><strong>civitate</strong></span> <span class='ocrx_word' id='word_1_293' title='bbox 1069 3380 1213 3444; x_wconf 88' lang='lat' dir='ltr'><strong>accidere</strong></span> <span class='ocrx_word' id='word_1_294' title='bbox 1235 3401 1299 3444; x_wconf 94' lang='lat' dir='ltr'><strong>non</strong></span> <span class='ocrx_word' id='word_1_295' title='bbox 1320 3384 1438 3464; x_wconf 78' lang='lat' dir='ltr'><strong>posset</strong></span> 
     </span>
    </p>

    <p class='ocr_par' dir='ltr' id='par_1_3' title="bbox 300 3469 1656 3752">
     <span class='ocr_line' id='line_1_31' title="bbox 382 3469 1656 3559; baseline -0.001 -23"><span class='ocrx_word' id='word_1_296' title='bbox 382 3473 491 3536; x_wconf 85' lang='lat' dir='ltr'>XLIV.</span> <span class='ocrx_word' id='word_1_297' title='bbox 514 3469 585 3536; x_wconf 83' lang='grc'>445.</span> <span class='ocrx_word' id='word_1_298' title='bbox 607 3475 648 3536; x_wconf 81' lang='lat' dir='ltr'><strong>st</strong></span> <span class='ocrx_word' id='word_1_299' title='bbox 668 3475 772 3538; x_wconf 83' lang='lat' dir='ltr'><strong>videte</strong></span> <span class='ocrx_word' id='word_1_300' title='bbox 794 3472 932 3537; x_wconf 91' lang='lat' dir='ltr'><strong>bominis</strong></span> <span class='ocrx_word' id='word_1_301' title='bbox 953 3472 1187 3537; x_wconf 87' lang='lat' dir='ltr'><strong>intolerabilem</strong></span> <span class='ocrx_word' id='word_1_302' title='bbox 1207 3474 1372 3538; x_wconf 87' lang='lat' dir='ltr'><strong>andaciam</strong></span> <span class='ocrx_word' id='word_1_303' title='bbox 1392 3495 1464 3539; x_wconf 90' lang='lat' dir='ltr'><strong>cum</strong></span> <span class='ocrx_word' id='word_1_304' title='bbox 1478 3475 1656 3559; x_wconf 81' lang='lat' dir='ltr'><strong>proiectaao</strong></span> 
     </span>
     <span class='ocr_line' id='line_1_32' title="bbox 300 3567 1625 3652; baseline 0 -21"><span class='ocrx_word' id='word_1_305' title='bbox 300 3568 434 3651; x_wconf 85' lang='lat' dir='ltr'><strong>quadam</strong></span> <span class='ocrx_word' id='word_1_306' title='bbox 463 3573 496 3630; x_wconf 92' lang='lat' dir='ltr'><strong>et</strong></span> <span class='ocrx_word' id='word_1_307' title='bbox 524 3567 674 3632; x_wconf 79' lang='lat' dir='ltr'><strong>effrenata</strong></span> <span class='ocrx_word' id='word_1_308' title='bbox 702 3567 881 3651; x_wconf 90' lang='lat' dir='ltr'><strong>cupiditate.</strong></span> <span class='ocrx_word' id='word_1_309' title='bbox 917 3568 1145 3632; x_wconf 86' lang='lat' dir='ltr'><strong>blonimeutum</strong></span> <span class='ocrx_word' id='word_1_310' title='bbox 1165 3569 1226 3632; x_wconf 89' lang='lat' dir='ltr'><strong>iste</strong></span> <span class='ocrx_word' id='word_1_311' title='bbox 1248 3588 1396 3652; x_wconf 81' lang='lat' dir='ltr'><strong>nmquam</strong></span> <span class='ocrx_word' id='word_1_312' title='bbox 1418 3577 1474 3633; x_wconf 90' lang='lat' dir='ltr'><strong>aut</strong></span> <span class='ocrx_word' id='word_1_313' title='bbox 1493 3569 1625 3651; x_wconf 71' lang='lat' dir='ltr'><strong>religio·-</strong></span> 
     </span>
     <span class='ocr_line' id='line_1_33' title="bbox 300 3659 1621 3752; baseline 0.003 -30"><span class='ocrx_word' id='word_1_314' title='bbox 300 3681 373 3724; x_wconf 90' lang='lat' dir='ltr'><strong>nem</strong></span> <span class='ocrx_word' id='word_1_315' title='bbox 401 3660 499 3752; x_wconf 67' lang='lat' dir='ltr'><strong>”lllm</strong></span> <span class='ocrx_word' id='word_1_316' title='bbox 527 3660 743 3742; x_wconf 73' lang='lat' dir='ltr'><strong>excogitavit?</strong></span> <span class='ocrx_word' id='word_1_317' title='bbox 775 3659 922 3724; x_wconf 84' lang='lat' dir='ltr'><strong>Habitare</strong></span> <span class='ocrx_word' id='word_1_318' title='bbox 949 3661 1022 3726; x_wconf 80' lang='lat' dir='ltr'><strong>laxe</strong></span> <span class='ocrx_word' id='word_1_319' title='bbox 1051 3668 1083 3726; x_wconf 89' lang='lat' dir='ltr'><strong>et</strong></span> <span class='ocrx_word' id='word_1_320' title='bbox 1109 3659 1274 3745; x_wconf 75' lang='lat' dir='ltr'><strong>magnifice</strong></span> <span class='ocrx_word' id='word_1_321' title='bbox 1304 3662 1405 3727; x_wconf 80' lang='lat' dir='ltr'><strong>soluit</strong></span> <span class='ocrx_word' id='word_1_322' title='bbox 1426 3664 1568 3747; x_wconf 80' lang='lat' dir='ltr'><strong>dumque</strong></span> <span class='ocrx_word' id='word_1_323' title='bbox 1588 3671 1621 3726; x_wconf 91' lang='lat' dir='ltr'><strong>et</strong></span> 
     </span>
    </p>
   </div>
   <div class='ocr_carea' id='block_1_3' title="bbox 300 3750 1754 3840">
    <p class='ocr_par' dir='ltr' id='par_1_4' title="bbox 300 3750 1754 3840">
     <span class='ocr_line' id='line_1_34' title="bbox 300 3750 1754 3840; baseline 0.003 -24"><span class='ocrx_word' id='word_1_324' title='bbox 300 3774 428 3836; x_wconf 75' lang='lat' dir='ltr'><strong>magnas</strong></span> <span class='ocrx_word' id='word_1_325' title='bbox 459 3762 491 3816; x_wconf 91' lang='lat' dir='ltr'><strong>et</strong></span> <span class='ocrx_word' id='word_1_326' title='bbox 523 3753 644 3817; x_wconf 91' lang='lat' dir='ltr'><strong>nobiles</strong></span> <span class='ocrx_word' id='word_1_327' title='bbox 674 3754 785 3818; x_wconf 87' lang='lat' dir='ltr'><strong>domos</strong></span> <span class='ocrx_word' id='word_1_328' title='bbox 815 3755 1016 3838; x_wconf 75' lang='lat' dir='ltr'><strong>coniungere.</strong></span> <span class='ocrx_word' id='word_1_329' title='bbox 1059 3755 1180 3820; x_wconf 86' lang='lat' dir='ltr'><strong>Eodem</strong></span> <span class='ocrx_word' id='word_1_330' title='bbox 1208 3763 1326 3839; x_wconf 89' lang='lat' dir='ltr'><strong>puncto</strong></span> <span class='ocrx_word' id='word_1_331' title='bbox 1357 3757 1525 3840; x_wconf 89' lang='lat' dir='ltr'><strong>temporis,</strong></span> <span class='ocrx_word' id='word_1_332' title='bbox 1555 3776 1620 3840; x_wconf 87' lang='lat' dir='ltr'><strong>quo</strong></span> <span class='ocrx_word' id='word_1_333' title='bbox 1747 3750 1754 3767; x_wconf 79' lang='lat'>&#39;</span> 
     </span>
    </p>
   </div>
   <div class='ocr_carea' id='block_1_4' title="bbox 301 3847 1620 3934">
    <p class='ocr_par' dir='ltr' id='par_1_5' title="bbox 301 3847 1620 3934">
     <span class='ocr_line' id='line_1_35' title="bbox 301 3847 1620 3934; baseline 0.002 -24"><span class='ocrx_word' id='word_1_334' title='bbox 301 3866 389 3911; x_wconf 89' lang='lat' dir='ltr'><strong>meus</strong></span> <span class='ocrx_word' id='word_1_335' title='bbox 417 3848 575 3911; x_wconf 91' lang='lat' dir='ltr'><strong>discessus</strong></span> <span class='ocrx_word' id='word_1_336' title='bbox 603 3847 656 3910; x_wconf 92' lang='lat' dir='ltr'><strong>isti</strong></span> <span class='ocrx_word' id='word_1_337' title='bbox 685 3865 812 3911; x_wconf 87' lang='lat' dir='ltr'><strong>causam</strong></span> <span class='ocrx_word' id='word_1_338' title='bbox 835 3848 939 3913; x_wconf 89' lang='lat' dir='ltr'><strong>caedis</strong></span> <span class='ocrx_word' id='word_1_339' title='bbox 961 3850 1095 3934; x_wconf 89' lang='lat' dir='ltr'><strong>eripuit,</strong></span> <span class='ocrx_word' id='word_1_340' title='bbox 1122 3869 1142 3914; x_wconf 92' lang='lat' dir='ltr'><strong>a</strong></span> <span class='ocrx_word' id='word_1_341' title='bbox 1164 3851 1203 3925; x_wconf 88' lang='lat' dir='ltr'><strong>Q.</strong></span> <span class='ocrx_word' id='word_1_342' title='bbox 1226 3850 1298 3913; x_wconf 89' lang='lat' dir='ltr'><strong>Seio</strong></span> <span class='ocrx_word' id='word_1_343' title='bbox 1320 3851 1483 3914; x_wconf 91' lang='lat' dir='ltr'><strong>contendit</strong></span> <span class='ocrx_word' id='word_1_344' title='bbox 1502 3857 1538 3914; x_wconf 92' lang='lat' dir='ltr'><strong>nt</strong></span> <span class='ocrx_word' id='word_1_345' title='bbox 1559 3850 1620 3914; x_wconf 92' lang='lat' dir='ltr'><strong>sibi</strong></span> 
     </span>
    </p>
   </div>
   <div class='ocr_carea' id='block_1_5' title="bbox 301 4065 1626 5335">
    <p class='ocr_par' dir='ltr' id='par_1_6' title="bbox 301 4065 1626 5335">
     <span class='ocr_line' id='line_1_36' title="bbox 365 4065 1619 4139; baseline 0.004 -17"><span class='ocrx_word' id='word_1_346' title='bbox 365 4072 390 4122; x_wconf 78' lang='grc'><strong>4.</strong></span> <span class='ocrx_word' id='word_1_347' title='bbox 408 4071 438 4134; x_wconf 87' lang='lat' dir='ltr'><strong>ts]</strong></span> <span class='ocrx_word' id='word_1_348' title='bbox 455 4071 492 4121; x_wconf 83' lang='grc'><strong>444</strong></span> <span class='ocrx_word' id='word_1_349' title='bbox 508 4065 576 4122; x_wconf 77' lang='lat'><strong>1³¹-</strong></span> <span class='ocrx_word' id='word_1_350' title='bbox 595 4069 699 4121; x_wconf 73' lang='grc'>4444.</span> <span class='ocrx_word' id='word_1_351' title='bbox 715 4070 1028 4134; x_wconf 62' lang='lat' dir='ltr'><strong>commensurat</strong></span> <span class='ocrx_word' id='word_1_352' title='bbox 1047 4075 1619 4139; x_wconf 81' lang='lat' dir='ltr'><strong>lanosterioreesttnrasuraasecm.</strong></span> 
     </span>
     <span class='ocr_line' id='line_1_37' title="bbox 304 4145 1620 4214; baseline 0.003 -17"><span class='ocrx_word' id='word_1_353' title='bbox 304 4171 330 4182; x_wconf 83' lang='lat'><em>-</em></span> <span class='ocrx_word' id='word_1_354' title='bbox 349 4146 373 4198; x_wconf 82' lang='grc'><strong>4.</strong></span> <span class='ocrx_word' id='word_1_355' title='bbox 393 4147 581 4210; x_wconf 74' lang='grc'>4444444441-</span> <span class='ocrx_word' id='word_1_356' title='bbox 600 4147 624 4197; x_wconf 79' lang='lat'><strong>5.</strong></span> <span class='ocrx_word' id='word_1_357' title='bbox 642 4145 781 4197; x_wconf 87' lang='grc'>4444444444</span> <span class='ocrx_word' id='word_1_358' title='bbox 798 4149 816 4198; x_wconf 87' lang='lat' dir='ltr'>P</span> <span class='ocrx_word' id='word_1_359' title='bbox 834 4173 863 4184; x_wconf 91' lang='lat'><em>-</em></span> <span class='ocrx_word' id='word_1_360' title='bbox 882 4148 907 4198; x_wconf 83' lang='lat'><strong>6.</strong></span> <span class='ocrx_word' id='word_1_361' title='bbox 919 4147 1033 4212; x_wconf 71' lang='grc'>44444444]</span> <span class='ocrx_word' id='word_1_362' title='bbox 1049 4147 1454 4202; x_wconf 68' lang='grc'>444444444444444414444444</span> <span class='ocrx_word' id='word_1_363' title='bbox 1465 4149 1620 4214; x_wconf 53' lang='lat' dir='ltr'><strong>colivet.</strong></span> 
     </span>
     <span class='ocr_line' id='line_1_38' title="bbox 304 4221 1622 4289; baseline 0.005 -18"><span class='ocrx_word' id='word_1_364' title='bbox 304 4221 1622 4289; x_wconf 48' lang='lat' dir='ltr'><strong>-l.commentumqadrqme—tmupteem]decumbentem-alanta</strong></span> 
     </span>
     <span class='ocr_line' id='line_1_39' title="bbox 301 4293 1625 4364; baseline 0.006 -20"><span class='ocrx_word' id='word_1_365' title='bbox 301 4293 569 4358; x_wconf 71' lang='lat' dir='ltr'><strong>{aestuml’tilt—</strong></span> <span class='ocrx_word' id='word_1_366' title='bbox 588 4295 811 4347; x_wconf 82' lang='lat' dir='ltr'><strong>conlocutcmP-</strong></span> <span class='ocrx_word' id='word_1_367' title='bbox 831 4298 1322 4351; x_wconf 59' lang='lat' dir='ltr'><strong>oecaoamesomzuascco-</strong></span> <span class='ocrx_word' id='word_1_368' title='bbox 1341 4299 1625 4364; x_wconf 62' lang='lat' dir='ltr'><strong>meotes-spero</strong></span> 
     </span>
     <span class='ocr_line' id='line_1_40' title="bbox 303 4370 1624 4434; baseline 0.006 -14"><span class='ocrx_word' id='word_1_369' title='bbox 303 4371 376 4420; x_wconf 72' lang='lat'><strong>1³¹-</strong></span> <span class='ocrx_word' id='word_1_370' title='bbox 398 4370 437 4421; x_wconf 86' lang='lat' dir='ltr'><strong>tt.</strong></span> <span class='ocrx_word' id='word_1_371' title='bbox 456 4370 656 4433; x_wconf 64' lang='lat' dir='ltr'><strong>appruesffl’-</strong></span> <span class='ocrx_word' id='word_1_372' title='bbox 675 4371 836 4434; x_wconf 70' lang='lat' dir='ltr'><strong>melmae</strong></span> <span class='ocrx_word' id='word_1_373' title='bbox 852 4371 977 4423; x_wconf 85' lang='lat' dir='ltr'><strong>thV—</strong></span> <span class='ocrx_word' id='word_1_374' title='bbox 997 4375 1038 4424; x_wconf 79' lang='grc'><strong>44.</strong></span> <span class='ocrx_word' id='word_1_375' title='bbox 1056 4373 1336 4426; x_wconf 71' lang='lat' dir='ltr'><strong>ceultommsenios:</strong></span> <span class='ocrx_word' id='word_1_376' title='bbox 1355 4386 1409 4424; x_wconf 89' lang='lat' dir='ltr'><strong>om.</strong></span> <span class='ocrx_word' id='word_1_377' title='bbox 1428 4375 1518 4426; x_wconf 81' lang='lat'>(20-</span> <span class='ocrx_word' id='word_1_378' title='bbox 1535 4389 1624 4428; x_wconf 77' lang='lat' dir='ltr'><strong>recare-</strong></span> 
     </span>
     <span class='ocr_line' id='line_1_41' title="bbox 303 4443 1623 4512; baseline 0.005 -16"><span class='ocrx_word' id='word_1_379' title='bbox 303 4443 352 4496; x_wconf 83' lang='lat' dir='ltr'><strong>tior</strong></span> <span class='ocrx_word' id='word_1_380' title='bbox 369 4445 410 4495; x_wconf 73' lang='grc'><strong>,44</strong></span> <span class='ocrx_word' id='word_1_381' title='bbox 428 4445 453 4509; x_wconf 87' lang='lat' dir='ltr'><strong>(t.</strong></span> <span class='ocrx_word' id='word_1_382' title='bbox 467 4459 491 4496; x_wconf 93' lang='lat' dir='ltr'><strong>e.</strong></span> <span class='ocrx_word' id='word_1_383' title='bbox 509 4444 582 4506; x_wconf 81' lang='lat' dir='ltr'><strong>cutm)</strong></span> <span class='ocrx_word' id='word_1_384' title='bbox 600 4445 637 4494; x_wconf 85' lang='lat' dir='ltr'><strong>G:</strong></span> <span class='ocrx_word' id='word_1_385' title='bbox 661 4446 793 4502; x_wconf 72' lang='lat' dir='ltr'><strong>recentior.</strong></span> <span class='ocrx_word' id='word_1_386' title='bbox 810 4449 842 4506; x_wconf 87' lang='lat' dir='ltr'><strong>P;</strong></span> <span class='ocrx_word' id='word_1_387' title='bbox 863 4447 985 4498; x_wconf 71' lang='lat' dir='ltr'><strong>recentior</strong></span> <span class='ocrx_word' id='word_1_388' title='bbox 1005 4449 1070 4500; x_wconf 84' lang='grc'>4444</span> <span class='ocrx_word' id='word_1_389' title='bbox 1086 4450 1126 4510; x_wconf 65' lang='lat' dir='ltr'><strong>lli</strong></span> <span class='ocrx_word' id='word_1_390' title='bbox 1148 4449 1271 4500; x_wconf 77' lang='grc'>4444444444</span> <span class='ocrx_word' id='word_1_391' title='bbox 1288 4452 1324 4498; x_wconf 87' lang='lat' dir='ltr'><strong>ert</strong></span> <span class='ocrx_word' id='word_1_392' title='bbox 1343 4449 1408 4498; x_wconf 79' lang='grc'>44444</span> <span class='ocrx_word' id='word_1_393' title='bbox 1433 4450 1539 4512; x_wconf 79' lang='lat' dir='ltr'><strong>(ombsa</strong></span> <span class='ocrx_word' id='word_1_394' title='bbox 1555 4465 1623 4503; x_wconf 82' lang='lat' dir='ltr'><strong>voce</strong></span> 
     </span>
     <span class='ocr_line' id='line_1_42' title="bbox 303 4518 1621 4588; baseline 0.005 -18"><span class='ocrx_word' id='word_1_395' title='bbox 303 4518 611 4586; x_wconf 68' lang='lat' dir='ltr'><strong>ertpostv.flttrlv-</strong></span> <span class='ocrx_word' id='word_1_396' title='bbox 634 4521 1621 4588; x_wconf 62' lang='lat' dir='ltr'><strong>estmemortaptttG-tttw-tbmeirreburctreboemetso-</strong></span> 
     </span>
     <span class='ocr_line' id='line_1_43' title="bbox 304 4593 1621 4660; baseline 0.004 -15"><span class='ocrx_word' id='word_1_397' title='bbox 304 4593 344 4648; x_wconf 84' lang='grc'><strong>44.</strong></span> <span class='ocrx_word' id='word_1_398' title='bbox 362 4596 451 4647; x_wconf 79' lang='grc'>4444444</span> <span class='ocrx_word' id='word_1_399' title='bbox 475 4595 532 4660; x_wconf 79' lang='lat' dir='ltr'><strong>(ldie</strong></span> <span class='ocrx_word' id='word_1_400' title='bbox 553 4595 578 4644; x_wconf 92' lang='lat' dir='ltr'><strong>in</strong></span> <span class='ocrx_word' id='word_1_401' title='bbox 602 4598 702 4658; x_wconf 86' lang='lat' dir='ltr'><strong>rasura)</strong></span> <span class='ocrx_word' id='word_1_402' title='bbox 720 4597 753 4656; x_wconf 88' lang='lat' dir='ltr'><strong>P;</strong></span> <span class='ocrx_word' id='word_1_403' title='bbox 780 4598 890 4659; x_wconf 76' lang='grc'>44444444</span> <span class='ocrx_word' id='word_1_404' title='bbox 907 4599 961 4650; x_wconf 85' lang='lat' dir='ltr'><strong>th</strong></span> <span class='ocrx_word' id='word_1_405' title='bbox 979 4627 1007 4637; x_wconf 97' lang='lat'>-</span> <span class='ocrx_word' id='word_1_406' title='bbox 1032 4600 1072 4650; x_wconf 79' lang='lat' dir='ltr'><strong>te.</strong></span> <span class='ocrx_word' id='word_1_407' title='bbox 1090 4601 1140 4650; x_wconf 80' lang='lat' dir='ltr'><strong>dero</strong></span> <span class='ocrx_word' id='word_1_408' title='bbox 1155 4600 1218 4650; x_wconf 86' lang='lat' dir='ltr'><strong>PV:</strong></span> <span class='ocrx_word' id='word_1_409' title='bbox 1244 4600 1306 4650; x_wconf 80' lang='lat' dir='ltr'><strong>duos</strong></span> <span class='ocrx_word' id='word_1_410' title='bbox 1322 4599 1405 4650; x_wconf 81' lang='lat' dir='ltr'><strong>Gblo</strong></span> <span class='ocrx_word' id='word_1_411' title='bbox 1422 4624 1449 4636; x_wconf 95' lang='lat'>-</span> <span class='ocrx_word' id='word_1_412' title='bbox 1469 4611 1511 4649; x_wconf 86' lang='lat' dir='ltr'><strong>cor</strong></span> <span class='ocrx_word' id='word_1_413' title='bbox 1527 4601 1576 4650; x_wconf 84' lang='lat' dir='ltr'><strong>PV</strong></span> <span class='ocrx_word' id='word_1_414' title='bbox 1593 4623 1621 4635; x_wconf 88' lang='lat'>-</span> 
     </span>
     <span class='ocr_line' id='line_1_44' title="bbox 304 4669 1626 4737; baseline 0.003 -16"><span class='ocrx_word' id='word_1_415' title='bbox 304 4669 972 4723; x_wconf 75' lang='lat' dir='ltr'><strong>td.umttccenttczduor1ertieueett0-t7.</strong></span> <span class='ocrx_word' id='word_1_416' title='bbox 990 4674 1231 4737; x_wconf 64' lang='lat' dir='ltr'><strong>deprcoeutw—</strong></span> <span class='ocrx_word' id='word_1_417' title='bbox 1253 4673 1626 4737; x_wconf 63' lang='lat' dir='ltr'><strong>popone-tantone·</strong></span> 
     </span>
     <span class='ocr_line' id='line_1_45' title="bbox 304 4743 1624 4815; baseline 0.004 -20"><span class='ocrx_word' id='word_1_418' title='bbox 304 4743 649 4797; x_wconf 73' lang='lat' dir='ltr'><strong>1³¹-rncsrov-ao.</strong></span> <span class='ocrx_word' id='word_1_419' title='bbox 667 4745 801 4798; x_wconf 85' lang='lat' dir='ltr'><strong>domoec:</strong></span> <span class='ocrx_word' id='word_1_420' title='bbox 826 4747 996 4800; x_wconf 78' lang='grc'>4444444440.</span> <span class='ocrx_word' id='word_1_421' title='bbox 1021 4749 1059 4800; x_wconf 88' lang='lat' dir='ltr'><strong>Cl.</strong></span> <span class='ocrx_word' id='word_1_422' title='bbox 1077 4751 1190 4814; x_wconf 71' lang='lat' dir='ltr'><strong>utsq.</strong></span> <span class='ocrx_word' id='word_1_423' title='bbox 1208 4762 1235 4815; x_wconf 93' lang='lat' dir='ltr'><strong>p.</strong></span> <span class='ocrx_word' id='word_1_424' title='bbox 1253 4749 1364 4810; x_wconf 82' lang='lat' dir='ltr'><strong>sso‚sa.</strong></span> <span class='ocrx_word' id='word_1_425' title='bbox 1385 4751 1624 4812; x_wconf 74' lang='lat' dir='ltr'><strong>-ceeumme</strong></span> 
     </span>
     <span class='ocr_line' id='line_1_46' title="bbox 304 4821 1624 4890; baseline 0.002 -17"><span class='ocrx_word' id='word_1_426' title='bbox 304 4821 401 4873; x_wconf 76' lang='grc'>4444-</span> <span class='ocrx_word' id='word_1_427' title='bbox 420 4821 723 4885; x_wconf 59' lang='lat' dir='ltr'><strong>pomeranam</strong></span> <span class='ocrx_word' id='word_1_428' title='bbox 742 4835 766 4885; x_wconf 78' lang='grc'><strong>4.</strong></span> <span class='ocrx_word' id='word_1_429' title='bbox 785 4823 1206 4889; x_wconf 69' lang='lat' dir='ltr'><strong>occanseunumargec-</strong></span> <span class='ocrx_word' id='word_1_430' title='bbox 1225 4823 1624 4890; x_wconf 74' lang='lat' dir='ltr'><strong>tl.tlstntP¹G¹-tr]ttel³¹</strong></span> 
     </span>
     <span class='ocr_line' id='line_1_47' title="bbox 308 4895 1622 4963; baseline 0.003 -18"><span class='ocrx_word' id='word_1_431' title='bbox 308 4895 394 4946; x_wconf 74' lang='grc'>-44,</span> <span class='ocrx_word' id='word_1_432' title='bbox 409 4895 629 4960; x_wconf 73' lang='grc'>4444444446-</span> <span class='ocrx_word' id='word_1_433' title='bbox 648 4895 690 4948; x_wconf 76' lang='grc'><strong>43.</strong></span> <span class='ocrx_word' id='word_1_434' title='bbox 708 4897 816 4960; x_wconf 62' lang='lat' dir='ltr'><strong>emptae</strong></span> <span class='ocrx_word' id='word_1_435' title='bbox 832 4895 1145 4961; x_wconf 49' lang='lat' dir='ltr'><strong>offecisse-at.</strong></span> <span class='ocrx_word' id='word_1_436' title='bbox 1162 4899 1258 4950; x_wconf 81' lang='lat' dir='ltr'><strong>deerret</strong></span> <span class='ocrx_word' id='word_1_437' title='bbox 1273 4898 1406 4950; x_wconf 74' lang='lat' dir='ltr'><strong>P1-td.</strong></span> <span class='ocrx_word' id='word_1_438' title='bbox 1423 4896 1622 4963; x_wconf 70' lang='grc' dir='ltr'>441444Ρ46-</span> 
     </span>
     <span class='ocr_line' id='line_1_48' title="bbox 305 4963 1625 5036; baseline 0.002 -16"><span class='ocrx_word' id='word_1_439' title='bbox 305 4963 346 5021; x_wconf 74' lang='lat' dir='ltr'><strong>il.</strong></span> <span class='ocrx_word' id='word_1_440' title='bbox 359 4971 498 5024; x_wconf 76' lang='lat' dir='ltr'><strong>disturbare</strong></span> <span class='ocrx_word' id='word_1_441' title='bbox 513 4975 623 5024; x_wconf 76' lang='grc'>44444444</span> <span class='ocrx_word' id='word_1_442' title='bbox 639 4973 734 5033; x_wconf 65' lang='lat' dir='ltr'><strong>suin</strong></span> <span class='ocrx_word' id='word_1_443' title='bbox 754 4972 902 5024; x_wconf 75' lang='grc'>4444444444</span> <span class='ocrx_word' id='word_1_444' title='bbox 918 4979 1027 5026; x_wconf 70' lang='lat' dir='ltr'><strong>eaerum</strong></span> <span class='ocrx_word' id='word_1_445' title='bbox 1043 4975 1078 5036; x_wconf 56' lang='grc' dir='ltr'><strong>(ἢ</strong></span> <span class='ocrx_word' id='word_1_446' title='bbox 1096 4974 1250 5036; x_wconf 66' lang='lat' dir='ltr'><strong>damme,</strong></span> <span class='ocrx_word' id='word_1_447' title='bbox 1266 4978 1375 5026; x_wconf 76' lang='grc'>44444444</span> <span class='ocrx_word' id='word_1_448' title='bbox 1390 4971 1625 5036; x_wconf 60' lang='lat' dir='ltr'><strong>munands·</strong></span> 
     </span>
     <span class='ocr_line' id='line_1_49' title="bbox 306 5043 1624 5112; baseline 0.002 -17"><span class='ocrx_word' id='word_1_449' title='bbox 306 5043 385 5096; x_wconf 86' lang='lat' dir='ltr'><strong>bacb.</strong></span> <span class='ocrx_word' id='word_1_450' title='bbox 408 5073 435 5083; x_wconf 90' lang='lat'>-</span> <span class='ocrx_word' id='word_1_451' title='bbox 460 5048 513 5098; x_wconf 73' lang='grc'>4444</span> <span class='ocrx_word' id='word_1_452' title='bbox 533 5047 762 5111; x_wconf 53' lang='lat' dir='ltr'><strong>saboneres&amp;</strong></span> <span class='ocrx_word' id='word_1_453' title='bbox 787 5050 840 5100; x_wconf 75' lang='grc'>4444</span> <span class='ocrx_word' id='word_1_454' title='bbox 861 5049 1016 5112; x_wconf 71' lang='lat' dir='ltr'><strong>maressa</strong></span> <span class='ocrx_word' id='word_1_455' title='bbox 1037 5075 1065 5086; x_wconf 95' lang='lat'><em>-</em></span> <span class='ocrx_word' id='word_1_456' title='bbox 1087 5047 1351 5100; x_wconf 68' lang='lat' dir='ltr'><strong>sesemet·</strong></span> <span class='ocrx_word' id='word_1_457' title='bbox 1374 5046 1473 5112; x_wconf 67' lang='lat' dir='ltr'><strong>ebat]</strong></span> <span class='ocrx_word' id='word_1_458' title='bbox 1494 5046 1573 5098; x_wconf 79' lang='lat' dir='ltr'><strong>adP¹</strong></span> <span class='ocrx_word' id='word_1_459' title='bbox 1596 5071 1624 5083; x_wconf 90' lang='lat'>-</span> 
     </span>
     <span class='ocr_line' id='line_1_50' title="bbox 307 5118 1625 5187; baseline 0.001 -18"><span class='ocrx_word' id='word_1_460' title='bbox 307 5118 347 5170; x_wconf 83' lang='grc'><strong>34.</strong></span> <span class='ocrx_word' id='word_1_461' title='bbox 365 5122 593 5174; x_wconf 74' lang='lat' dir='ltr'><strong>mmtneutaonP:</strong></span> <span class='ocrx_word' id='word_1_462' title='bbox 611 5124 870 5174; x_wconf 72' lang='grc'>4444444440-</span> <span class='ocrx_word' id='word_1_463' title='bbox 889 5121 1346 5187; x_wconf 68' lang='grc'>44444444--44444444444444444</span> <span class='ocrx_word' id='word_1_464' title='bbox 1364 5132 1625 5183; x_wconf 60' lang='lat' dir='ltr'><strong>metues-we-</strong></span> 
     </span>
     <span class='ocr_line' id='line_1_51' title="bbox 306 5190 1621 5262; baseline 0.005 -16"><span class='ocrx_word' id='word_1_465' title='bbox 306 5195 396 5258; x_wconf 75' lang='grc'>4444444</span> <span class='ocrx_word' id='word_1_466' title='bbox 412 5196 466 5248; x_wconf 84' lang='lat' dir='ltr'><strong>lto</strong></span> <span class='ocrx_word' id='word_1_467' title='bbox 485 5223 513 5236; x_wconf 88' lang='lat'>-</span> <span class='ocrx_word' id='word_1_468' title='bbox 531 5197 571 5248; x_wconf 76' lang='grc'><strong>44.</strong></span> <span class='ocrx_word' id='word_1_469' title='bbox 590 5197 707 5262; x_wconf 70' lang='grc'>4444444444</span> <span class='ocrx_word' id='word_1_470' title='bbox 722 5195 874 5249; x_wconf 83' lang='lat' dir='ltr'><strong>Lambinus.</strong></span> <span class='ocrx_word' id='word_1_471' title='bbox 894 5225 921 5235; x_wconf 96' lang='lat'>-</span> <span class='ocrx_word' id='word_1_472' title='bbox 940 5196 981 5250; x_wconf 81' lang='lat' dir='ltr'><strong>et.</strong></span> <span class='ocrx_word' id='word_1_473' title='bbox 996 5198 1055 5260; x_wconf 80' lang='lat' dir='ltr'><strong>aQ.</strong></span> <span class='ocrx_word' id='word_1_474' title='bbox 1067 5197 1132 5262; x_wconf 83' lang='lat' dir='ltr'><strong>Sele]</strong></span> <span class='ocrx_word' id='word_1_475' title='bbox 1149 5198 1231 5262; x_wconf 76' lang='lat' dir='ltr'><strong>adque</strong></span> <span class='ocrx_word' id='word_1_476' title='bbox 1244 5196 1448 5261; x_wconf 63' lang='lat' dir='ltr'><strong>”toldetaein</strong></span> <span class='ocrx_word' id='word_1_477' title='bbox 1463 5194 1564 5257; x_wconf 77' lang='grc'>444444)</span> <span class='ocrx_word' id='word_1_478' title='bbox 1581 5190 1621 5253; x_wconf 76' lang='grc' dir='ltr'><strong>Ρ“ί</strong></span> 
     </span>
     <span class='ocr_line' id='line_1_52' title="bbox 308 5267 1181 5335; baseline 0.002 -14"><span class='ocrx_word' id='word_1_479' title='bbox 308 5267 1181 5335; x_wconf 69' lang='grc' dir='ltr'>44ᾷ4444Ρ;4444444444446;4444444444444;444444.</span> 
     </span>
    </p>
   </div>
   <div class='ocr_carea' id='block_1_6' title="bbox 0 0 2031 6148">
    <p class='ocr_par' dir='ltr' id='par_1_7' title="bbox 0 0 2031 6148">
     <span class='ocr_line' id='line_1_53' title="bbox 0 0 2031 6148; baseline 0 0"><span class='ocrx_word' id='word_1_480' title='bbox 0 0 2031 6148; x_wconf 95' lang='lat' dir='ltr'><strong> </strong></span> 
     </span>
    </p>
   </div>
  </div>
 </body>
</html>
