4009 6159
338 524 403 594 798
756 527 910 598 ORATIO
935 528 1015 598 PRO
1037 529 1074 597 L.
1094 528 1252 599 FLACCO

340 699 620 785 periculorumque
641 720 784 766 meorum
805 703 841 766 L.
862 703 975 768 Flacco
997 702 1128 767 caedem
1148 723 1168 767 a
1187 702 1296 779 robis,
1324 701 1528 787 coniugibus,
1557 702 1665 768 liberis

339 794 472 872 restris,
493 796 669 861 vastitatem
691 816 710 860 a
731 797 875 881 templis,
903 797 1058 874 delubris,
1085 797 1181 872 urbe,
1208 796 1300 861 ltalia
1320 796 1535 881 depellebam,
1557 818 1665 882 spera·

339 889 428 965 bam,
449 888 587 966 iudices,
607 890 737 955 honoris
758 891 866 975 potius
887 892 923 955 L.
944 892 1048 957 Flacci
1070 912 1121 956 me
1142 890 1319 955 adiutorem
1339 890 1480 957 futurum
1497 912 1592 976 quam
1606 893 1666 955 mi·

340 984 492 1049 seriarum
514 985 759 1068 deprecatorem.
793 984 888 1062 Quod
910 987 993 1050 enim
1016 992 1100 1050 esset
1113 985 1287 1069 praemium
1301 984 1482 1069 dignitatis,
1506 984 1593 1070 quod
1608 1005 1666 1069 pe-

316 1078 435 1161 tpulus
456 1079 632 1154 Romanus,
654 1098 725 1143 cum
746 1078 842 1143 huius
865 1078 1038 1145 maioribus
1054 1099 1179 1162 semper
1193 1078 1374 1154 detulisset,
1395 1079 1470 1144 huic
1485 1080 1665 1165 denegaret,

340 1192 410 1237 cunr
432 1172 468 1235 L.
489 1173 619 1238 Flaccus
640 1182 780 1238 veterem
801 1173 948 1237 Valeriae
969 1174 1072 1256 gentis
1086 1174 1120 1238 in
1136 1173 1299 1237 liberanda
1313 1172 1415 1257 patria
1427 1172 1552 1237 laudem
1567 1192 1665 1258 prope

340 1266 593 1351 quingentesimo
622 1287 706 1333 anuo
735 1265 949 1352 reipublicae
971 1266 1168 1331 rettulisset?
1203 1263 1234 1331 2.
1257 1267 1320 1331 Sed
1329 1260 1369 1357 (si
1390 1267 1473 1331 sorte
1493 1265 1664 1350 aliquando

339 1368 394 1427 aut
413 1361 560 1427 beneficii
582 1362 677 1427 huius
699 1362 892 1425 obtrectator
912 1368 966 1425 aut
989 1361 1117 1424 virtutis
1138 1360 1239 1426 bostis
1262 1369 1318 1424 aut
1338 1361 1442 1426 laudis
1462 1360 1589 1425 invidus
1610 1380 1667 1424 ex·

339 1446 500 1558 stitipset,)
508 1455 727 1519 existimabam
748 1456 783 1517 L.
806 1454 918 1519 Flacco
940 1453 1152 1518 multitudinis
1173 1455 1280 1539 potius
1300 1456 1481 1539 imperitae,
1507 1454 1597 1517 nullo
1619 1460 1667 1517 ta-

194 1536 199 1544 ’
300 1556 331 1606 to
339 1569 412 1613 men
427 1570 499 1613 cum
512 1550 672 1634 periculo,
694 1568 791 1634 quam
806 1549 1110 1633 sapientissimorum
1131 1554 1164 1611 et
1177 1548 1417 1614 lectissimorum
1430 1550 1571 1613 virorum
1584 1546 1667 1612 iudi·

338 1644 420 1708 cium
441 1662 513 1707 esse
535 1642 745 1707 subeundum.
776 1644 901 1707 Etenim
920 1642 1036 1726 quibus
1050 1642 1233 1707 auctoribus
1248 1651 1280 1706 et
1295 1643 1512 1708 defensoribus
1526 1641 1666 1707 omnium

338 1745 407 1801 tum
434 1737 519 1801 salus
549 1744 633 1801 esset
663 1756 728 1799 non
758 1737 874 1801 civium
906 1736 1029 1811 solum,
1062 1755 1172 1799 verum
1202 1738 1296 1800 etiam
1318 1737 1458 1820 gentium
1480 1736 1609 1801 defensa
1629 1754 1667 1799 ac

338 1839 478 1907 retenta,
499 1831 659 1895 neminem
680 1850 830 1915 umquam
851 1830 961 1914 putavi
982 1850 1042 1914 per
1055 1849 1111 1893 eos
1124 1831 1213 1913 ipsos
1230 1831 1408 1914 periculum
1421 1831 1517 1895 buius
1530 1830 1666 1895 fortunis

338 1932 436 2009 atque
458 1924 588 1989 insidias
610 1932 800 1990 creaturum.
836 1925 930 2001 Quod
960 1922 986 1988 si
1010 1929 1095 1988 esset
1116 1923 1287 2007 aliquando
1308 1925 1465 2000 buturum,
1494 1930 1531 1988 ut
1550 1921 1666 2006 aliquis

301 2019 379 2083 stne
400 2020 436 2081 L.
457 2019 560 2083 Flacci
580 2019 722 2102 pernicie
745 2019 914 2102 cogitaret,
937 2037 1109 2102 numquam
1130 2024 1237 2081 tamen
1259 2019 1455 2094 existimari,
1475 2017 1607 2090 iudices,
1627 2016 1665 2078 ll.

338 2111 499 2186 Laelium,
520 2112 633 2195 optimi
647 2113 707 2177 viri
728 2109 846 2188 filium,
868 2112 987 2197 optima
1008 2111 1112 2195 ipsum
1135 2133 1192 2195 spe
1214 2113 1393 2195 praeditum
1407 2130 1549 2177 summae
1563 2109 1667 2193 digni·

338 2206 429 2282 tatis,
451 2224 521 2269 cem
543 2214 762 2291 suscepturum
783 2206 1035 2281 accusationem,
1068 2225 1150 2290 quae
1179 2207 1404 2271 sceleratorum
1424 2206 1540 2271 civium
1561 2204 1665 2288 potius

339 2298 415 2364 odio
445 2306 478 2364 et
503 2298 603 2364 fiuori
624 2320 720 2386 quam
742 2300 841 2384 ipsius
863 2300 972 2365 virtuti
994 2307 1090 2384 atque
1113 2300 1276 2363 institutae
1297 2299 1531 2365 adolescentiae
1552 2317 1667 2362 conve-

338 2394 430 2458 niret.
472 2394 598 2458 Etenim
628 2414 698 2458 cum
727 2414 747 2458 a
768 2394 949 2459 clarissimis
970 2394 1045 2457 viris
1067 2393 1254 2457 iustissimas
1275 2394 1457 2459 inimicitias
1479 2410 1574 2476 saepe
1595 2412 1667 2454 oum

300 2486 420 2553 nnene
442 2487 563 2552 meritis
584 2487 707 2553 civibus
730 2487 890 2574 depositas
912 2508 982 2553 esse
1004 2486 1173 2562 vidissem,
1194 2507 1260 2551 non
1283 2508 1353 2552 sum
1367 2488 1536 2552 arbitratus
1558 2506 1668 2570 quem·

339 2576 435 2667 quam
456 2582 592 2647 amicum
612 2582 658 2646 rei
680 2582 841 2667 publicae,
869 2589 1076 2666 posteaquam
1097 2580 1136 2666 L.
1155 2581 1258 2644 Flacci
1281 2601 1370 2646 amor
1389 2582 1422 2645 in
1442 2582 1576 2666 patriam
1598 2601 1668 2666 per-

338 2684 465 2759 spectus
488 2683 588 2753 esset,
610 2695 709 2740 novas
730 2675 804 2739 huic
825 2674 1009 2739 inimicitias
1023 2673 1113 2737 nulla
1127 2682 1256 2758 accepta
1270 2675 1385 2739 iniuria
1399 2674 1667 2740 denuntiaturum.

337 2768 369 2833 3.
392 2770 455 2834 Sed
478 2770 647 2855 quoniam,
668 2767 808 2846 iudices,
830 2770 930 2833 multa
950 2788 1010 2831 nos
1033 2774 1066 2831 et
1085 2767 1120 2829 in
1141 2769 1259 2831 nostris
1280 2769 1376 2831 rebus
1399 2774 1431 2832 et
1445 2770 1478 2832 in
1492 2789 1527 2833 re
1541 2769 1668 2853 publica

337 2862 533 2939 fefellerunt,
554 2862 686 2928 ierimus
708 2884 764 2938 ea,
786 2883 867 2947 quae
890 2871 962 2928 sunt
983 2852 1279 2945 ferendazitantum
1302 2882 1321 2926 a
1341 2862 1433 2926 vobis
1455 2864 1611 2946 petimus,
1632 2870 1668 2926 ut

300 2957 514 3023 somniaret
536 2957 683 3043 publicae
711 2957 868 3033 subsidia,
896 2963 997 3022 totum
1018 2962 1135 3020 statum
1157 2955 1306 3031 civitatis,
1336 2976 1463 3021 omnem
1484 2956 1667 3020 memoriam

338 3061 515 3137 temporum
554 3052 813 3136 praeteritorum,
850 3050 983 3115 salutem
1017 3050 1248 3133 praesentium,
1283 3069 1373 3132 spem
1403 3048 1601 3134 reliquorum
1632 3049 1667 3113 in

337 3152 442 3211 restra
469 3152 643 3231 potestate,
670 3146 703 3209 in
725 3146 839 3209 vestris
861 3143 1045 3219 sententiis,
1075 3144 1108 3205 in
1132 3142 1193 3207 boc
1214 3163 1281 3206 uuo
1302 3142 1419 3206 iudicio
1440 3145 1575 3225 positam
1597 3163 1667 3207 esse

338 3247 370 3307 et
399 3236 535 3304 defixam
563 3228 707 3333 putetis.)
729 3240 764 3304 Si
784 3259 933 3324 umquam
955 3258 1006 3303 res
1027 3237 1155 3322 publica
1176 3237 1360 3313 consilium,
1387 3225 1588 3319 gravitatem,
1617 3257 1667 3301 sa·

338 3335 493 3419 pientiam
529 3334 667 3399 iudicum
700 3333 896 3416 imploravit,
933 3333 1011 3408 hoc,
1043 3332 1120 3407 boc,
1152 3333 1300 3416 inquam,
1332 3338 1475 3415 tempore
1509 3331 1667 3414 implorat

301 3430 378 3492 toll.
399 3428 471 3492 Non
499 3426 575 3492 estis
605 3425 645 3489 de
667 3425 829 3509 Lydorum
858 3434 911 3491 aut
944 3427 1108 3511 Mysorum
1135 3432 1190 3489 aut
1219 3426 1393 3510 Phrygum,
1424 3426 1479 3510 qui
1505 3419 1569 3489 buc
1598 3444 1668 3488 cor-

338 3522 423 3607 rupti
450 3520 664 3604 concitatique
698 3527 868 3595 renerunt,
905 3521 961 3584 sed
991 3520 1031 3582 de
1062 3526 1168 3583 vestra
1195 3540 1230 3582 re
1256 3518 1383 3604 publica
1409 3517 1597 3593 iudicaturi,
1627 3517 1667 3582 de

338 3616 473 3681 civitatis
502 3621 601 3689 statu,
630 3613 670 3679 de
701 3613 858 3679 communi
888 3614 1006 3689 salute,
1035 3612 1075 3677 dc
1105 3632 1162 3696 epe
1189 3614 1345 3678 bonorum
1360 3613 1519 3689 omnium,
1549 3610 1577 3675 si
1605 3630 1668 3695 qua

338 3710 462 3793 reliqua
485 3713 533 3771 est
555 3707 649 3772 etiam
670 3727 769 3784 nunc,
791 3726 872 3791 quae
891 3706 1021 3771 sortium
1042 3706 1159 3773 civium
1179 3714 1302 3772 mentes
1321 3707 1593 3791 cogitationesque
1614 3725 1668 3769 su·

338 3810 463 3868 stentet.
515 3800 630 3865 Omnia
667 3800 729 3868 alia
766 3800 910 3884 perfugia
941 3801 1116 3876 bonorum,
1148 3801 1306 3886 praesidia
1334 3802 1567 3874 innocentium,
1596 3799 1668 3863 sub·

202 3918 206 3926 ¹
301 3896 420 3962 etsidia
448 3895 495 3960 rei
524 3893 686 3978 publicae,
716 3892 862 3968 consilia,
894 3894 1032 3971 auxilia,
1062 3896 1130 3959 iura
1160 3896 1352 3977 cecidemnt.
1396 3892 1427 3957 l.
1452 3894 1556 3970 Quem
1583 3893 1667 3957 enim

338 3990 519 4076 appellem?
552 4008 647 4073 quem
674 3989 836 4053 obtester‘l
871 4009 967 4073 quem
993 3988 1178 4074 implorem?
1218 3990 1435 4053 Senatumnel
1468 3988 1509 4050 At
1541 3985 1569 4051 is
1598 3986 1668 4070 ipse

338 4084 494 4150 auxilium
521 4083 603 4168 petit
632 4102 652 4147 a
678 4082 769 4147 vobis
798 4090 831 4146 et
857 4082 1130 4147 confirmntioncm
1155 4082 1352 4149 auctoritatis
1372 4101 1448 4148 suae
1468 4087 1592 4146 restrae
1612 4100 1668 4164 po·

404 4334 430 4387 8.
444 4334 569 4387 bononem
584 4336 632 4387 1²1.
651 4361 678 4371 -
696 4336 722 4387 o.
743 4334 927 4387 «lteoentiores
948 4332 1010 4386 inde
1033 4333 1067 4385 eb
1088 4334 1210 4386 Ernestio
1232 4334 1408 4398 distinguunt:
1428 4346 1509 4397 prope
1524 4332 1668 4396 Μαιω-

338 4408 401 4459 simo
420 4422 487 4459 anso
508 4409 547 4460 ret
564 4408 695 4471 ραὸὶὶσαο,
718 4410 848 4462 retcdtnet.
876 4408 928 4460 Sed
948 4408 986 4459 rei
1003 4408 1120 4473 publtcw
1135 4408 1255 4461 dativum
1272 4422 1333 4461 esse
1355 4409 1464 4473 regique
1486 4406 1605 4460 arerbo
1624 4420 1669 4459 rn-

339 4484 432 4535 trdtsset
447 4482 528 4535 docet
543 4482 594 4535 Sel.
613 4482 754 4537 Huldricus
772 4486 867 4550 (propr.
886 4485 976 4548 dvcto.
997 4482 1078 4535 huic.
1097 4498 1121 4535 a.
1140 4483 1224 4547 sats).
1246 4482 1288 4535 cl.
1307 4483 1417 4549 Philipp.
1435 4482 1555 4547 15⁴2.»
1573 4482 1618 4531 or.
1639 4508 1667 4518 -

339 4558 365 4609 ’1.
377 4557 606 4609 deluimus-9.
619 4558 800 4609 aestimabanus
814 4587 841 4596 —
860 4559 902 4609 to.
915 4564 938 4609 ct
954 4558 1205 4609 commonerem.
1219 4559 1239 4608 T
1255 4584 1280 4593 -
1298 4558 1341 4610 tc.
1353 4560 1384 4609 de
1399 4558 1459 4608 tacis·
1473 4557 1669 4621 pnnbuSTtt

341 4658 370 4669 -
388 4631 429 4683 ts.
445 4630 582 4698 testemur]
603 4634 661 4685 esic
677 4632 798 4701 plerique
815 4634 936 4698 (emano
952 4635 985 4695 L,
1004 4634 1122 4684 tmtttrrttr
1138 4631 1279 4696 Halmiust;
1298 4635 1388 4698 potest
1404 4636 1558 4697 corruptum
1574 4631 1667 4692 videri,

340 4718 403 4759 oum
419 4706 577 4759 adverbium
594 4707 700 4773 aliquod
713 4709 858 4772 praeclare,
876 4709 974 4761 bonerto
989 4710 1167 4763 desideretur.
1189 4711 1314 4761 Attamen
1331 4707 1416 4762 simile
1433 4706 1497 4760 illud
1513 4709 1555 4757 est
1571 4704 1670 4757 Cluen·

340 4782 427 4832 tianae
446 4781 461 4846 ἓ
478 4780 522 4834 li:
546 4788 570 4834 et
584 4783 711 4836 uoluntate
727 4790 750 4836 et
766 4786 880 4835 instituta
895 4786 993 4837 ratione
1008 4786 1101 4836 citae.»
1119 4786 1164 4835 Oa.
1183 4810 1210 4819 —
1229 4785 1271 4834 20.
1288 4798 1338 4835 esse
1354 4796 1409 4835 om.
1422 4785 1439 4834 S
1457 4809 1484 4818 -
1502 4784 1544 4832 rt.
1562 4781 1671 4831 ornate

340 4868 395 4907 om.
413 4856 433 4905 T
451 4883 478 4893 -
497 4857 539 4907 27.
553 4862 641 4908 socna
652 4856 791 4907 --sostrts
806 4857 826 4907 Τ
842 4883 876 4894 -
895 4859 978 4919 posite
994 4871 1045 4910 csse
1060 4863 1084 4909 ct
1098 4860 1184 4924 def-ro
1200 4857 1327 4911 Halmius.
1347 4885 1374 4895 -
1393 4858 1435 4910 28.
1453 4856 1483 4908 Si
1501 4868 1670 4918 anquam--

338 4931 478 4983 umbones·
495 4930 579 4983 babet
594 4932 660 4983 B-
675 4931 824 4995 mium
840 4933 900 4983 BS:
918 4934 1284 4997 commmemoratione
1300 4933 1435 4984 ceteri·
1454 4934 1496 4984 89.
1513 4930 1669 4983 rudenesn'l

340 5006 455 5072 etpr.S
474 5034 502 5043 -
520 5007 920 5071 bocboctnquomtempoch:
943 5006 1670 5071 bocinquomtenspores'lll;bocternpore,boc,in-

339 5094 426 5145 enom,
444 5087 554 5147 Μῄονα
569 5083 645 5135 FLO
658 5108 685 5120 -
704 5083 817 5147 deplorat
832 5084 851 5134 B
871 5110 899 5121 -
917 5082 958 5135 ³⁰.
970 5086 1116 5146 Mereor-ren
1130 5082 1164 5143 B,
1182 5081 1232 5133 sed
1249 5082 1322 5146 prior
1338 5081 1468 5133 rvtdetur
1484 5082 1624 5147 expuncta.
1638 5104 1665 5115 —

340 5158 487 5223 masenii
506 5184 535 5197 -
552 5159 666 5222 conanti
680 5159 714 5211 B:
732 5158 851 5221 computat
867 5159 958 5210 ceteri.
973 5184 999 5197 -
1020 5158 1061 5210 at.
1074 5158 1216 5212 occidem
1231 5156 1317 5213 88-
1333 5159 1410 5224 oum
1425 5158 1669 5221 enin-deplorem

339 5230 457 5285 babetB
477 5258 504 5274 -·
523 5233 729 5297 quonenth:
747 5233 1104 5296 manuteneres-r.
