4009 6159
733 522 858 589 760
1593 523 1897 589 onum
1940 523 2098 589 rno
2120 488 2123 490 ’
2144 525 2209 588 P.
2267 524 2522 588 sum

733 698 815 760 M.
846 694 1212 769 Messallae,
1255 693 1527 757 hominis
1555 694 1925 769 necessarii,
1969 713 2190 777 preces
2233 695 2549 758 sustinere
2588 696 2802 778 potui:
2849 714 3057 779 neque
3088 696 3257 759 enim
3286 705 3383 762 est

734 809 927 853 causa
968 790 1300 853 adversata
1340 794 1631 862 naturae,
1674 787 2023 852 nec'homo
2066 808 2183 851 nec
2226 807 2329 852 res
2362 788 2825 852 misericordiae
2863 810 3041 853 meae
3070 810 3383 874 repugna-

731 884 840 948 vit.
970 901 1239 965 usquam
1282 900 1551 957 nomen,
1606 899 1920 965 nusquam
1965 882 2305 964 vestigium
2345 881 2583 964 fuegat3
2642 881 2885 947 nullum
2928 884 3201 959 crimen,
3241 884 3384 949 nul-

731 963 864 1039 lum
935 974 1245 1048 ndicium,
1306 974 1483 1067 nulla
1525 956 1852 1063 suspicio.)
1912 976 2176 1059 Suscepi
2218 959 2535 1051 causam:
2568 966 2884 1061 Torquate
2906 1024 2924 1052 ,
2982 978 3263 1062 suscepi,
3323 985 3386 1042 et

685 1068 854 1133 sfeci
895 1069 1166 1133 libenter
1205 1077 1278 1133 ut
1320 1088 1454 1143 me,
1513 1089 1706 1151 quem
1756 1068 1907 1131 boni
1952 1076 2382 1144 constantem,
2438 1076 2508 1133 ut
2565 1090 2786 1154 spero,
2843 1091 3093 1155 semper
3168 1073 3385 1136 existi-

732 1170 1039 1238 massent,
1085 1163 1356 1227 eundem
1399 1182 1481 1227 ne
1524 1162 1797 1246 improbi
1843 1161 2100 1246 quidem
2143 1163 2461 1226 crudelem
2506 1164 2806 1227 dicerent.

901 1260 1037 1321 Vll.
1108 1252 1211 1319 2⁴.
1283 1257 1404 1321 Hic
1447 1257 1537 1320 ait
1580 1277 1650 1320 se
1693 1256 1833 1331 ille,
1890 1255 2168 1331 iudices,
2225 1276 2488 1340 regnum
2531 1277 2743 1321 meum
2786 1256 2953 1323 ferre
2996 1279 3124 1323 non
3167 1279 3378 1342 posse.

735 1353 923 1430 Quod
967 1352 1258 1426 tandem,
1303 1354 1658 1435 Torquate,
1702 1355 2012 1434 regnum?
2060 1351 2467 1427 Consulatus,
2513 1351 2736 1426 crede,
2781 1354 2938 1429 mei:
2982 1354 3049 1417 in
3092 1374 3221 1436 quo
3266 1375 3384 1439 ego

734 1448 1037 1533 imperavi
1082 1446 1281 1522 nihil,
1341 1453 1406 1509 et
1447 1454 1666 1510 contra
1720 1445 2004 1529 patribus
2067 1445 2440 1529 conscriptis
2502 1454 2567 1510 et
2607 1445 2793 1509 bonis
2838 1447 3130 1512 omnihus
3173 1450 3384 1531 parui:

662 1557 868 1629 loquo
913 1542 981 1605 in
1025 1541 1394 1624 magistratu
1437 1560 1568 1604 non
1618 1539 1976 1603 institutum
2036 1547 2134 1602 est
2190 1539 2488 1603 videlicet
2543 1560 2582 1603 a
2631 1560 2732 1603 me
2776 1560 3073 1623 regnum,
3132 1542 3245 1606 sed
3288 1564 3386 1606 re-

736 1657 1046 1721 pressum.
1110 1637 1211 1698 An
1252 1642 1386 1698 tum
1428 1635 1496 1696 in
1540 1641 1715 1698 tanto
1741 1634 2009 1717 imperio
2040 1640 2341 1718 tantaque
2371 1642 2683 1717 potestate
2712 1653 2844 1698 non
2874 1636 3035 1700 dicis
3060 1657 3161 1701 me
3187 1637 3385 1702 fuisse

733 1751 982 1816 regem,
1039 1749 1209 1792 nunc
1267 1730 1580 1812 privatum
1622 1746 1886 1811 regnare
1931 1727 2142 1790 dicis?
2202 1748 2331 1812 quo
2391 1728 2647 1791 tandem
2701 1729 3002 1793 nomine?
3090 1730 3277 1807 Quod
3319 1730 3387 1793 in

738 1845 902 1909 quos
946 1823 1309 1887 testimonia
1364 1823 1617 1896 dixisti,
1677 1821 1912 1906 inquit,
1974 1821 2253 1887 damnati
2314 1830 2492 1886 sunt:
2547 1841 2739 1906 quem
2797 1823 3117 1900 defendis,
3179 1832 3390 1907 sperat

740 1940 809 1983 se
850 1918 1205 1981 absolutum
1247 1918 1347 1980 iri.
1432 1918 1554 1980 Hic
1597 1916 1714 1980 tibi
1758 1935 1874 1998 ego
1918 1917 1998 1979 de
2043 1915 2417 1980 testimoniis
2481 1916 2640 1978 meis
2698 1915 2819 1979 hoc
2875 1917 3269 2001 respondeo:
3334 1918 3389 1981 si

664 2025 719 2071 45
735 2014 966 2078 falsum
1011 2012 1317 2086 dixerim,
1362 2018 1426 2075 te
1467 2012 1533 2074 in
1577 2009 1835 2076 eosdem
1883 2009 2156 2085 dixisse:
2202 2010 2301 2072 sin
2333 2029 2587 2083 verum,
2631 2028 2762 2072 non
2790 2030 2929 2073 esse
2956 2010 3078 2075 hoc
3104 2030 3388 2094 regnare,

739 2128 883 2172 cum
934 2125 1154 2168 verum
1215 2105 1458 2170 iuratus
1512 2106 1718 2179 dicas,
1786 2103 2074 2186 probare.
2174 2100 2277 2165 22.
2348 2104 2443 2166 De
2505 2102 2693 2166 huius
2752 2124 2863 2188 spe
2927 2113 3168 2170 tantum
3225 2105 3387 2181 dico,

740 2200 948 2265 nullas
991 2219 1030 2262 a
1071 2220 1173 2263 me
1219 2218 1375 2282 opes
1415 2200 1483 2261 P.
1530 2198 1802 2272 Sullam,
1866 2197 2109 2260 nullam
2165 2197 2548 2280 potentiam,
2603 2197 2766 2261 nihil
2823 2199 3099 2282 denique
3142 2208 3389 2283 praeter

736 2294 929 2360 fidem
978 2294 1366 2358 defensionis
1411 2300 1801 2375 exspectare.
1884 2291 2023 2353 Nisi
2064 2298 2169 2365 tu,
2212 2291 2453 2375 inquit,
2496 2309 2753 2355 causam
2783 2293 3164 2376 recepisses,
3208 2315 3388 2358 num-

740 2408 934 2472 quam
975 2386 1134 2451 mihi
1176 2387 1544 2460 restitisset,
1599 2384 1713 2448 sed
1770 2384 2011 2447 indicta
2067 2404 2257 2448 causa
2300 2385 2703 2469 profugisset.
2790 2386 2857 2449 Si
2916 2386 3040 2449 iam
3097 2388 3219 2452 hoc
3274 2389 3386 2452 tibi

665 2481 1114 2555 wconcedam,
1160 2480 1239 2556 Q.
1282 2481 1720 2553 Hortensium,
1764 2485 1938 2543 tanta
1981 2481 2281 2562 gravitate
2323 2477 2682 2554 hominem,
2727 2481 2815 2555 si',
2858 2480 2977 2544 hos
3018 2482 3178 2545 tales
3217 2484 3388 2548 viros

741 2595 870 2639 non
914 2595 1031 2639 suo
1074 2583 1240 2638 stare
1283 2574 1556 2649 iudicio,
1600 2574 1713 2637 sed
1757 2592 1934 2648 meo:
1980 2574 2034 2636 si
2076 2573 2198 2636 hoc
2229 2573 2343 2636 tibi
2374 2574 2552 2648 dem,
2597 2574 2768 2657 quod
2801 2574 2970 2638 credi
3000 2595 3131 2638 non
3160 2584 3387 2659 potest,

738 2669 862 2732 nisi
908 2687 1025 2751 ego
1069 2669 1218 2733 huic
1261 2669 1585 2742 adessem,
1636 2668 1752 2732 hos
1797 2666 2126 2732 adfuturos
2171 2688 2299 2731 non
2340 2667 2574 2730 fuisse:
2633 2674 2777 2731 uter
2818 2669 3073 2732 tandem
3116 2688 3232 2741 rex
3274 2678 3389 2746 est,

740 2765 914 2839 isne,
959 2764 1062 2828 cui
1106 2764 1478 2827 innocentes
1521 2762 1807 2826 homines
1852 2781 1982 2824 non
2025 2761 2361 2836 resistunt,
2404 2780 2486 2823 an
2531 2761 2616 2835 is,
2661 2762 2770 2845 qui
2816 2761 3217 2827 calamitosos
3260 2785 3388 2829 non

740 2858 1014 2922 deserit?
1099 2858 1183 2920 At
1221 2856 1326 2920 hic
1367 2857 1590 2931 etiam,
1654 2855 1721 2918 id
1767 2854 1937 2939 quod
1982 2855 2098 2918 tibi
2143 2874 2403 2919 necesse
2448 2855 2708 2919 minime
2751 2855 2903 2931 fuit,
2968 2855 3207 2922 facetus
3253 2880 3389 2924 esse

664 2951 1028 3027 sis-voluisti,
1089 2971 1236 3015 cum
1281 2950 1698 3035 Tarquinium
1743 2956 1807 3013 et
1845 2951 2115 3012 Numam
2176 2957 2241 3012 et
2295 2969 2395 3012 me
2436 2949 2695 3012 tertium
2734 2950 3135 3033 peregrinum
3178 2973 3389 3036 regem

739 3066 881 3110 esse
926 3045 1163 3109 dixisti.
1232 3046 1415 3109 Mitto
1459 3044 1588 3107 iam
1631 3043 1710 3106 de
1753 3061 1903 3125 rege
1946 3062 2286 3125 quaerere:
2331 3042 2488 3106 illud
2537 3063 2808 3128 quaero,
2850 3046 3254 3127 peregrinum
3282 3068 3393 3111 cur

739 3161 841 3204 me
887 3161 1028 3205 esse
1072 3140 1332 3204 differis.
1389 3142 1549 3202 Nam
1593 3140 1648 3204 si
1692 3138 1781 3201 ita
1824 3156 1998 3212 sum,
2042 3157 2170 3200 non
2206 3146 2335 3200 tam
2378 3145 2477 3200 est
2518 3137 2951 3201 admirandum
2995 3159 3209 3221 regem
3253 3161 3390 3205 esse

739 3256 874 3310 me,
932 3235 1265 3318 quoniam,
1325 3240 1397 3296 ut
1451 3240 1522 3297 tu
1565 3233 1692 3308 ais,
1749 3232 1943 3296 etiam
1984 3232 2305 3315 peregrini
2346 3250 2528 3314 reges
2570 3232 2807 3295 Romae
2850 3230 3141 3308 fuerunt,
3200 3254 3391 3318 quam

870 3515 918 3564 4.
954 3512 1199 3564 Messalae
1230 3512 1383 3562 TVS
1418 3537 1473 3547 —
1511 3511 1728 3561 homines
1760 3513 1826 3572 S,
1863 3516 1910 3561 et
1941 3513 2153 3562 hominis
2182 3513 2221 3562 B
2259 3539 2311 3547 —
2350 3513 2623 3562 necessarie
2654 3512 2698 3561 V
2735 3537 2789 3548 —
2829 3518 2900 3563 esc
2932 3527 3039 3564 om.
3077 3515 3202 3575 TV:
3242 3515 3393 3566 vide-

740 3594 826 3642 tur
857 3595 928 3641 ost
959 3591 1082 3654 post
1110 3592 1328 3637 naturae
1360 3586 1711 3637 intercidisse.
1751 3613 1805 3622 —
1843 3587 1892 3637 2.
1929 3601 2019 3637 nec
2050 3601 2132 3638 res
2160 3600 2249 3637 nso
2280 3588 2425 3637 homo
2447 3587 2492 3635 V
2517 3612 2572 3621 —-
2610 3586 2659 3637 3.
2692 3586 2951 3652 fastigium
2982 3591 3021 3640 Β
3054 3616 3122 3628 -
3167 3589 3216 3642 4».
3252 3590 3393 3640 nulla

737 3666 950 3730 suspicio
971 3663 1075 3715 Erf.
1104 3666 1158 3713 et
1178 3662 1249 3712 V:
1289 3675 1396 3712 om.
1423 3661 1579 3713 codd.
1606 3660 1812 3726 reliqui,
1839 3664 1999 3713 etiam
2023 3664 2080 3713 T.
2108 3662 2187 3714 Cf.
2216 3662 2246 3725 5
2274 3662 2354 3713 44.
2376 3686 2431 3697 -
2469 3666 2517 3712 et
2537 3660 2740 3711 libenter
2759 3663 2814 3712 id
2841 3663 2937 3726 foci
2959 3665 2996 3714 B
3019 3690 3074 3700 -—
3102 3664 3151 3714 5.
3175 3669 3232 3714 ut
3250 3677 3391 3728 sporo

737 3754 930 3804 semper
959 3739 1195 3790 TVBS:
1232 3750 1425 3800 semper
1455 3742 1512 3787 ut
1542 3739 1749 3801 speroO
1776 3766 1831 3775 —
1868 3739 1919 3789 7.
1943 3738 2058 3787 hinc
2080 3738 2155 3787 ait
2184 3738 2389 3788 ineiud.
2416 3750 2466 3787 ss
2498 3738 2536 3787 B
2566 3762 2621 3775 —
2662 3737 2710 3788 9.
2734 3743 2783 3788 et
2812 3744 2991 3790 contra
3012 3739 3196 3790 TVB:
3232 3741 3316 3791 ssd
3347 3746 3393 3791 et

737 3822 920 3867 contra
951 3816 1012 3874 S;
1056 3814 1141 3864 sed
1171 3817 1352 3863 contra
1383 3813 1444 3864 Ο.
1491 3813 1567 3864 cf.
1605 3812 1792 3863 Handii
1825 3812 2046 3865 Turseli.
2083 3814 2154 3870 11,
2191 3825 2245 3877 p.
2283 3811 2394 3862 423.
2436 3836 2491 3848 -
2526 3813 2683 3873 parm·
2716 3806 2824 3863 om.
2863 3814 2908 3862 V
2945 3842 3000 3851 —
3039 3815 3118 3865 40.
3154 3819 3225 3865 est
3252 3816 3393 3866 vido-

736 3893 851 3943 1icst
883 3905 918 3941 a
948 3904 1028 3941 me
1057 3901 1269 3953 reynum
1299 3887 1369 3937 V:
1414 3893 1485 3938 est
1515 3901 1551 3938 a
1580 3902 1660 3938 me
1690 3889 1874 3939 iudices
1907 3889 2108 3951 (iudices
2139 3888 2194 3949 T)
2228 3899 2440 3951 requam
2470 3886 2625 3937 TRO
2662 3912 2717 3921 —
2769 3888 2853 3938 sod
2893 3897 3173 3950 repressum
3206 3890 3275 3939 V:
3311 3892 3395 3940 ssd

734 3967 1039 4031 promissum
1069 3966 1194 4024 ΤΒ;
1229 3964 1314 4014 sed
1344 3978 1446 4013 non
1474 3964 1824 4027 pomi-:sums
1859 3962 2057 4023 etalii,
2093 3964 2178 4013 sed
2205 3962 2459 4025 repulsum
2492 3962 2613 4012 Sin
2646 3975 2812 4026 marg.
2842 3988 2897 3999 -
2938 3965 3017 4013 44.
3054 3978 3125 4014 an
3157 3970 3263 4015 twn
3293 3965 3393 4015 TV

742 4044 805 4092 S:
851 4055 919 4091 an
951 4045 1008 4089 tu
1038 4041 1168 4100 AB,
1212 4039 1332 4091 cod.
1371 4040 1728 4100 Genevensis3
1776 4051 1968 4089 vereor
2012 4052 2080 4088 ne
2120 4039 2172 4088 in
2205 4036 2548 4103 palimpsesto
2582 4036 2830 4090 Bobiensi
2864 4038 3077 4102 signum
3108 4038 3312 4091 litterae
3345 4054 3398 4090 m

737 4116 794 4165 in
829 4120 884 4165 m
915 4114 1260 4166 obscuratum
1297 4118 1381 4167 sit.
1439 4116 1516 4167 Cf.
1552 4120 1731 4167 tamen
1766 4113 2010 4179 Seyfferti
2046 4114 2200 4178 epist.
2237 4126 2291 4177 p.
2323 4113 2371 4161 7.
2412 4138 2467 4147 —
2523 4117 2761 4175 tantaque
2792 4116 2864 4165 A:
2903 4118 3050 4163 tanta
3083 4115 3241 4165 codd.
3279 4113 3393 4166 rell.

743 4193 798 4241 et
829 4190 888 4240 Ο.
932 4216 980 4227 -
1038 4191 1161 4239 dicis
1198 4203 1278 4241 me
1318 4192 1468 4255 titisse
1499 4191 1626 4241 TV:
1662 4205 1742 4241 me
1782 4189 1904 4239 dicis
1935 4190 1972 4251 f.
2010 4190 2075 4244 B:
2132 4188 2261 4237 dices
2290 4200 2370 4237 me
2399 4188 2438 4251 f.
2477 4189 2603 4247 A03
2658 4189 2782 4238 dicis
2809 4189 2961 4252 fuisse
2992 4191 3051 4240 R.
3107 4190 3396 4253 Seyffertus

700 4293 723 4320 x
743 4277 863 4330 pag.
900 4265 931 4314 8
964 4265 1200 4330 praefert
1230 4267 1360 4317 dices
1393 4265 1593 4316 collatis
1628 4265 1691 4317 iis
1724 4277 1862 4329 quae
1901 4262 2131 4314 Klotzius
2164 4263 2234 4313 ad
2269 4264 2526 4313 Catonem
2560 4264 2818 4314 maiorem
2852 4276 2905 4327 p.
2944 4265 3007 4314 96
3040 4277 3122 4328 sq.
3160 4264 3397 4329 disputa-

742 4341 845 4399 vit;
899 4342 955 4389 at
995 4352 1190 4390 vereor
1231 4353 1297 4390 ne
1340 4343 1399 4391 Α.
1435 4341 1626 4401 Maius,
1679 4353 1801 4390 cum
1848 4339 1979 4388 dices
2011 4337 2221 4389 dederit
2253 4337 2393 4388 nulla
2429 4337 2766 4389 adnotatione
2803 4336 3072 4402 subiecta,
3110 4353 3292 4390 errore
3327 4341 3396 4389 ita

744 4414 1032 4479 scripserit.
1073 4441 1128 4452 -
1179 4416 1259 4465 42.
1291 4416 1553 4477 privatum
1590 4429 1670 4465 me
1707 4427 1923 4479 regnare
1953 4415 1993 4464 B
2035 4442 2088 4451 -
2132 4416 2265 4477 quod
2295 4416 2494 4465 tandm
2524 4416 2721 4465 nomine
2753 4420 2873 4478 quot
2905 4415 2950 4463 V
2986 4441 3040 4451 -
3078 4414 3210 4477 quod
3238 4414 3313 4464 illi
3343 4416 3398 4465 in

743 4504 867 4552 quos
896 4492 935 4541 B
976 4516 1030 4525 -
1071 4490 1150 4540 43.
1186 4491 1362 4553 inquid
1393 4492 1456 4550 V,
1491 4492 1656 4554 inquis
1688 4493 1727 4541 B
1767 4518 1820 4528 —
1860 4492 2120 4553 dampnate·
2152 4490 2252 4541 TV
2290 4518 2343 4527 -
2381 4495 2551 4553 sperat
2581 4488 2666 4540 bis
2700 4489 2865 4541 habet
2896 4492 2937 4542 Τ
2973 4517 3029 4527 -
3067 4488 3148 4540 ⁴4.
3179 4490 3285 4540 abs.
3310 4491 3394 4553 iri]

743 4566 1086 4616 absonae-mun
1117 4566 1158 4615 B
1195 4591 1250 4600 —
1287 4566 1378 4616 hoc
1409 4567 1444 4616 S
1477 4579 1745 4631 superscr.
1782 4572 1977 4617 tantum
2011 4593 2065 4602 —
2104 4565 2402 4629 respondebo
2435 4568 2474 4616 Τ
2510 4569 2564 4617 et
2596 4566 2715 4618 cod.
2751 4567 2941 4619 Dresd.
2981 4591 3036 4601 -
3086 4565 3165 4613 ⁴5.
3203 4566 3257 4613 in
3289 4577 3397 4614 oos-

747 4643 857 4692 dom
888 4641 1018 4692 AV:
1054 4641 1109 4689 in
1141 4653 1224 4690 eos
1254 4640 1349 4691 TR
1387 4667 1444 4677 —-
1480 4642 1523 4691 si
1553 4655 1727 4692 verum
1758 4644 1831 4701 A,
1868 4641 2013 4707 quod
2048 4641 2293 4706 probavit
2325 4642 2580 4691 lordanus
2616 4640 2685 4691 ad
2718 4655 2798 4692 or.
2836 4655 2890 4706 p.
2928 4639 3154 4691 Caecina
3188 4651 3243 4703 p.
3282 4638 3395 4690 446.

746 4718 856 4781 Ego
890 4718 1069 4766 tamen
1102 4717 1383 4780 propterea
1418 4718 1658 4781 recipere
1694 4717 1863 4779 nolui,
1906 4717 2051 4780 quod
2084 4719 2221 4767 teste
2254 4716 2543 4767 Niebuhrio
2578 4717 2631 4767 iu
2664 4719 2902 4782 margine
2936 4712 3165 4777 exempli
3196 4714 3279 4765 sui
3310 4714 3396 4764 ed.

748 4792 923 4842 Garat.
959 4791 1011 4840 in
1046 4790 1166 4840 cod.
1193 4789 1439 4842 Bobieusi
1472 4792 1514 4841 si
1545 4792 1599 4841 id
1628 4805 1807 4842 uerum
1838 4793 2099 4856 scriptum
2135 4794 2233 4841 est.
2266 4818 2320 4828 —
2356 4792 2448 4841 hoc
2477 4805 2580 4841 non
2611 4793 2772 4843 esssB
2800 4820 2854 4830 —
2895 4792 2976 4842 46.
2999 4791 3199 4840 iuratus
3219 4791 3395 4841 ATV:

747 4867 917 4915 iurato
951 4865 985 4915 S
1018 4877 1093 4915 m.
1130 4878 1245 4930 pr.;
1293 4866 1489 4916 iuratos
1519 4868 1558 4917 B
1595 4869 1651 4918 et
1682 4869 1716 4917 S
1751 4880 1888 4918 corr.
1927 4892 1985 4904 —
2023 4867 2191 4917 dicam
2223 4867 2261 4916 B
2300 4895 2354 4905 -
2394 4869 2473 4918 47.
2509 4868 2703 4918 nullam
2735 4870 2804 4919 S:
2845 4868 2927 4918 uel
2956 4869 3024 4926 B:
3063 4879 3168 4918 om.
3204 4867 3305 4918 TV
3342 4893 3396 4903 -

742 4947 956 5006 propter
991 4942 1141 5005 [idom
1180 4941 1277 5004 clos.
1314 4947 1579 5004 eapectars
1610 4943 1649 4992 T
1694 4969 1748 4979 —
1803 4942 1900 5007 ⁴8„
1928 4943 2095 5005 inquis
2134 4955 2344 4992 causam
2379 4944 2666 5005 suscepisses
2695 4944 2735 4993 B
2772 4968 2828 4978 —-
2866 4942 2948 4994 49.
2983 4941 3121 5007 mihi]
3154 4943 3234 4992 hic
3262 4943 3303 4992 Β
3340 4968 3395 4977 -

748 5018 854 5067 iam
884 5017 975 5066 hoc
1007 5016 1094 5065 tibi
1127 5017 1242 5066 TS:
1279 5017 1386 5066 iam
1417 5017 1504 5067 tibi
1534 5018 1715 5077 hocV;
1755 5017 1840 5067 tibi
1871 5018 1978 5067 iam
2010 5018 2101 5067 hoc
2131 5018 2169 5067 B
2202 5044 2255 5052 —
2293 5020 2375 5068 20.
2412 5021 2663 5083 pravitate
2694 5018 2986 5069 tantav—
3021 5020 3394 5069 homimem.

749 5092 790 5142 B
826 5117 882 5127 —
919 5091 1001 5141 24.
1037 5091 1128 5141 hoc
1158 5090 1245 5141 tibi
1277 5092 1407 5142 idern
1437 5093 1614 5154 Tvs;
1652 5093 1739 5142 tibi
1770 5093 1862 5142 hoc
1892 5094 2022 5143 idem
2055 5094 2093 5143 B
2134 5120 2187 5128 —
2230 5094 2312 5143 22.
2349 5096 2599 5157 affuturos
2629 5096 2783 5144 TVS
2820 5120 2875 5130 -
2912 5092 2995 5146 24.
3030 5094 3086 5144 id
3116 5106 3223 5144 om.
3259 5094 3300 5143 Β
3338 5119 3393 5129 --

750 5166 953 5217 minime
984 5166 1072 5216 tibi
1101 5178 1292 5216 necesse
1319 5166 1417 5229 fuit
1446 5168 1493 5217 V
1528 5195 1583 5204 —
1620 5168 1703 5218 25.
1739 5168 1940 5218 noluisti
1974 5171 2012 5219 B
2051 5195 2106 5204 —
2159 5182 2238 5219 me
2269 5170 2486 5235 tortium]
2519 5169 2801 5220 metr-icium
2831 5170 2878 5219 V
2913 5195 2967 5207 —
3004 5170 3088 5220 27.
3123 5182 3290 5233 repom
3319 5181 3398 5219 ms

753 5250 852 5290 osse
885 5240 953 5297 νς
989 5253 1091 5291 esse
1119 5252 1288 5306 repom
1318 5254 1397 5292 ms
1425 5242 1467 5292 B
1504 5267 1558 5279 —
1596 5242 1679 5293 28.
1718 5244 1955 5307 quoniam
1987 5244 2114 5294 TV:
2162 5244 2286 5309 quia
2314 5245 2551 5308 B(7)RO
2587 5270 2643 5281 —
2680 5244 2761 5295 ais
2790 5245 2859 5295 T:
2897 5244 3010 5311 apis
3039 5245 3101 5304 V;
3135 5244 3213 5294 vis
3243 5243 3360 5295 ΒΟ.
