4009 6159
515 1221 856 1310 ORATIONUM
884 1222 1336 1311 PHILIPPICARUM

664 1440 817 1514 LIBER
836 1439 1184 1518 nuonncmus„

855 1665 983 1677 ——q

348 1837 372 1899 1.
395 1831 424 1897 l.
452 1835 521 1898 Etsi
548 1833 676 1898 minime
704 1833 816 1898 decere
838 1832 975 1910 videtur,
1003 1840 1109 1917 patres
1130 1833 1317 1916 conscripti,
1346 1833 1428 1907 falli,
1461 1832 1580 1914 decipi,

265 1951 369 1996 errare
399 1949 489 2004 eum,
517 1929 566 1992 cui
589 1947 645 1991 vos
675 1927 819 1992 maximis
842 1947 935 2013 saepe
958 1927 998 1991 dc
1018 1927 1113 1991 rohas
1134 1927 1404 2003 assentiabamini,
1435 1927 1581 1991 consolor

263 2046 314 2088 me
335 2032 455 2098 tamen,
479 2021 628 2106 quoniam
649 2020 811 2085 vobiscum
833 2022 949 2104 pariter
971 2029 1003 2085 et
1023 2041 1087 2084 una
1108 2041 1180 2086 enm
1201 2021 1432 2104 sapientissimo
1452 2020 1581 2084 consule

263 2119 376 2184 erravi.
411 2118 489 2180 Nam
512 2135 583 2178 cum
606 2114 669 2178 duo
692 2115 874 2178 consulares
897 2134 985 2197 spem
1007 2114 1159 2178 honestae
1181 2116 1268 2197 pacis
1288 2114 1379 2178 nohis
1393 2112 1582 2186 attulissent,

263 2211 348 2298 quod
380 2216 470 2274 erant
495 2207 664 2272 familiares
685 2209 727 2272 ld.
749 2207 896 2282 Antonii,
924 2207 1012 2292 quod
1036 2207 1219 2283 domestici,
1247 2227 1340 2272 nosse
1361 2206 1491 2292 aliquod
1513 2207 1604 2270 eiust

261 2305 393 2380 vulnus,
422 2303 507 2383 qnod
538 2301 630 2365 nohis
658 2301 800 2385 ignotum
830 2309 931 2376 esset,
962 2301 1159 2364 videbantur.
1197 2300 1290 2384 Apud
1322 2301 1454 2365 alterum
1482 2319 1581 2376 uxor,

262 2399 371 2466 liberi:
399 2395 479 2460 alter
501 2396 643 2478 quotidie
674 2395 792 2459 litteras
814 2395 956 2470 mittere,
984 2395 1130 2478 accipere
1137 2440 1147 2471 ,
1176 2402 1285 2478 aperte
1306 2394 1411 2459 lavere
1431 2394 1582 2458 Antonio·

262 2493 292 2560 2.
314 2493 356 2556 lli
386 2489 491 2554 subito
518 2489 639 2552 hortari
660 2488 701 2553 ad
727 2509 853 2572 pacem,
885 2487 1058 2572 quodiam
1081 2488 1135 2553 diu
1157 2509 1223 2553 non
1243 2488 1406 2562 iecissent,
1429 2507 1492 2550 non
1513 2487 1582 2550 sine

263 2607 359 2653 causa
379 2583 576 2651 ridebantur.
611 2585 753 2648 Accessit
773 2582 885 2646 consul
905 2583 1057 2646 hortator.
1093 2584 1134 2647 At
1157 2582 1210 2667 qni
1233 2582 1361 2646 consull
1390 2580 1423 2644 Si
1445 2578 1583 2664 pruden-

262 2684 336 2746 tiam
360 2677 557 2763 quaerimus,
580 2679 636 2762 qui
658 2678 785 2741 minime
807 2675 873 2740 salli
895 2683 1019 2760 posset:
1040 2677 1069 2740 si
1085 2677 1251 2750 virtutem,
1272 2675 1326 2759 qui
1340 2674 1458 2738 naham
1472 2687 1620 2756 pacemto

260 2775 409 2860 probaret
430 2771 491 2835 nisi
513 2771 705 2834 concedente
726 2778 820 2853 atque
842 2771 943 2836 ricto:
965 2771 992 2835 si
1014 2771 1265 2854 magnitudinem
1283 2770 1397 2845 animi,
1419 2771 1475 2854 qni
1495 2788 1584 2853 prac-

262 2869 358 2934 ferret
380 2873 512 2932 mortem
535 2865 688 2928 servituti.
724 2866 789 2928 Vos
811 2873 933 2940 autem,
960 2873 1066 2948 patres
1088 2865 1276 2951 conscripti,
1303 2885 1367 2929 non
1389 2871 1453 2929 tam
1473 2863 1584 2926 imme·

239 2983 365 3027 ¹mores
386 2967 561 3025 vacuorum
583 2959 838 3042 gravissimorum
861 2959 1058 3023 decretorum
1080 2958 1289 3033 videbamini,
1312 2979 1406 3043 quam
1421 2977 1477 3041 spe
1490 2958 1585 3020 allata

262 3055 450 3128 deditionis,
481 3073 576 3137 quam
599 3053 691 3117 amici
720 3073 829 3136 pacem
852 3052 1012 3139 appellare
1033 3053 1177 3127 mallent,
1206 3053 1246 3116 de
1274 3051 1489 3137 imponendis,
1518 3070 1583 3114 non

262 3147 455 3232 accipiendis
478 3147 600 3230 legibus
622 3148 771 3230 cogitare.
807 3147 946 3211 Auxerat
967 3155 1072 3212 autem
1093 3167 1195 3210 meam
1217 3147 1346 3231 quidem
1368 3168 1467 3232 spem,
1489 3145 1620 3209 creton

260 3243 337 3306 item
359 3249 505 3314 vestram,
528 3241 614 3322 quod
638 3241 765 3304 domum
783 3241 911 3304 Antonii
928 3241 1076 3305 alilictam
1091 3240 1247 3304 maestitia
1261 3242 1441 3315 audiebam,
1465 3242 1583 3306 lamen-

261 3336 320 3400 tari
343 3354 481 3398 uxorem.
515 3333 575 3397 llic
598 3334 692 3398 etiam
712 3334 852 3397 fautores
867 3336 1014 3408 Antonii,
1037 3355 1171 3416 quorum
1188 3335 1225 3396 in
1240 3335 1329 3398 vultu
1342 3335 1485 3399 habitant
1499 3334 1582 3400 ocnli

260 3429 338 3502 mei,
362 3428 513 3490 tristiores
535 3427 690 3490 videbam.
728 3425 758 3490 3.
782 3427 874 3503 Quod
897 3429 925 3492 si
947 3450 1011 3492 non
1033 3431 1077 3491 ita
1100 3436 1166 3503 est,
1188 3448 1243 3491 cur
1256 3448 1275 3491 a
1290 3430 1404 3493 Pisone
1419 3437 1452 3492 et
1466 3428 1582 3492 Caleno

261 3522 480 3609 potissimum,
503 3542 558 3584 cnr
580 3521 640 3584 hoc
663 3529 814 3606 tempore,
837 3530 977 3586 curtam
998 3523 1180 3606 improviso,
1202 3542 1257 3586 cur
1272 3529 1334 3586 tam
1352 3530 1482 3605 repente
1496 3522 1583 3604 pacis

263 3625 311 3680 est
333 3616 413 3680 facta
436 3615 581 3678 mentio‘l
609 3617 709 3698 Negat
729 3616 803 3679 Piso
826 3615 905 3679 scire
928 3635 979 3691 se,
1008 3622 1102 3697 negat
1124 3615 1251 3680 audisso
1273 3617 1464 3701 quidquam,
1490 3622 1620 3698 negatio

264 3710 399 3774 Calenus
421 3727 487 3772 rem
508 3707 606 3772 ullam
627 3729 742 3773 novam
765 3710 891 3773 allatam
914 3730 995 3773 esse.
1031 3710 1134 3795 Atque
1156 3711 1188 3775 id
1210 3733 1295 3775 nunc
1317 3719 1447 3794 negant,
1473 3718 1584 3795 postea

266 3823 361 3888 quarn
384 3823 443 3868 nos
465 3798 678 3885 pacificatoria
699 3803 857 3885 legatione
878 3804 1055 3888 implicatos
1077 3813 1199 3890 putant.
1232 3805 1318 3883 Quid
1340 3826 1414 3889 erqo
1434 3824 1514 3889 opns
1536 3811 1584 3868 est

261 3917 346 3962 novo
375 3896 526 3972 consilio,
556 3896 583 3959 si
613 3897 646 3959 in
675 3915 709 3960 re
737 3897 816 3960 nihil
844 3898 973 3962 omnino
995 3899 1070 3962 novi
1092 3903 1166 3963 esti
1208 3901 1247 3963 11.
1267 3900 1417 3983 Decepti,
1446 3899 1583 3983 decepti,

262 3990 409 4076 inquam,
432 4009 556 4067 snmus,
578 3997 683 4075 patres
705 3991 893 4076 conscripti:
916 3992 1046 4056 Antonii
1068 3998 1116 4057 est
1136 4000 1206 4057 acta
1220 4013 1314 4058 cansa
1328 3993 1368 4058 ah
1381 3992 1490 4057 amicis
1504 3992 1584 4070 eins,

326 4340 350 4390 i.
366 4339 431 4404 sotii.
449 4338 537 4401 nnn.
555 4337 610 4410 sotii
627 4339 638 4388 t
655 4362 682 4373 —
701 4337 726 4388 2.
745 4339 943 4390 cuentnbomini
959 4343 985 4390 t:
1003 4341 1175 4391 nnmticmisn
1191 4340 1307 4405 angio
1323 4369 1356 4381 -
1371 4341 1397 4393 ³.
1415 4347 1498 4394 tenni
1513 4356 1583 4393 ntea

263 4425 580 4464 -nnoeninoma-
599 4412 1141 4466 5.oninaseinst-6.aidcnntnrt—
1163 4415 1415 4481 aconcinqt-
1434 4418 1585 4480 succinos

260 4515 294 4526 -
310 4488 334 4538 o.
353 4492 381 4538 at
397 4487 452 4550 qais
468 4489 493 4548 i;
511 4492 565 4549 ctq;
583 4489 593 4536 t
611 4512 638 4522 -
659 4488 698 4538 it.
717 4491 861 4542 concedente
878 4492 902 4541 i:
921 4492 1061 4542 concedenti
1077 4489 1108 4550 ῦς
1126 4491 1224 4542 cedente
1240 4504 1296 4554 ag;
1313 4492 1419 4544 Antonio
1435 4492 1531 4542 cedente
1547 4493 1584 4543 i0

262 4588 289 4600 -
304 4563 343 4613 li.
361 4577 412 4612 non
427 4561 667 4620 nonantulam
683 4576 733 4612 non
750 4576 806 4627 g-
826 4565 866 4616 43.
885 4578 961 4626 qnam
977 4579 1032 4628 nepe
1047 4565 1128 4615 αῑὶαια
1142 4570 1178 4615 est
1194 4565 1283 4615 deditio
1299 4568 1326 4616 in
1342 4567 1482 4617 omini-
1501 4567 1585 4618 muta

261 4637 377 4690 Ursinus.
399 4665 425 4674 -
449 4636 489 4688 il.
508 4638 668 4688 dedicationis
684 4637 703 4688 h
721 4665 748 4676 -
768 4641 895 4702 oppetiere
910 4641 1012 4690 mutent
1027 4639 1119 4692 Scala:
1142 4639 1294 4702 appionem
1310 4642 1385 4692 niieni
1402 4643 1452 4703 at;
1472 4643 1585 4706 appetio-

260 4718 316 4763 rsnt
332 4714 407 4763 othni
423 4711 480 4776 hg,
499 4713 653 4775 appellarent
668 4726 690 4763 c.
709 4713 785 4764 othni
801 4715 826 4774 i;
845 4715 998 4777 oppetierant
1015 4718 1034 4766 0
1052 4729 1113 4767 cum
1128 4717 1211 4778 Naug.
1225 4743 1252 4754 -
1271 4730 1321 4766 non
1337 4718 1370 4767 D:
1392 4731 1443 4768 non
1459 4719 1489 4768 dc
1504 4720 1540 4769 10
1553 4743 1581 4756 -

261 4789 301 4838 ii.
320 4789 392 4839 credo
413 4793 523 4838 nestram
547 4789 637 4838 iterum
662 4791 672 4838 t
694 4815 721 4824 -
750 4790 789 4840 to.
808 4789 942 4840 lamentari
963 4793 1078 4854 warenn]
1102 4793 1246 4856 ssnspicor
1267 4791 1310 4844 hic
1330 4792 1429 4857 aliquid
1445 4793 1582 4854 excidisse,

261 4863 333 4926 qnod
358 4865 392 4914 sit
416 4877 449 4913 ex
473 4861 568 4912 eodem
590 4876 696 4926 genere.
715 4863 793 4914 ninris
811 4863 953 4928 abruptum
972 4867 1013 4916 est
1028 4866 1093 4926 hoc;
1119 4867 1185 4916 inira
1204 4868 1310 4931 quidem
1327 4868 1399 4918 liberi
1415 4881 1583 4920 commemo-

260 4941 377 4988 rantur.»
395 4939 514 4998 Ennrsrr,
533 4938 607 4988 cuius
624 4940 753 4989 sententia
771 4939 848 4989 nohis
865 4939 1034 5004 probatur.-
1053 4943 1092 4992 tl.
1111 4943 1167 4992 hinc
1183 4943 1191 4993 i
1210 4971 1237 4979 -
1257 4943 1296 4994 ⁴8.
1309 4948 1345 4994 est
1360 4956 1413 4995 om.
1428 4948 1439 4994 t
1458 4973 1485 4981 -
1503 4949 1527 4994 st
1542 4945 1579 4994 D:

260 5017 283 5063 et
299 5025 317 5061 a
334 5013 371 5062 io
385 5038 412 5048 -
432 5011 472 5062 49.
490 5014 617 5075 inprouiso
635 5016 670 5078 gt
684 5043 718 5053 -
734 5015 775 5064 20.
793 5017 862 5078 [ncta
879 5022 913 5066 cst
929 5018 940 5065 t
959 5043 985 5054 -
1003 5023 1078 5080 nequi
1093 5017 1145 5080 ipse
1161 5017 1217 5080 piso
1233 5031 1249 5082 g
1272 5044 1299 5055 -
1321 5020 1427 5070 rescire
1441 5024 1516 5083 ποσαί
1533 5032 1583 5067 on·

260 5089 314 5138 dire
330 5089 363 5138 ai
381 5113 408 5124 -
429 5087 562 5150 quicquum
580 5091 646 5148 mei,
671 5092 700 5140 ut
715 5102 832 5153 semper.
854 5117 880 5127 —
900 5081 1165 5156 aspernationes
1183 5119 1211 5130 -
1234 5095 1366 5157 inpticntos
1385 5108 1402 5159 g
1423 5120 1450 5130 -
1478 5093 1519 5143 23.
1538 5093 1582 5142 de-

259 5163 322 5226 cepti
338 5161 421 5214 semel
439 5162 538 5214 habeut
555 5165 620 5224 ait,
639 5164 697 5216 lori.
715 5169 802 5226 recte,
822 5167 850 5215 ut
866 5167 973 5230 decepti,
993 5168 1097 5230 inquom
1112 5169 1146 5219 ad
1164 5170 1265 5222 initium
1282 5171 1406 5223 orationis
1423 5167 1537 5227 coleram
1555 5180 1580 5218 v.

259 5238 380 5302 Madvigii
398 5238 494 5304 Opusc.
512 5240 537 5304 l,
556 5251 582 5304 p.
602 5240 659 5291 ici.
680 5267 705 5280 -
726 5239 767 5297 ἥ.
786 5245 862 5293 encta
878 5254 903 5290 a.
