4009 6159
665 537 739 604 cr».
761 534 979 605 nun-tx.
1007 534 1054 622 ss
1076 532 1268 603 tae-saa.
1564 532 1627 599 sae

297 711 457 794 invisique
485 708 665 772 fuerimus?
701 708 783 771 LIX.
804 708 961 791 Equidem
991 708 1138 773 existimo
1169 708 1294 771 nullum
1322 714 1450 790 tempus
1475 726 1546 770 esse
1567 704 1630 770 fre·

298 805 477 890 quentioris
498 802 628 887 populi,
651 823 746 887 quam
761 802 841 867 illud
855 802 1094 884 gladiatorium,
1117 821 1224 886 neque
1237 801 1397 865 contionis
1411 800 1510 865 ullius
1523 821 1629 885 neque

300 917 376 963 vero
397 898 536 961 ullorum
559 896 770 959 comitiorum.
805 897 892 959 Haec
910 897 1006 978 igitur
1019 896 1258 959 innumerabilis
1272 896 1437 959 hominum
1451 893 1630 968 multitudo,

298 994 377 1057 haec
407 992 519 1075 populi
541 992 676 1053 Romani
697 998 784 1053 tanta
807 985 997 1072 significatio
1019 990 1089 1053 sine
1111 989 1178 1054 ulla
1199 989 1349 1053 sarietme
1371 988 1528 1062 univemi,
1556 1008 1630 1051 cum

298 1087 361 1149 illis
389 1086 467 1170 ipsis
496 1085 608 1148 diebus
637 1086 677 1147 de
700 1104 750 1148 me
772 1090 876 1147 actum
897 1082 936 1144 iri
958 1090 1139 1165 putaretur,
1171 1082 1248 1165 quid
1272 1082 1444 1147 declaravit
1464 1081 1654 1167 nisiiopti·t

299 1199 422 1243 morum
452 1179 567 1242 civium
599 1178 732 1241 salutem
760 1184 793 1241 et
820 1176 1006 1258 dignitatem
1034 1176 1155 1260 populo
1177 1178 1318 1241 Romano
1340 1196 1445 1267 caram
1468 1168 1631 1267 esselnni·
1731 1182 1828 1265 ,ssd

298 1274 414 1337 verso?
451 1267 523 1334 496.
546 1274 586 1334 At
615 1292 691 1334 vero
714 1271 768 1335 ille
790 1279 935 1354 praetor,
966 1270 1022 1351 qui
1044 1268 1084 1333 de
1106 1290 1157 1333 me
1179 1289 1244 1333 non
1267 1270 1382 1352 patris,
1412 1272 1479 1347 avi,
1509 1272 1630 1356 proavi,

298 1368 455 1430 maiorum
477 1364 617 1448 denique
640 1384 769 1428 sucrum
783 1363 941 1439 omnium,
965 1363 1022 1427 sed
1037 1364 1266 1429 Graeculorum
1288 1363 1430 1429 iustittsto
1448 1367 1631 1431 contionem

298 1462 494 1542 interrogare
515 1458 655 1533 solebat,
683 1459 820 1521 velletne
849 1479 899 1521 me
924 1459 1047 1533 redire,
1076 1465 1108 1522 et
1129 1479 1202 1522 cum
1225 1465 1292 1522 erat
1311 1457 1515 1524 reclamatum
1537 1461 1631 1523 semi·

298 1556 379 1619 visis
407 1553 697 1617 mercennariorum
727 1552 874 1627 vocibus,
904 1553 1061 1635 populum
1089 1554 1265 1617 Romanum
1295 1572 1410 1636 negare
1433 1552 1572 1617 dicebat:
1593 1554 1669 1627 iaso

298 1668 372 1713 cum
400 1646 544 1731 quotidie
574 1645 766 1728 gladiatores
788 1654 962 1729 spectaret,
990 1666 1162 1730 numquam
1186 1653 1234 1711 est
1255 1654 1458 1729 conspectus,
1484 1668 1557 1711 cum
1579 1668 1631 1710 vc·

298 1744 390 1806 niret.
430 1739 619 1822 Emergebat
648 1740 771 1814 subito,
799 1759 871 1802 cnm
900 1740 958 1803 sub
986 1738 1111 1803 tabulas
1140 1739 1355 1825 subnecteret,
1386 1747 1423 1803 ut
1452 1750 1571 1805 amator
1599 1750 1630 1805 te

297 1836 444 1919 appello»
475 1834 617 1898 dicturus
639 1832 809 1897 videretur.
852 1834 964 1918 ltaque
986 1833 1115 1897 illaria
1138 1833 1344 1909 latebrosior,
1372 1853 1436 1918 qna
1456 1841 1630 1918 spectatum

297 1930 353 1993 ille
375 1927 538 2003 veniebat,
560 1926 663 2010 Appia
683 1927 745 1989 iam
767 1927 948 1991 vocabatur.
983 1926 1046 2003 Qui
1067 1935 1174 1991 tamen
1190 1947 1324 2012 quoquo
1340 1935 1485 2010 tempore
1498 1948 1632 2010 conspe·

298 2033 368 2087 ctus
390 2031 471 2096 erat,
500 2042 565 2085 non
587 2021 681 2083 modo
703 2020 912 2103 gladiatores,
946 2021 1004 2085 sed
1033 2021 1109 2105 equi
1139 2022 1203 2104 ipsi
1225 2021 1435 2104 gladiatorum
1457 2022 1631 2106 repentinis
1641 2036 1670 2081 se

297 2117 399 2181 sibilis
422 2115 681 2180 extimescebant
726 2110 797 2177 tat.
820 2115 983 2179 Videtisne
1008 2115 1121 2197 igitur,
1151 2123 1305 2199 quantum
1327 2116 1452 2179 intersit
1471 2115 1556 2179 inter
1575 2135 1632 2201 po·

296 2211 410 2295 pulum
437 2211 613 2274 Romanum
642 2216 674 2273 et
703 2209 909 2273 contionem?
940 2208 1088 2272 dominos
1110 2210 1295 2272 contionum
1317 2209 1406 2272 omni
1425 2208 1499 2273 odio
1521 2208 1632 2293 populi

298 2304 425 2369 notarii
449 2302 565 2387 quibus
587 2308 693 2365 autem
715 2302 889 2366 consistere
912 2304 945 2365 in
967 2322 1136 2386 operarum
1151 2302 1352 2366 contionibus
1365 2322 1432 2368 non
1449 2301 1556 2379 liceat,
1577 2322 1633 2367 eos

299 2400 385 2462 omni
408 2396 519 2480 populi
541 2396 675 2459 Romani
701 2392 930 2478 significatione
954 2395 1123 2461 decorarit

382 2492 431 2553 'ln
459 2490 537 2553 mibi
567 2490 662 2553 etiam
692 2491 734 2552 Μ.
757 2490 888 2553 Atilium
909 2490 1064 2573 Regulum
1086 2510 1330 2565 commemoras,
1358 2492 1415 2575 qui
1436 2492 1539 2556 redire
1562 2493 1670 2576 ipsese

297 2583 524 2667 Karthaginem
546 2602 604 2647 sua
627 2582 788 2646 voluntate
809 2584 850 2646 ad
872 2584 1081 2668 supplicium,
1104 2605 1200 2668 wem
1222 2585 1289 2649 siae
1307 2585 1347 2648 iis
1362 2585 1506 2669 captivis,
1526 2588 1632 2670 aqui·

275 2679 357 2741 bus
386 2678 427 2741 ad
456 2682 601 2740 senatum
631 2676 748 2740 missus
775 2685 857 2752 erat,
887 2679 1005 2741 Romae
1034 2698 1161 2743 manere
1189 2679 1353 2753 maluerit,
1382 2679 1513 2744 etmihi
1535 2700 1632 2763 negas

297 2772 472 2855 optandum
501 2769 638 2834 reditum
667 2770 766 2835 luisse
796 2790 854 2854 per
874 2771 1011 2835 familias
1032 2783 1230 2855 comparatas
1252 2778 1285 2835 et
1305 2771 1452 2835 homines
1472 2776 1632 2838 armatos?

299 2867 365 2929 tx.
388 2866 460 2929 Vim
482 2864 605 2931 scilicet
627 2884 686 2947 eqo
709 2864 903 2940 desiderari,
928 2867 999 2949 qui,
1023 2866 1100 2929 dum
1121 2866 1171 2928 vis
1190 2864 1269 2940 luit,
1292 2864 1373 2927 nihil
1389 2865 1455 2949 eqi,
1478 2875 1632 2951 atquem,

298 2961 325 3023 si
347 2960 396 3023 vis
418 2979 483 3023 uon
505 2957 634 3032 luisset,
656 2958 744 3022 nulla
765 2978 816 3023 res
839 2957 1030 3023 labefactare
1051 2960 1219 3043 potuisset.
1262 2955 1334 3021 l28.
1356 2959 1449 3023 Hanc
1471 2981 1530 3045 eqo
1548 2961 1669 3024 redi-at

298 3062 365 3117 tum
388 3052 606 3137 repudiarem,
629 3053 684 3134 qui
706 3052 750 3116 ita
771 3053 888 3115 florens
911 3051 987 3127 tuit,
1015 3059 1052 3115 ut
1073 3072 1201 3127 verear,
1224 3072 1264 3115 nc
1285 3052 1342 3136 qui
1364 3071 1415 3115 me
1438 3054 1545 3119 studio
1564 3055 1633 3139 qlo-

298 3150 363 3211 riae
385 3153 477 3231 putet
498 3145 617 3209 idcirco
640 3148 762 3221 exisse,
791 3155 827 3209 ut
847 3147 890 3210 ita
912 3146 1069 3210 redirem?
1100 3146 1204 3222 Quem
1226 3148 1311 3210 enim
1332 3166 1484 3230 nmquam
1505 3157 1633 3213 senatus

299 3242 400 3307 civem
423 3240 557 3303 nisime
580 3238 763 3305 nationibus
786 3241 904 3305 exteris
926 3239 1182 3305 commendavit?
1212 3241 1304 3304 cuius
1332 3260 1483 3324 umquam
1502 3250 1634 3327 propter

299 3334 432 3399 salutem
463 3334 525 3398 nisi
553 3353 656 3397 meam
688 3343 817 3399 senatus
847 3334 973 3417 publice
1003 3335 1098 3398 sociis
1120 3334 1230 3417 populi
1252 3334 1386 3399 Romani
1405 3337 1523 3417 gratias
1544 3337 1632 3419 egit?

299 3431 347 3491 De
368 3447 419 3491 me
443 3447 507 3491 uno
522 3435 628 3511 patres
642 3428 814 3511 conscripti
830 3428 1057 3504 decreverunt,
1079 3437 1131 3503 ut,
1154 3430 1209 3513 qui
1222 3429 1400 3512 provincias
1414 3449 1485 3493 cum
1500 3430 1671 3514 impertae

299 3522 495 3595 obtinerent,
525 3520 579 3604 qui
610 3528 796 3605 quaestores
825 3521 987 3606 legatique
1010 3530 1133 3596 essent,
1163 3522 1297 3587 salutem
1320 3530 1353 3586 et
1374 3522 1471 3588 vitam
1492 3525 1634 3589 custodi·

298 3624 378 3679 rent.
418 3616 455 3678 ln
485 3632 550 3677 una
577 3620 648 3679 mea
677 3635 773 3679 causa
804 3624 876 3698 post
898 3617 1030 3679 Romam
1052 3615 1210 3681 conditam
1231 3617 1347 3681 factm
1369 3625 1434 3693 est,
1464 3626 1499 3683 ut
1519 3619 1633 3684 litteris

299 3708 517 3773 consularibus
545 3728 585 3771 ex
614 3715 744 3772 senatus
766 3711 911 3773 consulto
938 3718 1053 3774 cuncta
1074 3730 1116 3774 ex
1137 3711 1229 3775 ltalia
1250 3731 1377 3787 omnes,
1408 3712 1553 3795 quirem
1575 3734 1633 3796 pu·

299 3804 414 3867 blicam
437 3802 556 3866 salvam
578 3802 714 3878 vellent,
748 3813 1008 3867 convocarentur.
1046 3804 1139 3881 Quod
1162 3826 1335 3890 numquam
1357 3812 1486 3869 senatus
1507 3808 1541 3870 in
1562 3808 1634 3871 uni·

299 3916 408 3961 versae
430 3897 476 3960 rei
498 3896 647 3980 publicae
670 3898 814 3981 periculo
832 3898 987 3974 decrerit,
1009 3899 1042 3962 id
1057 3899 1092 3961 in
1105 3901 1200 3963 unius
1216 3918 1287 3965 mea
1301 3899 1403 3964 selme
1417 3900 1670 3965 conservandam

300 3990 533 4055 decernendum
555 3990 688 4073 putavit.
719 3990 823 4067 Quem
845 3994 934 4055 curia
956 3993 1056 4075 magis
1077 3994 1266 4077 requisivit?
1290 4013 1386 4078 quem
1406 3993 1509 4059 lorum
1528 3995 1631 4058 luxit‘l

301 4104 396 4169 quem
415 4104 518 4168 aeque
540 4083 610 4167 ipsa
631 4084 799 4150 tribamalia
814 4084 1097 4151 desideraverunt?
1121 4086 1235 4153 Omnia
1250 4088 1393 4152 discessu
1407 4108 1479 4153 meo
1496 4087 1632 4165 deserta,

457 4268 471 4273 -
501 4266 693 4275 ——--—-—-.⁴-.
715 4269 720 4274 .
750 4268 1025 4276 ---·---·---a-—.-.—

364 4403 388 4455 t.
406 4403 517 4455 aneae
532 4404 660 4454 omfl-
679 4404 704 4453 e.
722 4408 882 4467 caturcorum
898 4406 916 4454 Ρ
931 4430 958 4441 -
977 4405 1057 4455 aaa
1069 4410 1175 4468 prester
1190 4406 1234 4467 qus·
1245 4405 1385 4456 Garatoni:
1403 4404 1440 4457 tto
1456 4408 1630 4471 a.a.qast³;

298 4479 472 4543 tticum
489 4479 567 4542 (corr.
585 4478 689 4541 44444ρωῖ
707 4481 742 4540 G;
760 4480 981 4543 ttbutbaessot.
1001 4480 1110 4544 qastho
1129 4508 1157 4520 -·
1176 4482 1218 4532 to.
1234 4482 1467 4533 momentonea
1483 4484 1545 4535 PG:
1564 4496 1632 4535 saer·

299 4555 458 4605 coemeram
474 4555 494 4606 0
513 4578 541 4591 -
560 4554 601 4603 tt.
620 4554 803 4606 cottds'osP—
824 4555 864 4606 lb.
882 4554 1033 4617 toltum,
1052 4557 1098 4620 qul
1114 4555 1630 4621 messanensem-suessam.-

299 4628 793 4682 tactetowssmtewacatara-
811 4630 1002 4683 western:
1022 4630 1499 4694 marmroottaaeatroart-
1519 4630 1634 4695 ttqao-

300 4718 349 4766 qao
365 4706 385 4756 Ρ
402 4717 472 4755 corr.
492 4718 528 4757 m.
547 4708 563 4756 2
581 4718 614 4757 ex
630 4718 693 4767 quc:
713 4717 746 4768 qq
763 4718 825 4756 cum
841 4704 920 4757 lint}
938 4734 965 4743 —
985 4708 1027 4758 te.
1045 4712 1081 4757 set
1097 4708 1158 4758 Ρ-
1177 4706 1219 4757 46.
1235 4706 1333 4758 areas
1348 4705 1633 4771 osawesentergius

300 4782 336 4844 (p.
348 4780 381 4829 te
397 4780 484 4844 sqq.):
503 4781 600 4831 mersit
616 4793 670 4831 om.
689 4780 781 4841 codd-3
802 4784 865 4846 post
879 4784 1019 4833 conamen
1034 4779 1136 4831 babent
1152 4779 1214 4831 cdd.
1229 4806 1257 4817 -
1276 4781 1317 4831 47.
1334 4783 1477 4833 coactm
1492 4786 1515 4833 et
1531 4782 1598 4833 dom.
1611 4786 1632 4833 G

302 4880 329 4889 -
348 4855 389 4905 48.
408 4855 500 4917 omae]
517 4856 562 4906 boc
579 4858 599 4906 c
617 4868 667 4921 per
684 4856 882 4921 compendium.
904 4885 931 4895 -
950 4858 992 4909 20.
1008 4856 1123 4908 buitim
1139 4856 1159 4905 0
1177 4881 1205 4891 -
1224 4856 1266 4906 at.
1284 4857 1456 4922 stornatum
1471 4858 1501 4919 Ρ,
1518 4859 1633 4923 certent·

299 4930 992 4997 aeaG—mcaP-deqatbuscod.tttttrsint.
1013 4959 1040 4971 -
1063 4930 1632 4985 aa.aotuesso-et.attarac-re

299 5008 379 5058 &aaa
395 5020 439 5071 eqo
456 5008 484 5069 P,
502 5006 552 5057 sed
568 5008 649 5071 siguis
666 5007 874 5072 transpositionts
892 5009 903 5057 4
922 5020 958 5059 m.
971 5008 1092 5059 adiectis.
1106 5033 1134 5045 -
1153 5007 1195 5057 24.
1213 5020 1245 5057 ne
1260 5007 1304 5070 qst
1320 5005 1450 5058 Klotzius:
1468 5020 1501 5057 sss
1516 5008 1577 5070 Μ
1592 5009 1630 5070 1²¹,

298 5082 506 5146 asquisP’GO
525 5107 553 5117 -
572 5081 800 5145 aequamur
820 5106 848 5119 -
866 5082 1032 5147 squamea
1049 5083 1260 5135 -ssttoml’ttz
1278 5080 1534 5145 cttommmbo,
1551 5083 1629 5149 prob.

302 5156 397 5209 tacebo
414 5172 439 5224 p.
452 5159 510 5209 722.
533 5160 567 5209 at
584 5172 610 5209 v.
628 5157 717 5209 adnot.
736 5160 854 5209 nostram
872 5160 898 5211 in
915 5158 959 5210 ed.
978 5158 1049 5224 Lips.
1068 5172 1093 5209 a.
1106 5158 1180 5211 ⁴853.
1195 5182 1223 5197 -
1243 5158 1283 5212 bb.
1300 5159 1419 5223 focauott
1434 5160 1454 5209 P
1473 5184 1501 5196 ··
1518 5156 1561 5211 34.
1578 5156 1631 5208 sot-

299 5232 566 5285 eosnsassaettenttt
586 5234 871 5285 -sosaoesrentt‘o
