4009 6159
683 617 758 683 cn.
778 616 984 681 xx-xxr.
1010 613 1068 700 gg.
1083 588 1230 679 rii-co.
1554 610 1617 679 rra

290 794 413 862 autem,
435 786 492 851 illc
513 785 674 871 prolecto,
697 786 785 851 Sulla
806 792 995 870 procurante
1017 788 1087 851 eius
1109 807 1176 851 rem
1198 793 1231 850 et
1251 791 1397 869 gerente,
1418 784 1565 869 plurimis
1586 794 1619 850 et

289 881 511 968 pulcherrimis
533 883 567 944 P.
583 882 667 946 Sittii
689 881 828 964 praediis
850 881 1003 955 venditis,
1025 901 1080 944 aes
1101 880 1239 943 alienum
1261 879 1405 942 eiusdem
1419 885 1469 942 est
1482 877 1618 942 dissolu-

291 985 374 1052 tum;
405 982 455 1049 ut,
488 996 571 1059 quae
600 995 696 1039 causa
724 982 846 1038 ceteros
868 973 909 1037 ad
928 974 1050 1037 lacinus
1071 974 1214 1056 impulit,
1247 972 1405 1056 cupiditas
1432 971 1618 1035 retinendae

291 1070 521 1153 possessionis,
552 1089 589 1133 ea
615 1070 709 1132 Sittio
739 1087 805 1131 non
832 1067 944 1142 luerit,
977 1068 1115 1151 praediis
1145 1066 1323 1130 deminutis.
1373 1062 1424 1129 57.
1452 1068 1519 1128 lam
1541 1086 1617 1129 vero

290 1164 370 1227 illud
393 1184 489 1248 qnam
510 1162 715 1238 incredibile,
739 1180 834 1246 wem
855 1161 1046 1236 absurdum,
1069 1161 1125 1244 qui
1139 1163 1256 1224 Romae
1274 1160 1403 1223 caedem
1417 1158 1540 1233 lacere,
1562 1158 1645 1243 quie

289 1258 372 1321 hanc
393 1258 505 1321 urbem
528 1258 722 1321 inflammare
744 1255 857 1330 vellet,
890 1276 963 1319 curn
983 1255 1263 1319 familiarissimum
1286 1274 1377 1317 suum
1399 1255 1557 1319 dimittere
1577 1253 1619 1316 ab

290 1372 325 1415 se
347 1359 380 1415 et
401 1350 572 1415 amandare
594 1353 627 1414 in
648 1351 775 1415 ultimas
797 1358 906 1413 terras.
950 1351 1061 1413 Utrum
1083 1369 1147 1433 quo
1169 1348 1295 1411 taciiius
1316 1348 1434 1412 liomae
1456 1368 1513 1422 ea,
1535 1365 1618 1430 quae

290 1447 481 1521 conabatur,
510 1445 666 1523 efficeret,
696 1446 724 1507 si
747 1446 780 1507 in
801 1444 956 1525 Hispania
977 1443 1136 1508 turbatum
1158 1445 1266 1505 esset‘t
1308 1443 1350 1505 at
1369 1443 1449 1505 haec
1470 1441 1541 1524 ipsa
1561 1460 1619 1523 per

290 1560 325 1605 se
354 1540 424 1604 sine
454 1538 521 1603 ulla
549 1540 769 1603 coniunctione
797 1538 980 1621 agebantur.
1031 1539 1081 1601 An
1109 1538 1144 1600 in
1169 1537 1266 1599 tantis
1294 1536 1406 1611 rebus,
1434 1541 1498 1598 tam
1525 1535 1618 1598 noris

290 1634 449 1709 consiliis,
471 1640 535 1697 tam
557 1632 764 1717 periculosis,
786 1638 849 1696 tam
871 1632 1076 1707 turbulentis,
1103 1630 1263 1694 hominem
1285 1631 1535 1694 amantissimum
1556 1629 1655 1703 sui,io

287 1728 585 1803 familiarissimum,
608 1726 900 1791 coniunctissimum
924 1724 1050 1801 oillciis,
1079 1724 1327 1798 consuetudine,
1354 1744 1431 1798 usn,
1457 1723 1618 1786 dimitten-

290 1823 366 1885 dum
399 1842 469 1886 esse
499 1821 729 1886 arbitrabatur?
772 1822 848 1885 Veri
876 1820 979 1883 simile
1007 1840 1073 1883 non
1100 1826 1164 1894 cst,
1197 1825 1250 1893 ut,
1284 1836 1379 1901 quem
1406 1818 1439 1880 in
1470 1818 1618 1881 secundis

290 1917 403 1993 rebus,
433 1936 528 2000 quem
556 1918 590 1979 in
622 1916 689 1980 otio
718 1935 843 1998 semper
869 1935 977 1979 secum
997 1912 1179 1988 habuisset,
1207 1913 1294 1975 hunc
1314 1913 1347 1975 in
1368 1911 1510 1975 adversis
1531 1912 1618 1975 etin

292 2032 330 2075 eo
352 2010 505 2086 tumultu,
532 2030 626 2094 quem
654 2011 724 2093 ipse
754 2009 972 2093 comparabat,
997 2009 1038 2071 ab
1067 2028 1102 2072 se
1123 2008 1304 2071 dimitteret
1346 2002 1397 2069 58.
1420 2006 1491 2089 lpse
1510 2011 1617 2069 autem

291 2104 402 2168 Sittius
424 2099 499 2185 (non
522 2104 608 2168 enim
629 2105 706 2167 mihi
728 2103 903 2167 deserenda
925 2111 974 2167 est
995 2122 1089 2165 causa
1111 2102 1203 2165 amici
1224 2101 1340 2163 veteris
1362 2109 1457 2184 atque
1470 2096 1655 2184 hospitislre

279 2182 318 2289 (is
340 2198 435 2261 homo
458 2206 506 2284 est
528 2205 583 2261 aut
603 2218 642 2261 ea
661 2197 782 2261 familia
802 2218 839 2261 ac
861 2180 1052 2287 disciplina)
1067 2204 1104 2259 ut
1123 2196 1186 2259 hoe
1208 2195 1294 2259 credi
1316 2196 1433 2279 possit,
1455 2214 1528 2259 eum
1550 2194 1618 2258 bel-

289 2294 357 2356 lum
377 2292 500 2375 populo
521 2293 664 2356 Romano
685 2291 791 2355 iacere
811 2292 974 2356 voluisset
1007 2300 1057 2365 ut,
1079 2291 1170 2353 cuius
1191 2296 1298 2373 pater,
1328 2309 1399 2352 cunr
1422 2291 1520 2353 ceteri
1541 2286 1618 2352 deli-

290 2392 399 2451 oerent
418 2382 544 2449 finitimi
567 2406 603 2449 ac
624 2386 736 2461 vicini,
770 2385 922 2467 singulari
952 2385 1110 2449 exstiterit
1136 2385 1169 2447 in
1198 2405 1265 2448 rem
1293 2384 1449 2468 publicam
1476 2392 1617 2447 nostram
1738 2376 1765 2452 ἵ

291 2469 396 2545 officio
425 2486 458 2542 et
483 2476 564 2555 fide,
597 2480 626 2543 is
656 2479 716 2543 sibi
744 2479 900 2543 nefarium
931 2478 1052 2542 bellum
1081 2486 1190 2542 contra
1216 2479 1351 2561 patriam
1379 2477 1616 2562 suscipiendum

291 2577 436 2659 putaret‘t
458 2575 549 2638 cuins
571 2594 624 2637 aes
646 2574 784 2637 alienum
806 2573 966 2649 videmus,
996 2573 1134 2647 iudices,
1162 2592 1227 2636 non
1249 2571 1398 2647 libidine,
1420 2571 1477 2636 sed
1496 2572 1654 2655 negotiiao

292 2668 424 2754 gerendi
446 2667 553 2731 studio
577 2689 648 2732 esse
670 2674 881 2743 contractum
904 2668 959 2751 qui
982 2669 1026 2731 ita
1047 2668 1165 2731 Romae
1187 2666 1311 2742 debuit,
1333 2668 1424 2730 utin
1445 2665 1618 2748 provinciis

292 2773 324 2827 et
345 2763 379 2826 in
400 2764 507 2845 regnis
529 2763 559 2825 ei
580 2764 735 2827 maximae
757 2764 910 2844 pecuniae
940 2761 1147 2836 deberentur,
1176 2780 1255 2844 quas
1284 2780 1356 2823 eum
1383 2766 1523 2844 peteret,
1553 2780 1618 2823 non

293 2858 452 2923 commisit
473 2864 509 2919 ut
530 2857 580 2920 sui
602 2862 821 2939 procuratores
853 2855 1027 2939 quidquam
1055 2857 1160 2919 oneris
1188 2854 1319 2918 absente
1347 2874 1383 2917 se
1410 2855 1617 2917 sustinerent:

290 2952 401 3017 venire
423 2971 533 3015 omnes
555 2971 629 3015 suas
650 2950 870 3035 possessiones
886 2956 918 3013 et
938 2949 1127 3034 patrimonio
1142 2970 1176 3013 ee
1191 2948 1392 3013 ornatissimo
1406 2949 1538 3031 spoliari
1552 2968 1619 3015 ma·

291 3048 350 3110 luit
380 3066 475 3131 quam
500 3044 597 3109 ullam
628 3063 749 3108 moram
779 3044 928 3128 cuiquam
949 3041 1019 3107 fieri
1042 3044 1231 3107 creditorum
1254 3062 1394 3105 auorum.
1430 3041 1482 3105 59.
1503 3042 1530 3107 A
1553 3060 1658 3126 quoae

292 3139 423 3226 quidem
450 3158 585 3223 genere,
617 3137 755 3212 iudices,
783 3158 841 3220 ego
868 3158 1042 3221 numquam
1070 3137 1177 3211 timui,
1205 3156 1277 3199 cum
1305 3136 1339 3197 in
1368 3134 1425 3198 illa
1445 3137 1492 3199 rei
1514 3137 1620 3219 publi·

291 3255 349 3298 cae
378 3240 566 3317 tempestate
587 3251 745 3296 versarer.
786 3232 869 3295 lllud
891 3239 960 3295 erat
980 3231 1145 3294 hominum
1173 3249 1273 3313 genus
1296 3228 1448 3293 horribile
1470 3238 1503 3294 et
1523 3231 1620 3314 perti·

291 3329 512 3402 noscendum,
535 3327 590 3411 qui
612 3333 700 3390 tanto
722 3346 829 3390 amore
851 3346 924 3389 suas
945 3325 1168 3409 possessiones
1182 3323 1321 3406 amplexi
1344 3323 1509 3417 tenebant,
1530 3323 1619 3387 utab
1689 3312 1715 3401 ἴ
1733 3378 1750 3407 a
1780 3366 1844 3415 qm

290 3424 332 3487 iis
354 3421 495 3485 membra
516 3421 608 3485 citius
630 3420 739 3484 divelli
760 3440 798 3483 ac
819 3419 951 3483 distrahi
973 3439 1068 3502 posse
1083 3418 1215 3482 diceres.
1248 3417 1359 3482 Sittius
1372 3438 1544 3501 numquam
1559 3417 1620 3481 sibi
1854 3409 1857 3417 ’

294 3516 516 3600 cognationem
537 3534 611 3578 eum
633 3514 772 3598 praediis
794 3533 864 3577 csse
886 3514 1080 3576 existimarit
1100 3513 1177 3576 suis.
1210 3512 1320 3594 Itaque
1339 3531 1373 3574 se
1387 3528 1454 3573 non
1468 3512 1564 3574 moda
1580 3532 1657 3578 exeo

294 3610 478 3693 suspicione
500 3609 579 3673 tanti
600 3608 745 3683 sceleris,
773 3627 883 3671 verum
906 3606 1002 3669 etiarn
1025 3627 1066 3670 ex
1088 3606 1174 3670 omni
1201 3605 1366 3669 hominum
1388 3625 1534 3669 sermone
1555 3626 1621 3669 non

293 3706 406 3781 umis,
429 3705 484 3768 sed
505 3703 697 3787 patrimonio
717 3722 775 3766 suo
798 3700 980 3764 vindicarit.

355 3801 444 3863 XXI.
466 3796 518 3861 60.
540 3799 606 3861 lam
627 3818 703 3863 vero
727 3796 814 3880 quad
831 3796 962 3871 obiecit,
984 3796 1193 3878 Pompeianos
1215 3814 1285 3857 esse
1308 3813 1327 3857 a
1347 3792 1437 3856 Sulla
1456 3794 1622 3877 impulsos,

359 4118 384 4168 Β.
403 4120 439 4168 eri
455 4128 508 4168 om.
527 4115 589 4177 ΤΒ,
607 4116 624 4166 T
641 4116 752 4177 Oxonn„
772 4114 815 4165 ed.
835 4112 913 4173 sirm
940 4111 1073 4161 dismlairti
1094 4110 1111 4160 S
1129 4107 1188 4160 etl
1205 4108 1319 4167 Oxonn.;
1346 4107 1491 4157 marm
1506 4113 1543 4159 ert
1558 4108 1621 4161 odd.

294 4192 396 4244 incerte
416 4192 587 4251 auctoritat03
612 4190 717 4241 videtur
731 4188 748 4238 i
762 4191 823 4255 post
838 4184 923 4238 daedi
934 4186 1110 4237 intercidisse.
1131 4210 1158 4219 -
1177 4183 1202 4234 3.
1214 4188 1325 4233 caemar
1339 4183 1360 4233 T
1372 4208 1400 4219 ·-
1419 4184 1444 4235 a.
1456 4185 1550 4235 Romae
1565 4198 1620 4236 cm.

293 4269 314 4319 Β
331 4293 359 4303 ·-
379 4268 403 4317 6.
423 4266 487 4331 am]
505 4278 562 4316 eum
578 4270 630 4315 tran
643 4263 735 4315 hamb.
751 4290 778 4301 -
798 4258 1291 4314 7.amacaareret1>src.rarrenui:
1308 4259 1433 4310 mandare
1448 4261 1510 4311 li-
1527 4263 1622 4326 mmor]

294 4344 379 4393 wem
395 4343 413 4392 S
430 4343 457 4392 et
474 4343 490 4392 5
507 4341 607 4393 Orcnn.
626 4367 659 4378 —
675 4340 700 4391 8.
717 4340 745 4390 ia
761 4340 884 4402 hyspania
901 4339 920 4388 T
938 4339 972 4402 (ia
988 4338 1137 4400 Hispaniam
1152 4334 1281 4386 twbataan
1295 4334 1354 4385 isset
1369 4333 1429 4385 ood.
1448 4335 1508 4386 Car.
1521 4335 1623 4399 steph.)

297 4445 324 4455 -
343 4417 377 4466 ad
393 4416 454 4467 baec
470 4417 531 4467 T-
550 4416 574 4467 9.
592 4416 764 4467 coniuratione
780 4416 841 4464 Β-
860 4416 901 4464 ti.
920 4417 1027 4464 coruaet.
1044 4412 1137 4462 usuT:
1156 4409 1394 4461 memmiae
1410 4411 1500 4461 ΒΟ-
1520 4410 1625 4462 inere

293 4493 363 4543 mci:
382 4504 401 4541 a
415 4504 441 4542 se
457 4490 550 4543 bamb.
571 4520 598 4529 -
618 4490 867 4541 arbitrabatarTB:
886 4488 1056 4539 arbitraretur
1071 4488 1121 4537 lio
1134 4512 1162 4523 —
1181 4486 1221 4535 ie.
1234 4484 1523 4547 mmmcccwnTBS:
1541 4498 1625 4537 mian

293 4566 427 4630 mpero
446 4594 473 4605 —
493 4568 534 4618 lb.
552 4568 691 4619 demanda
707 4568 727 4617 T
745 4592 772 4602 -
791 4566 868 4615 amici
883 4566 997 4615 causali
1016 4590 1045 4599 -
1064 4563 1105 4613 it.
1124 4574 1156 4612 ac
1172 4562 1205 4623 T,
1224 4560 1268 4611 ed.
1281 4558 1362 4610 sian:
1381 4562 1522 4620 auteaB3
1540 4562 1623 4623 arsis,

294 4645 311 4695 T
328 4643 431 4693 Oxonn.
451 4670 479 4679 -
494 4649 577 4706 posset
593 4656 650 4694 oum
666 4642 773 4694 libellam
789 4642 808 4691 B
823 4666 850 4676 —
870 4641 911 4691 ii.
928 4640 1021 4704 popolo
1037 4641 1066 4690 ii.
1084 4639 1116 4700 T,
1134 4638 1165 4687 ut
1175 4634 1328 4687 Gulielmius
1345 4636 1474 4686 coniecit:
1492 4634 1531 4685 rei
1544 4635 1626 4697 pubii-

293 4731 339 4769 cae
355 4718 413 4769 ΒΟ.
442 4717 480 4769 Cl.
500 4731 539 4769 or.
558 4718 632 4771 Catil.
651 4720 700 4780 iil,
719 4718 734 4783 5
751 4718 792 4767 Ti.
806 4717 906 4781 (raptato
917 4718 954 4755 ’--
965 4715 1087 4767 παίωνα
1104 4726 1158 4763 om.
1171 4713 1198 4775 B)
1217 4738 1245 4748 -
1265 4712 1306 4763 iti.
1318 4712 1429 4761 setim
1445 4712 1507 4761 T-
1525 4711 1566 4762 20.
1577 4726 1625 4775 pu-

293 4794 357 4845 tarit
372 4793 440 4845 coni.
454 4792 604 4845 llnidricus.
619 4820 646 4830 -
664 4794 707 4844 ΒΤ.
719 4793 742 4843 ei
756 4793 887 4842 moriame
898 4792 932 4842 T:
949 4791 1080 4841 mairinac
1094 4788 1118 4839 ei
1132 4787 1223 4837 ΒΟ-
1242 4786 1283 4837 23.
1301 4788 1396 4838 remieii
1410 4789 1471 4838 Β-
1491 4788 1626 4850 awanam

293 4870 473 4922 semr-
496 4869 538 4922 ai.
557 4870 711 4921 mutasses
729 4867 913 4931 positiomffl
941 4878 1025 4916 anam
1043 4863 1313 4927 possessioneraaaeii
1333 4888 1361 4898 -
1386 4861 1625 4924 adepatrimoaio

293 4942 1011 5007 maanai.sespoiiariB-Ti5.bersditorumT-
1031 4937 1622 5003 26.iiia]eaB-T'i.bomiaomaereocT:

292 5034 371 5087 genas
385 5020 514 5070 bonum
529 5021 580 5071 no
598 5048 627 5057 -
645 5020 686 5071 ΞΒ.
704 5018 827 5081 cornpleai
842 5017 1078 5079 compossessores
1093 5014 1114 5064 B
1131 5012 1261 5077 (conpleat
1277 5012 1357 5062 etiam
1368 5011 1475 5075 bamb.)
1492 5038 1520 5048 -
1539 5012 1572 5062 ab
1587 5012 1626 5061 bic

294 5094 374 5146 codd.
393 5095 422 5145 et
437 5095 457 5144 0
477 5118 504 5131 -
524 5096 565 5147 29.
583 5096 656 5146 cilice
671 5094 754 5145 divelli
770 5095 804 5144 T:
823 5093 905 5145 daedi
922 5092 993 5143 wito
1010 5092 1060 5142 ΒΟ
1078 5116 1106 5127 -
1122 5088 1201 5154 porse]
1216 5088 1330 5151 potiueB
1343 5116 1371 5125 -
1390 5088 1431 5139 30.
1444 5089 1495 5139 saie
1510 5100 1561 5138 acra
1571 5088 1625 5137 eai-

292 5169 405 5221 stimooii
419 5170 495 5221 Parc.
513 5169 585 5222 solus
603 5184 636 5221 er
652 5170 730 5221 notis.
746 5196 773 5207 -
795 5168 836 5219 34.
854 5168 987 5230 semime
1003 5166 1024 5216 Τ
1042 5192 1069 5201 -
1091 5165 1168 5216 eiiam
1183 5176 1237 5213 om.
1255 5163 1276 5214 Β
1295 5188 1322 5197 -
1342 5162 1383 5213 32.
1400 5164 1537 5215 cudberti
1550 5168 1620 5225 patr.

294 5260 339 5297 sao
355 5246 376 5297 Β
394 5272 422 5283 -
440 5246 481 5299 33.
500 5246 587 5299 abiecit
601 5248 634 5309 T,
658 5247 741 5297 Onon.
759 5245 777 5295 S
793 5247 821 5295 st
836 5243 988 5295 Torrentius
1006 5241 1091 5292 coni:
1115 5238 1188 5291 abicit
1203 5239 1262 5302 iis,
1281 5236 1342 5288 cod.
1360 5239 1443 5297 Pith.;
1461 5238 1558 5290 tuboeu
1573 5237 1620 5287 01.

294 5322 330 5384 c,
349 5318 392 5373 ed.
411 5320 489 5387 illl,
508 5322 529 5375 0
547 5348 574 5362 -·
593 5332 712 5377 amona
729 5321 759 5375 Β.
