4009 6159
225 1405 245 1500 i

377 475 440 544 906
756 483 809 547 DE
830 481 1090 548 aaavsnlcnm
1110 481 1327 548 nassonem

378 655 410 713 et
438 671 509 715 cum
540 650 626 716 illius
655 652 815 716 Pisoniani
842 653 994 736 temporis
1020 652 1251 737 Gabinianique
1272 654 1457 718 terroribus.
1501 655 1603 731 Quem
1625 677 1700 720 cum

377 746 590 827 egredientem
619 747 746 830 insequi
774 747 966 829 coepissem,
995 748 1066 830 cepi
1087 747 1233 831 equidem
1254 747 1390 810 fructum
1412 749 1582 812 maximum
1604 758 1703 815 etex

379 839 634 903 consurrectione
657 840 798 904 omnium
820 848 958 904 vestrum
980 850 1013 905 et
1034 861 1075 903 ex
1095 842 1244 904 comitatu
1266 840 1516 923 publicanorum.
1547 844 1610 907 Sed
1626 865 1702 908 vae-

378 951 448 995 cors
475 940 605 1015 repente
634 933 703 997 sine
731 954 789 997 suo
819 933 924 1009 vultu,
955 935 1024 998 siue
1053 935 1176 1009 colore,
1207 935 1274 997 sine
1295 955 1374 998 voce
1396 936 1552 1000 constitit:
1583 938 1701 1002 deinde

353 1026 516 1108 erespexit
544 1033 577 1088 et
605 1027 699 1090 simul
728 1034 825 1111 atque
855 1027 910 1091 Cn.
932 1029 1104 1093 Lentulum
1134 1029 1294 1092 consulem
1317 1028 1476 1111 adspexit,
1505 1031 1643 1094 concidit
1663 1032 1701 1094 in

376 1119 481 1182 curiae
503 1139 604 1202 paene
626 1120 752 1196 limine,
780 1121 1015 1197 recordatione,
1046 1121 1158 1196 credo,
1188 1121 1311 1186 Gabinii
1334 1123 1383 1186 sui
1405 1123 1628 1206 desiderioque
1649 1124 1701 1186 Pi-

374 1215 473 1276 sonis.
509 1213 605 1278 Cuius
635 1234 693 1298 ego
720 1215 759 1277 de
781 1215 933 1279 effrenato
955 1226 988 1280 et
1015 1215 1179 1299 praecipiti
1205 1214 1311 1279 lurore
1333 1216 1411 1300 quid
1433 1216 1558 1280 dicam?
1593 1219 1703 1280 Potest

375 1306 569 1388 gravioribus
596 1328 616 1372 a
643 1328 693 1371 me
715 1310 819 1372 verbis
840 1310 999 1374 uulnerari
1023 1330 1117 1394 quam
1142 1317 1191 1374 est
1212 1311 1315 1373 statim
1337 1310 1371 1371 in
1391 1309 1475 1374 facto
1497 1311 1568 1393 ipso
1589 1329 1610 1373 a
1630 1331 1701 1392 gra·

373 1400 502 1464 vissimo
523 1401 611 1479 viro,
633 1404 667 1465 P.
690 1403 840 1486 Servilio,
862 1403 1024 1468 confectus
1045 1424 1083 1467 ac
1104 1404 1302 1468 trucidatus?
1334 1405 1423 1468 cuius
1445 1405 1472 1468 si
1493 1406 1557 1467 iam
1578 1405 1644 1468 vim
1666 1413 1699 1468 et

336 1496 556 1577 tegravitatem
584 1496 672 1562 illam
702 1497 894 1580 singularem
914 1519 953 1561 ae
974 1519 1079 1582 paene
1100 1500 1238 1562 divinam
1267 1500 1395 1581 assequi
1417 1517 1560 1584 possem,
1591 1504 1698 1561 tamen

374 1607 439 1650 non
461 1587 571 1653 dubito
595 1592 674 1675 quin
696 1611 735 1654 ca
756 1591 837 1666 tela,
859 1612 940 1675 quae
962 1593 1134 1655 coniecerit
1154 1592 1315 1666 inimicus,
1338 1612 1433 1676 quam
1456 1612 1504 1667 ea,
1526 1612 1609 1677 quae
1631 1593 1698 1656 col·

373 1680 444 1766 lega
465 1685 563 1766 patris
585 1685 705 1760 emisit,
728 1685 846 1749 leviora
867 1692 963 1770 atque
984 1686 1148 1749 hebetiora
1170 1705 1240 1748 esse
1262 1685 1437 1749 videantur.

458 1777 498 1840 ll.
520 1773 551 1838 3.
581 1777 645 1842 Sed
674 1785 779 1842 tamen
808 1779 870 1843 mei
898 1779 974 1842 facti
1001 1781 1157 1842 rationem
1179 1799 1339 1862 exponere
1360 1780 1423 1842 illis
1445 1780 1535 1855 volo,
1565 1781 1621 1863 qui
1642 1780 1699 1842 be·

374 1878 482 1940 sterno
504 1871 556 1935 die
579 1872 688 1936 dolore
709 1892 761 1936 me
784 1872 900 1936 elatum
923 1880 956 1936 et
975 1873 1140 1938 iracundia
1161 1872 1287 1955 longius
1308 1893 1406 1957 prope
1428 1893 1630 1956 progressum
1649 1894 1699 1936 ar-

337 1964 586 2041 arbitrabantur,
610 1986 705 2050 quam
727 1967 879 2049 sapientis
901 1967 1038 2030 bominis
1053 1969 1189 2050 cogitata
1203 1966 1284 2029 ratio
1306 1967 1508 2050 postulasset.
1530 1967 1615 2030 Nihil
1635 1966 1697 2030 feci

373 2060 486 2135 iratus,
508 2061 589 2128 nihil
610 2061 777 2143 impotenti
800 2061 923 2138 animo,
946 2061 1028 2126 nibil
1049 2081 1115 2124 non
1139 2060 1193 2124 diu
1216 2059 1447 2124 consideratum
1461 2081 1499 2124 ac
1513 2060 1611 2124 multo
1625 2069 1698 2124 ante

374 2152 566 2219 meditatum.
595 2155 664 2236 Ego
687 2155 770 2219 enim
792 2175 861 2228 mc,
882 2163 989 2239 patres
1012 2154 1200 2237 conscripti,
1222 2153 1384 2217 inimicum
1406 2175 1530 2239 semper
1543 2175 1614 2218 esse
1627 2175 1699 2239 pro·

372 2246 476 2312 lessus
499 2269 569 2312 sum
591 2248 733 2324 duobus,
756 2251 811 2333 qui
826 2270 893 2324 me,
916 2249 971 2333 qui
987 2249 1243 2332 rempublicam,
1266 2269 1338 2311 cum
1352 2247 1522 2312 defendere
1537 2248 1699 2322 deberent,

375 2360 499 2406 servare
520 2351 666 2426 possent,
690 2363 825 2426 eumque
848 2345 887 2407 ad
909 2343 1074 2406 consulare
1096 2341 1236 2406 officium
1257 2342 1336 2426 ipsis
1349 2342 1527 2424 insignibus
1540 2343 1626 2406 illius
1640 2343 1700 2407 im-

211 2486 216 2494 .
337 2435 469 2520 reperii,
492 2436 532 2499 ad
554 2456 656 2500 meam
671 2436 804 2500 salutem
820 2457 885 2500 non
902 2437 1005 2501 solum
1019 2436 1221 2510 auctoritate,
1243 2437 1410 2500 sedetiam
1426 2436 1572 2519 precibus
1585 2437 1699 2524 vestris

373 2537 576 2607 vocarentur,
605 2533 707 2615 primo
729 2531 943 2615 reliquerunt,
972 2530 1089 2594 deinde
1110 2531 1333 2613 prodiderunt,
1356 2539 1516 2614 postremo
1538 2549 1699 2612 oppugna·

374 2633 450 2689 runt
470 2626 683 2710 praemiisque
707 2623 844 2688 nefariae
865 2626 1021 2710 pactionis
1042 2623 1183 2688 funditus
1205 2645 1269 2688 una
1290 2647 1361 2688 oum
1377 2645 1412 2688 re
1427 2625 1555 2708 publica
1569 2644 1698 2708 oppres-

373 2741 444 2784 sum
474 2721 730 2804 exstinctumque
759 2718 944 2793 voluerunt,
976 2718 1030 2802 qui
1053 2738 1135 2801 quae
1157 2738 1216 2782 suo
1239 2720 1335 2782 ductu
1358 2726 1390 2784 et
1410 2719 1544 2803 imperio
1565 2727 1697 2782 cruento

371 2812 428 2876 illo
451 2821 547 2898 atque
569 2813 697 2878 lunesto
720 2812 875 2897 supplicia
896 2833 1001 2897 neque
1023 2831 1042 2875 a
1063 2813 1218 2876 sociorum
1232 2814 1398 2877 moenibus
1411 2813 1698 2898 probibereneque

335 2907 512 2972 robostium
533 2907 665 2971 urbibus
686 2907 802 2970 inferre
832 2913 1021 2990 potuerunt,
1050 2906 1257 2981 excisionem,
1285 2908 1581 2980 inflammationem,
1610 2926 1699 2970 euer-

372 3001 507 3076 sionem,
530 3001 827 3087 depopulationem,
856 3003 1049 3076 vastitatem,
1082 3019 1120 3064 ea
1141 3020 1198 3063 sua
1219 3021 1291 3063 cum
1312 3001 1431 3084 praeda
1450 3001 1530 3065 meis
1552 3001 1698 3065 omnibus

372 3096 462 3158 tectis
491 3103 586 3178 atque
619 3097 702 3179 agris
732 3096 915 3159 intulerunt.
959 3092 989 3157 l.
1014 3096 1092 3159 Cum
1121 3094 1172 3157 bis
1199 3093 1290 3158 furiis
1319 3102 1351 3159 et
1374 3095 1513 3171 lacibus,
1542 3117 1615 3160 cum
1635 3095 1699 3171 bis,

372 3189 518 3274 inquam,
541 3190 685 3254 exitiosis
707 3189 861 3274 prodigiis
883 3209 920 3253 ao
942 3209 1046 3272 paene
1068 3189 1164 3252 huius
1186 3188 1310 3273 imperii
1331 3190 1473 3274 pestibus
1486 3189 1605 3254 bellum
1620 3189 1698 3253 mibi

371 3282 566 3365 inexpiabile
588 3282 660 3345 dico
683 3304 753 3346 esse
775 3291 1108 3369 suseeptnm‚(nequ9
1130 3283 1163 3344 id
1185 3290 1290 3346 tamen
1312 3284 1413 3366 ipsum
1423 3271 1572 3358 (tantum,
1597 3304 1699 3367 quan·

334 3383 438 3439 aetum
460 3395 549 3463 meus
571 3396 607 3439 ac
629 3396 788 3452 meorum,
817 3377 872 3439 sed
895 3383 1035 3451 tantum,
1063 3385 1215 3460 quantum
1237 3385 1341 3442 vester
1361 3386 1457 3460 atque
1479 3378 1619 3441 omnium
1640 3377 1699 3440 bo-

372 3487 484 3531 norum
507 3462 597 3532 dolor
618 3448 817 3625 postulavit?
842 3470 896 3532 lll.
919 3471 955 3531 ln
977 3469 1125 3533 Clodium
1146 3490 1221 3534 vero
1243 3464 1312 3534 nou
1330 3480 1378 3534 est
1398 3471 1493 3534 bodie
1512 3492 1618 3534 meum
1633 3489 1699 3532 ma-

370 3563 421 3625 ius
443 3563 566 3638 odium,
589 3584 684 3646 quam
705 3565 762 3626 illo
808 3564 837 3626 ie
858 3563 934 3638 luit,
958 3584 1029 3626 enm
1051 3564 1142 3626 illum
1157 3565 1335 3628 ambustum
1357 3564 1601 3647 religiosissimis
1615 3564 1698 3646 igni-

372 3659 430 3721 bus
453 3659 587 3741 cognovi
610 3657 756 3721 muliebri
778 3666 890 3722 ernetu
912 3677 953 3720 ex
974 3658 1095 3720 incesto
1117 3665 1228 3739 stupro
1250 3666 1346 3741 atque
1369 3678 1409 3720 ex
1424 3658 1517 3721 domo
1539 3655 1698 3740 pontificis

371 3752 500 3815 maximi
531 3751 692 3814 emissum.
736 3753 833 3826 Tum,
866 3753 1013 3835 inquam,
1045 3760 1113 3814 tum
1141 3753 1207 3814 vidi
1237 3772 1273 3815 ac
1302 3753 1401 3815 multo
1429 3759 1503 3814 ante
1531 3752 1697 3834 prospexi,

334 3853 492 3930 aequante
522 3853 692 3928 tempestas
722 3847 929 3921 excitaretur,
960 3853 1079 3930 quanta
1101 3847 1297 3931 impenderet
1316 3844 1457 3931 procella
1476 3847 1522 3909 rei
1542 3845 1697 3929 publicae.

433 4213 628 4276 acepissent?
648 4239 675 4249 -
700 4215 724 4262 et
744 4213 806 4262 ante
827 4224 869 4260 vv.
891 4224 924 4262 aa
945 4213 1144 4263 commeatione
1165 4226 1220 4264 om.
1241 4213 1291 4263 GE
1312 4237 1340 4247 —
1359 4211 1383 4261 3.
1403 4223 1591 4262 ooscorsuos:
1612 4223 1699 4261 oecon

370 4289 429 4340 CO.
453 4286 527 4338 Cont.
545 4300 572 4352 p.
591 4287 653 4348 904,
671 4287 712 4336 29.
732 4286 789 4348 eta,
807 4284 832 4338 l.
850 4284 924 4337 -·4.
942 4287 1014 4338 cetea
1033 4290 1082 4338 PG
1101 4314 1128 4324 -
1147 4290 1171 4339 3.
1190 4288 1264 4338 amul
1279 4291 1355 4350 atque
1371 4298 1433 4336 nos:
1451 4287 1577 4337 malari
1593 4287 1696 4345 PEM3

369 4363 473 4414 emelim
490 4363 539 4413 G0
558 4388 586 4396 -
605 4361 659 4426 cm]
678 4361 715 4412 .C.
734 4363 765 4411 N.
785 4363 803 4410 P
823 4387 850 4397 -
869 4363 968 4424 aspecit
983 4365 1067 4413 Pom
1084 4388 1112 4397 -
1132 4363 1156 4412 6.
1174 4363 1259 4412 limiae
1274 4375 1333 4427 sup.
1352 4360 1396 4411 lin.
1415 4374 1457 4426 pr.
1471 4373 1508 4411 m.
1526 4363 1545 4411 P
1563 4388 1597 4398 -
1613 4361 1637 4410 Ἰ.
1655 4373 1698 4410 ec·

368 4439 468 4504 [recolo
483 4439 531 4487 PG
544 4463 571 4474 -
590 4437 783 4488 dioebomP1-
798 4441 877 4500 potest
888 4440 921 4488 P:
939 4443 984 4488 oct
996 4442 1077 4501 potest
1087 4437 1178 4498 GEM3
1197 4439 1271 4486 Hced
1284 4437 1394 4500 potestO
1408 4463 1436 4473 -
1454 4436 1479 4489 8.
1491 4436 1621 4487 soimeri
1638 4437 1694 4485 P-

370 4514 409 4563 40.
429 4512 531 4575 adsequi
547 4514 611 4562 Ρ-
628 4513 668 4563 43.
687 4513 766 4562 maisit
783 4515 819 4562 G:
837 4513 920 4562 omisit
938 4515 1023 4565 PEM
1040 4540 1067 4549 -
1086 4513 1215 4564 hebetiora
1231 4516 1260 4564 Ρι
1280 4541 1306 4549 -
1327 4513 1365 4564 43.
1382 4513 1449 4562 tuias
1465 4509 1493 4563 Ρ1
1512 4538 1539 4547 -
1558 4510 1600 4562 tl.
1618 4511 1698 4561 dolori

370 4589 418 4639 PE
434 4615 468 4624 -
482 4601 560 4650 prope
577 4579 617 4638 C:¹
631 4601 684 4639 om.
703 4589 723 4638 0
741 4613 768 4622 -
788 4587 925 4652 digressam
940 4589 965 4638 Μ
985 4615 1012 4624 -
1037 4590 1077 4638 45.
1093 4589 1240 4652 postadossst
1256 4590 1352 4638 PGM:
1375 4587 1538 4650 posteriorem
1554 4587 1588 4646 E;
1610 4591 1697 4649 posta-

369 4669 434 4718 torst
450 4668 470 4717 0
487 4693 514 4704 ·-
533 4667 573 4717 46.
591 4666 710 4728 iepotmti
727 4665 774 4716 PE
789 4691 815 4700 —
835 4665 874 4716 47.
893 4677 932 4714 me
950 4664 985 4713 .Ρ.
1005 4663 1032 4713 0.
1050 4664 1179 4713 ioioeicaon
1194 4663 1285 4713 PGE:
1302 4668 1389 4725 patres
1405 4662 1551 4725 conscripti,
1568 4661 1698 4711 meamea

369 4755 408 4792 are
425 4742 444 4792 0
464 4742 511 4804 (me
528 4741 626 4804 omli)
646 4765 674 4776 ·-
693 4740 1038 4802 teramnensem
1055 4739 1285 4789 remmeaenlt-
1304 4739 1344 4788 49.
1363 4739 1453 4801 tmperi
1468 4734 1497 4786 1²¹
1516 4763 1543 4772 -
1562 4737 1697 4798 toprae-

368 4817 471 4867 cibusP
494 4842 517 4852 -
536 4817 576 4866 2⁴.
593 4820 802 4880 oppapeoeeruet
818 4817 838 4865 G
852 4841 879 4851 —
900 4815 941 4864 22.
958 4814 1076 4878 sectionis
1091 4815 1189 4872 PGM;
1210 4813 1260 4864 sed
1278 4812 1310 4863 ol.
1328 4813 1429 4877 pesa,
1448 4814 1472 4862 4.
1489 4811 1514 4861 6.
1533 4811 1590 4871 898,
1609 4810 1650 4860 43.
1668 4809 1694 4857 in

370 4892 456 4942 Pison.
476 4890 491 4954 g
508 4891 548 4941 37.
570 4917 597 4927 -
623 4890 665 4941 33.
683 4891 867 4954 meorumque
882 4892 936 4942 ΡΜ
954 4917 982 4926 -
1007 4891 1049 4951 qui
1067 4902 1130 4950 qaae
1147 4891 1179 4938 P:
1197 4889 1288 4950 quique
1304 4889 1417 4940 GEMO
1439 4913 1466 4922 —
1484 4885 1525 4937 34.
1544 4884 1696 4947 nspplitioP

371 4965 1057 5023 -vastttatemsaarorzoasetaemmeamam
1075 4963 1423 5020 emutatemmsamsueffl
1441 4959 1696 5018 adsimulem

368 5042 511 5092 ceccaum
527 5041 615 5105 [eam],
633 5041 712 5090 suso
726 5066 754 5076 —
771 5041 813 5091 ao.
831 5039 1003 5092 amoniense
1015 5036 1168 5089 Lambinus.
1179 5064 1213 5074 -
1228 5037 1270 5088 29.
1286 5051 1365 5101 osque
1379 5038 1420 5088 eet
1435 5038 1462 5087 id
1477 5041 1589 5087 etimne·
1605 5035 1655 5085 GE
1667 5057 1696 5069 -

369 5121 411 5171 33.
429 5123 552 5182 quantiae
567 5123 604 5169 ert
619 5122 674 5168 eat
690 5129 754 5179 qens
772 5117 848 5180 (corr.
866 5117 894 5167 tn
911 5117 966 5179 que)
984 5117 1094 5166 mmieea
1110 5117 1130 5164 P
1148 5139 1176 5150 ··
1194 5114 1236 5165 34.
1254 5127 1314 5167 vero
1330 5126 1385 5166 om.
1401 5116 1425 5164 G
1439 5138 1468 5148 -
1484 5113 1525 5163 33.
1543 5109 1698 5163 imerali

372 5221 400 5234 -
422 5198 509 5260 stupro
530 5195 741 5263 superscriptum
758 5193 785 5244 tn
802 5193 823 5244 G
840 5217 867 5228 -
893 5192 934 5244 33.
952 5192 1095 5256 irrpmdoret
1111 5193 1140 5244 P.
