4009 6159
403 583 485 654 4478
745 596 897 663 cusulo
917 597 996 664 PRO
1019 599 1056 662 T.
1076 599 1201 665 anulo
1223 599 1379 666 moun

402 764 497 847 igitur
526 766 611 849 ipsa,
640 785 724 849 quae
745 785 840 851 saepe
862 766 1064 831 incredibiles
1084 767 1159 831 buic
1179 769 1250 833 urbi
1271 768 1437 833 felicitates
1459 775 1554 854 atque
1575 791 1652 854 opes
1673 779 1722 834 at-

401 859 489 934 tulit,
510 859 596 922 illam
618 860 788 943 perniciem
809 861 963 924 exstinxit
983 881 1020 923 ac
1041 863 1184 937 sustulit,
1214 863 1265 926 cui
1287 862 1422 946 primum
1444 869 1580 927 mentem
1600 864 1721 938 iniecit,

401 960 439 1015 ut
458 953 491 1015 ri
512 953 633 1017 irritare
653 952 800 1037 ferroque
822 955 976 1019 lacessere
997 956 1203 1021 fortissimum
1217 959 1319 1023 virum
1335 957 1467 1022 auderet
1479 959 1722 1040 vincereturque

401 1045 514 1124 abeo,
537 1067 633 1131 quern
655 1051 683 1112 si
703 1049 848 1123 vicisset,
879 1049 1041 1114 habiturus
1063 1059 1147 1115 esset
1168 1052 1385 1135 impunitatem
1407 1059 1439 1115 et
1458 1049 1617 1115 licentiam
1638 1071 1722 1114 sem-

377 1141 565 1223 spiternam.
609 1139 660 1204 85.
681 1143 752 1205 Non
774 1150 825 1206 est
844 1143 984 1207 humano
1008 1145 1158 1218 consilio,
1187 1165 1227 1208 ne
1249 1145 1401 1210 mediocri
1423 1145 1568 1229 quidem,
1590 1144 1722 1220 iudices,

400 1233 532 1297 deorum
553 1234 777 1300 immortalium
799 1256 875 1300 cura
896 1257 946 1301 res
968 1237 1023 1302 illa
1044 1237 1190 1321 perlecta.
1223 1239 1402 1322 Religiones
1415 1259 1466 1302 me
1480 1239 1608 1303 hercule
1621 1241 1723 1322 ipsae,

399 1347 483 1410 quae
511 1328 598 1392 illam
626 1330 753 1393 beluam
781 1330 891 1394 cadere
920 1331 1083 1407 viderunt,
1119 1351 1294 1396 commosse
1316 1353 1350 1396 se
1371 1332 1534 1409 ridentur,
1562 1335 1665 1398 etius
1686 1335 1723 1396 in

399 1421 456 1484 illo
479 1443 571 1486 suum
592 1424 772 1488 retinuisse.
809 1423 872 1489 Vos
893 1426 978 1489 enim
1000 1426 1072 1500 iam,
1097 1425 1210 1489 Albani
1233 1425 1345 1489 tumuli
1368 1433 1464 1511 atque
1484 1426 1558 1503 luci,
1579 1447 1652 1503 vos,
1674 1429 1723 1490 in-

400 1535 512 1598 quam,
534 1517 669 1599 imploro
690 1527 786 1603 atque
808 1519 964 1594 obtestor,
985 1537 1119 1602 rosque,
1142 1520 1333 1583 Albanorum
1355 1520 1486 1584 obrutae
1507 1540 1590 1595 arae,
1612 1541 1721 1585 sacro-

363 1629 470 1675 rerum
490 1613 600 1694 populi
621 1613 753 1676 Romani
774 1615 878 1677 sociae
900 1620 933 1676 et
953 1613 1112 1696 aequales,
1136 1613 1287 1697 quasillo
1306 1615 1723 1697 praecepsamentiacaesis

399 1705 630 1789 prostratisque
660 1701 864 1771 sanctissimis
893 1707 974 1770 lucis
1002 1707 1270 1770 substmctionum
1293 1707 1413 1771 insanis
1434 1708 1569 1773 molibus
1591 1729 1723 1793 oppres·

399 1806 508 1874 serat,
521 1807 644 1863 vestrae
665 1807 747 1876 tum,
769 1808 893 1864 vestrae
914 1801 1084 1883 religiones
1102 1801 1285 1882 viguerunt,
1307 1809 1413 1865 vestra
1425 1803 1473 1865 vis
1488 1801 1603 1876 velarit,
1625 1821 1722 1885 qnam

399 1890 453 1953 illc
475 1891 562 1955 omni
583 1895 704 1959 scelere
724 1895 897 1980 polluerat;
926 1902 1029 1977 tuque
1050 1915 1090 1958 ex
1118 1903 1174 1958 tuo
1198 1893 1281 1958 edito
1303 1903 1429 1970 monte,
1458 1896 1591 1960 Latiaris
1613 1902 1722 1960 sancte

399 1985 549 2069 luppiter,
570 1989 660 2053 cuius
682 1989 736 2052 ille
756 1988 860 2063 lacus,
881 2007 1012 2079 nemora
1033 1985 1175 2072 finesque
1197 2007 1293 2071 saepe
1314 1990 1398 2052 omni
1421 1990 1541 2054 nefario
1564 1999 1672 2075 stupro
1687 1999 1722 2054 et

363 2099 390 2146 te
400 2080 519 2144 scelere
540 2084 724 2159 macularat,
747 2083 918 2168 aliquando
940 2083 981 2146 ad
1002 2101 1074 2145 eum
1093 2081 1305 2164 poeniendum
1321 2084 1430 2146 oculos
1445 2085 1608 2167 aperuisti;
1630 2083 1720 2147 robis

399 2173 490 2264 illae,
511 2176 601 2240 robis
621 2186 728 2242 restro
749 2179 782 2241 in
804 2185 975 2261 conspectu
996 2196 1100 2250 serae,
1124 2177 1179 2240 scd
1201 2177 1302 2239 iustae
1324 2185 1427 2240 tamen
1452 2185 1484 2240 et
1498 2176 1622 2242 debitae
1643 2199 1721 2261 poe·

399 2287 459 2331 nae
481 2268 604 2333 solutae
624 2280 714 2336 sunt:
736 2270 788 2334 86.
810 2273 872 2335 nisi
894 2271 974 2335 forte
994 2271 1057 2334 boc
1079 2271 1172 2333 etiam
1196 2290 1270 2333 casu
1291 2270 1408 2334 lactum
1429 2291 1498 2334 esre
1513 2269 1663 2346 dicemus,
1685 2281 1722 2336 ut

399 2369 473 2425 ante
502 2364 605 2448 ipsum
635 2368 806 2429 sacrarium
832 2368 940 2430 Bonae
965 2365 1063 2440 deae,
1092 2365 1178 2449 quod
1201 2365 1303 2428 estin
1324 2364 1423 2427 fundo
1445 2367 1481 2426 T.
1504 2365 1605 2448 Sergii
1628 2365 1721 2441 Galli,

398 2457 431 2519 in
459 2459 570 2542 primis
598 2460 724 2524 honesti
753 2468 785 2522 et
805 2460 908 2523 ornati
929 2459 1158 2544 adolescentis,
1187 2467 1260 2522 ante
1282 2461 1401 2541 ipsam,
1428 2460 1574 2540 inquam,
1602 2459 1721 2522 Βοηιιη

261 2538 271 2570 ”
361 2549 507 2628 sedeam,
529 2573 600 2617 cum
621 2552 778 2638 proelium
799 2553 1024 2629 commisisset,
1051 2554 1186 2637 primum
1216 2551 1294 2615 illud
1317 2552 1433 2615 vulnus
1454 2552 1627 2634 acciperet,
1656 2573 1721 2636 quo

399 2647 607 2712 taeterrimam
637 2655 771 2711 mortem
797 2649 914 2722 obiret,
944 2655 1067 2711 utnon
1089 2647 1255 2710 absolutus
1277 2646 1394 2710 iudicio
1415 2645 1470 2710 illo
1492 2646 1612 2711 neimio
1635 2647 1722 2712 vide-

398 2750 502 2816 retur,
524 2740 580 2805 sed
602 2741 642 2805 ad
664 2741 746 2806 hanc
766 2743 923 2825 insignem
944 2755 1080 2825 poenam
1101 2748 1290 2804 reservatus.
1333 2740 1465 2803 XXXII.
1486 2741 1551 2804 Nec
1567 2763 1641 2806 vero
1656 2761 1722 2806 uon

398 2835 509 2899 eadem
537 2837 583 2899 ira
605 2836 734 2903 deorum
755 2835 839 2899 banc
860 2836 928 2899 eius
950 2834 1136 2899 satellitibus
1157 2834 1265 2897 iniecit
1285 2833 1470 2909 amentiam,
1499 2843 1533 2898 ut
1554 2837 1623 2900 eine
1644 2837 1722 2900 ima·

398 2927 539 3011 ginibus,
561 2931 629 2994 eine
651 2938 747 2994 cantu
769 2938 865 3015 atque
886 2929 988 3005 ludis,
1011 2929 1080 2992 sine
1103 2929 1275 3012 exsequiis,
1297 2929 1366 3012 sine
1388 2929 1542 3005 lamentis,
1565 2931 1633 2993 sine
1654 2931 1722 2994 lau-

360 3021 595 3098 sedationibus,
622 3026 692 3088 sine
712 3023 840 3098 funere,
861 3024 978 3088 oblitus
1001 3043 1111 3087 cruore
1134 3029 1167 3087 et
1186 3022 1270 3097 luto,
1299 3023 1453 3104 spoliatus
1474 3023 1559 3086 illius
1581 3026 1721 3108 supremi

398 3116 462 3179 diei
484 3117 681 3193 celebritate,
708 3121 758 3182 cui
787 3119 899 3182 cedere
927 3118 1047 3183 inimici
1070 3119 1163 3182 etiam
1186 3117 1305 3190 solent,
1333 3116 1551 3182 ambureretur
1571 3120 1720 3184 abiectus.

398 3213 468 3274 Nou
494 3211 595 3276 luisse
616 3212 712 3277 credo
740 3213 788 3276 tas
817 3213 1064 3276 clarissimorum
1085 3213 1223 3275 virorum
1244 3206 1360 3273 formas
1380 3209 1428 3272 illi
1449 3213 1629 3278 taeterrimo
1650 3234 1721 3296 par·

396 3305 516 3369 ricidae
544 3307 663 3392 aliquid
693 3306 816 3370 decoris
844 3307 971 3380 afferre,
999 3325 1105 3390 neque
1133 3305 1199 3368 ullo
1228 3306 1259 3366 in
1282 3303 1350 3368 loco
1372 3305 1476 3386 potius
1498 3315 1631 3370 mortem
1653 3309 1722 3371 eius

397 3401 541 3476 lacerari,
564 3421 659 3486 qnam
681 3403 714 3463 in
737 3421 800 3485 que
821 3401 887 3464 rita
909 3408 994 3464 esset
1015 3402 1170 3465 damnata.

359 3514 388 3562 ao
482 3493 534 3558 87.
555 3498 640 3559 Dura
668 3495 930 3559 mediusfidius
959 3495 1034 3558 mihi
1062 3496 1125 3557 iam
1152 3497 1291 3558 Fortuna
1312 3495 1423 3578 populi
1443 3495 1576 3559 Romani
1598 3504 1630 3559 et
1651 3516 1722 3560 cru·

398 3589 478 3654 delia
508 3589 689 3664 videbatur,
719 3609 802 3673 quae
831 3598 877 3652 tot
903 3608 1003 3652 annos
1032 3589 1121 3652 illum
1144 3589 1176 3651 in
1198 3589 1281 3652 bane
1303 3589 1547 3671 rempublicam
1569 3591 1722 3654 insultare

396 3693 565 3769 pateretur.
606 3685 766 3747 Polluerat
793 3691 903 3769 stupro
933 3683 1147 3746 sanctissimas
1175 3683 1363 3765 religiones,
1391 3691 1517 3747 senatus
1539 3684 1723 3766 gravissima

402 3848 526 3858 m-
535 3847 756 3854 *mun-“—
771 3848 813 3853 --
825 3847 855 3852 ...-
867 3845 1149 3853 ——.--...—--——---
1161 3845 1233 3852 —.—...

460 3960 486 4009 4.
503 3955 757 4022 aemulemur·-
776 3956 801 4006 3.
820 3955 1020 4006 locesomeT—
1040 3952 1065 4004 4.
1083 3953 1316 4004 bobttotururT-
1336 3955 1360 4005 6.
1377 3955 1489 4018 ruptores
1506 3951 1600 4006 CS¹-—
1619 3957 1724 4019 term

396 4036 501 4088 ECW:
528 4046 593 4095 quoe
614 4045 672 4083 crem
689 4033 722 4088 T;
747 4033 837 4082 emus
857 4057 883 4067 —
911 4030 1009 4081 beluom
1033 4028 1099 4078 TE:
1126 4029 1232 4080 bettuom
1248 4031 1294 4080 SO
1314 4056 1341 4066 —
1362 4029 1556 4081 ccmmouieeeE
1576 4057 1602 4067 -
1629 4033 1654 4082 8.
1678 4034 1723 4084 Vos

395 4111 461 4161 euim
471 4137 509 4147 --
520 4109 570 4160 luci
591 4107 673 4159 habet
695 4104 868 4168 Quintilianus
884 4105 930 4165 tx,
954 4105 985 4166 i,
1009 4101 1054 4160 38;
1085 4105 1130 4154 Vos
1153 4105 1218 4155 mim
1230 4132 1266 4142 --
1278 4105 1358 4155 sociae
1374 4110 1397 4156 et
1413 4105 1529 4168 aequales
1544 4105 1616 4157 idem
1632 4107 1678 4168 lll,
1697 4109 1721 4170 l,

395 4186 427 4237 et
446 4187 473 4236 et
488 4185 546 4244 llll,
565 4184 606 4244 40,
624 4180 670 4242 04ς
687 4195 732 4232 eos
746 4181 835 4232 Albuci
852 4181 941 4231 tumuli
957 4185 1033 4243 otque
1049 4180 1099 4230 lucr'
1116 4180 1187 4232 idem
1204 4181 1250 4242 ill,
1268 4179 1293 4241 ³,
1312 4183 1370 4232 440.
1388 4181 1450 4240 464ς
1470 4195 1515 4232 oea
1529 4180 1619 4232 aream
1634 4183 1723 4232 tumult

394 4263 467 4312 idem
478 4261 520 4321 ill,
533 4259 558 4320 3,
572 4259 633 4319 mm
651 4257 794 4308 oosAtboui
809 4257 899 4306 umuli
914 4260 991 4318 utque
1007 4255 1056 4305 tuci
1072 4253 1152 4306 lulius
1164 4257 1254 4307 Victor
1264 4269 1290 4322 p.
1304 4257 1362 4318 act,
1375 4258 1415 4308 49.
1430 4283 1456 4295 -
1477 4257 1502 4307 0.
1520 4258 1625 4308 obtestor
1641 4257 1719 4308 TES:

394 4341 469 4386 testor
485 4335 535 4386 CO
554 4357 583 4370 -
610 4335 651 4384 40.
666 4333 754 4396 pomuli
770 4332 810 4398 a]
835 4346 884 4395 pr.
903 4332 923 4381 Τ
941 4357 969 4367 -
998 4331 1037 4380 ts.
1060 4335 1156 4382 vestroe
1177 4336 1244 4392 lum,
1270 4336 1367 4382 vestroe
1389 4334 1528 4384 Gruterus:
1553 4337 1651 4384 uestrae
1670 4338 1723 4383 tum

395 4424 466 4462 orae.
484 4414 582 4460 uuum
598 4408 687 4466 TES;
704 4413 801 4458 uestrae
817 4413 883 4470 trau,
902 4421 978 4468 croc,
995 4412 1092 4457 vestroe
1110 4407 1147 4469 tut
1163 4419 1226 4456 croc
1242 4408 1276 4458 sit
1291 4409 1433 4470 vocativus)
1451 4409 1483 4467 0;
1502 4407 1550 4459 sed
1567 4420 1619 4459 non
1636 4406 1723 4459 solum

395 4499 459 4536 urae
479 4484 647 4543 invocantur,
671 4495 766 4532 verum
784 4482 863 4532 etiam
880 4481 968 4530 tumuli
985 4487 1060 4544 utque
1076 4481 1132 4531 luci.
1154 4507 1181 4517 -
1206 4481 1291 4545 quom]
1309 4481 1518 4546 «corrigendum
1535 4495 1611 4544 quom
1635 4495 1722 4546 neque

395 4561 466 4612 enim
482 4558 670 4620 suscensere,
689 4557 739 4608 sed
754 4557 886 4620 religiones
903 4555 954 4606 dici
971 4558 1076 4621 poterat
1093 4553 1227 4606 Clodius.»
1244 4557 1323 4606 Base.
1344 4582 1372 4594 -
1399 4557 1437 4608 43.
1455 4563 1479 4609 et
1495 4563 1523 4608 tu
1539 4558 1569 4608 de
1583 4563 1666 4608 monte
1680 4565 1723 4608 tuo

394 4638 472 4696 edito,
497 4633 601 4684 sortem
620 4639 703 4683 macte
725 4632 819 4695 tupiter
842 4630 930 4682 schol.
949 4631 1046 4682 Lucani
1064 4633 1090 4691 l,
1110 4631 1166 4682 498.
1189 4657 1212 4669 -
1234 4631 1333 4682 urtam
1352 4632 1388 4682 E:
1414 4632 1507 4682 iuliade
1523 4634 1555 4694 S,
1582 4633 1669 4683 tctlueu'
1686 4634 1721 4690 Cr

394 4711 497 4762 tcttorel
512 4710 546 4769 T;
564 4709 666 4760 urerer
681 4709 754 4759 W·
773 4707 814 4758 44.
833 4707 941 4770 iuppiter
957 4705 1021 4757 TE:
1039 4706 1133 4768 tupiter
1149 4705 1194 4755 SO
1207 4733 1234 4742 -
1251 4709 1387 4771 recrees
1403 4707 1484 4758 TE-
1503 4709 1543 4757 40.
1559 4707 1724 4770 poeniendum

395 4788 428 4838 T:
445 4785 598 4850 praetendam
614 4784 729 4834 4450-
748 4783 881 4846 aperuero
898 4782 960 4833 C·
979 4783 1020 4833 46.
1033 4782 1074 4831 ille
1090 4781 1204 4831 TES-
1220 4781 1260 4831 40.
1274 4781 1359 4832 Bonae
1376 4783 1724 4845 deae--omcumscripsisret

394 4877 426 4914 ue
442 4864 477 4927 [p.
493 4859 565 4919 tt79,
583 4859 622 4921 44)
635 4857 718 4908 habet
733 4861 753 4909 P
767 4885 794 4895 -
814 4859 840 4908 T.
858 4871 912 4908 om.
925 4860 945 4908 P
959 4883 985 4894 —
1006 4857 1078 4920 Serpr'
1095 4858 1125 4906 P:
1144 4856 1203 4905 serti
1219 4855 1264 4905 TE
1283 4853 1365 4919 (elibri
1383 4855 1486 4906 calamo
1503 4857 1601 4908 exarati
1618 4858 1645 4907 in
1657 4859 1723 4906 Ger-

395 4938 483 4990 mania
494 4935 594 4987 serm.»
613 4936 744 4995 Gamer.);
763 4934 844 4984 seretti
860 4935 907 4984 80
927 4957 954 4969 -
973 4932 1014 4982 40.
1032 4930 1193 4982 odubmmtts
1209 4932 1229 4981 T
1247 4957 1269 4966 η
1293 4932 1333 4981 40.
1351 4927 1430 4993 istium
1446 4931 1494 4982 TE
1508 4955 1537 4969 ·-
1554 4931 1645 4981 uolnus
1659 4934 1679 4982 P
1692 4958 1720 4970 -

395 5011 592 5076 acciperetPS:
620 5012 743 5072 ocoepertt
761 5011 809 5062 TE
832 5035 860 5049 -
886 5011 927 5060 m.
946 5009 1166 5060 sectatricum:
1193 5006 1346 5056 teterrimum
1363 5007 1482 5066 TESO;
1506 5007 1570 5057 item
1587 5019 1613 5056 v.
1631 5005 1671 5057 27.
1692 5033 1720 5044 -

395 5091 436 5140 m.
450 5082 549 5150 ruppmt
564 5086 610 5137 ΤΕ
624 5110 651 5122 -
670 5086 712 5135 80.
725 5085 774 5149 cru]
786 5086 899 5148 qutT-
913 5087 998 5136 cedere
1013 5085 1120 5136 PTES:
1139 5082 1270 5132 concedere
1281 5082 1333 5131 0-
1347 5081 1442 5132 inimici
1458 5082 1533 5132 etium
1549 5082 1629 5132 TES:
1648 5082 1723 5132 etiem

396 5163 522 5215 tatmtcto
539 5189 568 5199 -
585 5160 760 5212 oerburmetrer
770 5161 798 5211 s:
817 5159 968 5210 imbueretur
978 5149 1023 5210 ΤΕ
1037 5185 1064 5195 -
1078 5158 1153 5208 etium
1170 5157 1278 5208 obtectus
1289 5157 1308 5206 Τ
1321 5180 1349 5194 -
1368 5157 1408 5208 08.
1421 5157 1523 5220 otiquod
1534 5159 1590 5208 T-
1609 5157 1650 5208 40.
1663 5162 1724 5207 esset

395 5240 451 5289 utto
466 5237 581 5289 PTES:
598 5238 653 5287 otto
669 5241 730 5286 esset
746 5237 808 5287 0-
827 5237 995 5299 deomootoT
1009 5263 1036 5272 -
1055 5235 1094 5286 30.
1106 5235 1201 5284 medius
1215 5233 1289 5297 fidius
1305 5232 1366 5283 mitt
1381 5233 1446 5285 PE:
1465 5233 1526 5283 miti
1541 5233 1637 5284 medius
1649 5232 1724 5298 fidius

396 5313 471 5365 Tso
486 5339 513 5350 -
530 5311 571 5363 04.
589 5324 727 5365 marcas.
744 5313 777 5372 1³3
794 5311 822 5360 ie
841 5311 905 5361 teuc
922 5311 1002 5375 .rp.T
1016 5337 1043 5348 —
1063 5309 1103 5360 04.
1118 5313 1249 5374 poteretur
1265 5309 1358 5359 PTE:
1375 5308 1469 5361 uideret
1484 5313 1651 5372 repeterem
1667 5308 1720 5358 SO.
