4009 6159
420 589 504 657 lits
807 594 1000 659 annuum
1020 594 1073 657 ΕΤ
1097 590 1364 659 Conslandus.

420 760 455 811 ad
471 760 514 822 id,
532 761 605 825 quod
621 762 780 825 praecessit:
799 763 955 813 watonem
970 768 994 813 et
1011 763 1083 826 quod
1099 762 1306 826 dtmmmimem
1320 760 1425 825 reptem
1458 757 1556 810 Saltem
1573 757 1626 809 boc
1642 757 1755 808 constat

420 847 446 897 ln
463 843 513 897 illis
529 843 634 909 litteris,
653 858 722 910 quae
740 846 766 896 iu
777 844 915 898 codicibus
925 848 997 909 sunt,
1010 846 1123 915 verbum
1135 848 1282 911 praesentis
1294 843 1509 901 indicativimodi
1520 841 1613 893 latere.
1632 844 1752 894 Maurae.

484 938 549 1003 §30
572 951 599 1004 p.
617 939 694 1001 llil,
714 941 754 991 il.
778 939 819 991 lc
834 942 913 1003 oum,
937 942 997 992 drea
1019 941 1082 1003 (hoc
1105 940 1212 992 codices
1229 940 1365 999 omittunt,
1389 936 1437 988 sed
1451 938 1607 987 necessario
1624 936 1754 986 additum

420 1023 469 1086 est)
486 1022 593 1073 deusto
613 1024 745 1087 psoresiom
764 1025 893 1075 Portunus
913 1030 1024 1089 capud,
1049 1039 1082 1075 uc
1098 1026 1205 1075 &cumis
1225 1024 1405 1086 imperatorum
1419 1024 1552 1084 pecuniam
1567 1020 1613 1071 sibi
1629 1021 1752 1084 coepisse.

420 1108 646 1172 Praepositionem
662 1121 696 1158 os
712 1108 835 1158 omittunt
851 1108 958 1160 codices
974 1110 1137 1161 oxonienses
1155 1108 1272 1173 exceptis
1289 1122 1307 1168 χ
1326 1111 1354 1158 et
1369 1114 1411 1171 ψ,
1433 1107 1552 1166 omnium
1570 1104 1754 1169 interpolatis-

419 1192 507 1254 simis,
527 1193 554 1242 at
569 1194 675 1243 vemres
693 1191 831 1243 editiones.
857 1192 911 1243 Sed
928 1195 1071 1258 antequam
1089 1192 1123 1243 de
1140 1192 1230 1243 verbis
1245 1202 1420 1256 quaeramus,
1439 1189 1472 1240 de
1484 1190 1541 1254 ipsa
1553 1202 1582 1239 re
1595 1188 1751 1239 videamus.

419 1277 549 1339 Pecunia,
568 1288 649 1340 quum
665 1290 712 1327 rex
729 1275 895 1329 Ptolemaeus
907 1277 1017 1327 Gabinio
1035 1276 1099 1327 dure
1117 1274 1246 1337 debebat,
1266 1289 1319 1326 non
1337 1289 1370 1325 ex
1385 1275 1505 1325 decumis
1522 1274 1646 1324 frumeuti
1663 1284 1754 1336 coge·

419 1359 512 1421 batur,
536 1359 600 1422 sed,
623 1363 653 1409 ut
674 1362 745 1412 totus
768 1361 811 1412 hie
828 1360 902 1412 locus
919 1360 1036 1412 ostendit
1052 1360 1115 1425 (tum
1130 1363 1206 1426 prout
1221 1359 1484 1423 eunomianorum),
1508 1357 1607 1408 tributo
1623 1360 1753 1421 Aegypto

420 1444 543 1510 imposito
559 1446 588 1495 et
603 1443 745 1509 descripto.
779 1445 832 1495 Sed
849 1444 884 1495 ud
900 1445 928 1495 ld
944 1443 1087 1507 tributum,
1111 1446 1183 1510 quod
1201 1445 1380 1496 necessarium
1399 1445 1469 1505 erat,
1492 1445 1522 1491 ut
1539 1440 1648 1492 Gabinio
1665 1441 1755 1492 satis-

420 1530 498 1580 fieret
519 1528 628 1592 (decem
650 1528 721 1579 milia
744 1528 930 1593 talentorum),
958 1534 1111 1591 accusator,
1139 1533 1168 1581 ut
1190 1530 1309 1593 proxima
1325 1527 1408 1579 verba
1431 1526 1590 1589 ostendunt,
1616 1524 1755 1590 arguebat

419 1615 574 1665 Postumum
591 1613 713 1664 minam
729 1612 860 1665 adiecisse
877 1614 956 1683 (dena
973 1616 1000 1665 in
1014 1616 1141 1675 centena,
1160 1617 1190 1664 ut
1206 1626 1254 1665 nos
1271 1612 1416 1677 loquimur,
1435 1610 1491 1673 vel,
1509 1615 1538 1661 ut
1555 1622 1665 1675 prorsus
1681 1608 1754 1659 bar-

419 1698 486 1748 baro
503 1696 604 1759 dicam,
622 1696 692 1747 dena
709 1711 758 1763 prc
774 1699 919 1761 centenis),
939 1710 1009 1762 quae
1026 1700 1075 1763 ipsi
1093 1696 1166 1748 lucro
1184 1698 1263 1748 esset.
1291 1696 1347 1746 lam
1364 1708 1434 1761 quae
1450 1697 1503 1748 sint
1519 1696 1544 1747 in
1563 1693 1606 1745 tali
1623 1706 1653 1744 re
1670 1695 1754 1743 dmu-

418 1795 476 1833 moe
491 1782 687 1845 imperatum,
706 1795 795 1845 nemo,
814 1784 921 1847 opinor,
940 1781 1049 1843 dixerit,
1068 1782 1118 1833 nisi
1130 1781 1201 1846 quod
1214 1783 1293 1832 eruut
1308 1780 1433 1841 tortasse,
1452 1780 1499 1843 qui
1514 1780 1639 1842 asperato
1649 1779 1752 1829 neutro

420 1878 519 1930 genere
536 1863 643 1929 intelligi
660 1864 755 1927 velint,
779 1867 851 1929 quod
869 1879 978 1931 prorsus
996 1879 1065 1930 nego
1082 1865 1139 1916 fleri
1164 1878 1258 1931 posse,
1282 1868 1312 1915 ut
1328 1866 1502 1929 pecuniamm
1519 1876 1641 1915 sommae
1658 1864 1753 1926 impe-

420 1952 494 2001 ratae
511 1951 552 2001 sle
568 1948 742 2016 appellentur.
769 1950 862 2012 ltaque
878 1950 1007 2001 mendum
1024 1949 1193 2001 manilestum
1210 1950 1293 2001 teneri
1313 1950 1392 2014 puto;
1416 1947 1632 1998 emendationem
1649 1946 1751 1997 alierre

420 2046 474 2086 aon
490 2046 600 2100 possum
617 2034 667 2085 nisi
685 2046 758 2093 eam,
783 2045 863 2097 quam
880 2035 906 2084 in
924 2034 1044 2085 credone
1066 2032 1144 2098 paulo
1161 2032 1316 2084 melioribus
1333 2031 1469 2083 codicibus
1487 2034 1644 2084 conservata
1660 2029 1752 2081 auda-

420 2132 482 2171 cem
499 2122 526 2168 et
542 2118 712 2169 temerariam
728 2115 863 2179 dicerem,
884 2118 912 2168 in
929 2118 980 2169 hac
996 2116 1169 2169 reiiciendam
1185 2131 1238 2169 non
1256 2117 1378 2168 arbitrer.
1404 2116 1514 2169 Videtur
1530 2118 1602 2168 enim
1619 2116 1682 2166 mibi
1700 2114 1750 2165 Ci-

420 2216 484 2255 cero
506 2203 659 2267 scripsisse:
689 2202 749 2251 duan
771 2200 878 2252 Gabinio
897 2203 1030 2265 pansam
1051 2203 1178 2253 Portam
1199 2206 1309 2267 copes,
1336 2203 1486 2252 decumus
1510 2202 1751 2264 imperatorum

417 2286 632 2352 pecuniarum
654 2284 701 2335 siti
721 2285 834 2350 matese.
862 2286 1007 2350 (Significat
1029 2298 1148 2337 summes
1168 2287 1193 2337 in
1212 2289 1302 2351 partes
1319 2287 1393 2350 regni
1410 2288 1437 2337 et
1454 2283 1536 2337 urbes
1553 2285 1701 2349 descriptus
1720 2284 1751 2333 et

420 2372 530 2438 propter
547 2382 607 2421 eam
623 2370 709 2435 ipsam
726 2382 835 2421 eausam
853 2369 947 2436 plurali
964 2383 1076 2422 numero
1093 2372 1209 2422 ιιωιιηιιιι
1225 2372 1303 2434 dicit,
1321 2372 1441 2435 proxime
1459 2371 1607 2431 derum.)
1633 2370 1689 2419 Hoc
1705 2368 1750 2419 sic

421 2455 546 2518 ambigue
563 2453 662 2505 dictam
679 2456 736 2517 est,
757 2456 788 2505 ut
803 2457 896 2520 posset
913 2455 1006 2506 cicero
1023 2456 1106 2520 (quod
1124 2456 1195 2519 lacit)
1213 2467 1359 2521 quaerere,
1384 2456 1472 2506 ulrum
1488 2460 1591 2519 procur
1606 2452 1648 2515 id,
1673 2451 1749 2517 quod

421 2539 532 2590 Gabinio
549 2540 701 2602 cogeretm,
720 2540 841 2591 accessio
858 2538 979 2590 decimae
996 2540 1066 2590 lacta
1083 2538 1231 2602 diceretur,
1257 2554 1289 2590 an
1308 2552 1340 2590 ex
1357 2540 1448 2589 coactu
1465 2550 1583 2601 summa,
1607 2550 1676 2602 quae
1694 2538 1750 2587 Ga-

421 2623 494 2676 binio
510 2622 670 2685 deberetur,
693 2624 834 2675 Postumus
852 2623 995 2674 decumam
1013 2625 1164 2676 exsecuisse
1182 2627 1209 2674 et
1224 2624 1373 2675 retinuisse.
1400 2624 1484 2675 linum
1501 2622 1647 2673 obscurum
1662 2620 1751 2671 videri

421 2710 519 2775 possit,
538 2720 591 2773 quo
608 2708 689 2759 modo
707 2707 829 2759 Ciceroni
846 2707 936 2758 dicere
952 2706 1069 2770 licuerit,
1093 2708 1116 2758 si
1132 2709 1205 2773 prius
1222 2705 1285 2758 illud
1302 2707 1400 2758 iactum
1418 2708 1466 2770 sit,
1485 2707 1533 2769 lll,
1552 2720 1606 2758 nou
1621 2706 1644 2757 x
1660 2704 1750 2756 talen-

421 2796 479 2845 tum
500 2791 572 2843 milia
594 2791 629 2843 ad
651 2791 791 2842 Gabiniam
815 2793 985 2857 pervenisse,
1017 2805 1100 2857 quum
1124 2795 1214 2842 tamen
1237 2790 1306 2842 mille
1332 2790 1429 2842 talenta
1452 2804 1485 2841 ex
1507 2792 1661 2847 accessione
1683 2792 1748 2840 nata

421 2880 578 2930 Postumum
593 2876 735 2928 retinuisse
752 2878 876 2940 argueret
892 2876 979 2937 idem,
1001 2877 1048 2941 qui
1065 2877 1245 2927 accessionem
1263 2875 1359 2927 laetam
1376 2878 1484 2926 omnino
1501 2875 1615 2937 diceret,
1634 2888 1749 2925 accusa·

421 2964 472 3013 lor.
499 2961 552 3013 Sed
567 2962 603 3013 ad
620 2961 758 3012 Gabinium
775 2961 928 3025 pervenisse
946 2962 1040 3012 Cicero
1057 2960 1120 3011 dicit
1136 2974 1244 3012 omnem
1262 2974 1322 3011 eum
1339 2960 1494 3026 pecuniam,
1513 2960 1588 3010 auius
1600 2956 1748 3023 exigendae

421 3059 503 3097 causa
519 3048 546 3097 iu
563 3044 605 3096 illo
623 3045 723 3097 luisset.
754 3046 792 3095 Ac
809 3043 937 3095 mendum
955 3044 1064 3108 quidem
1080 3044 1107 3094 in
1124 3046 1176 3095 hoc
1193 3043 1252 3095 loco
1269 3058 1329 3095 esse
1347 3044 1410 3095 mihi
1428 3044 1529 3095 certum
1548 3046 1602 3103 est,
1627 3044 1747 3094 veritatis

421 3131 531 3194 vestigia
552 3130 661 3180 minimo
683 3131 737 3179 tam
760 3140 887 3193 expressa
903 3131 966 3179 suut
982 3140 1063 3192 quem
1080 3130 1126 3179 aut
1141 3130 1168 3179 in
1184 3128 1365 3193 superioribus
1381 3129 1460 3179 huius
1476 3128 1602 3179 orationis
1619 3126 1683 3177 locis
1699 3130 1748 3178 aut

421 3216 450 3266 lu
467 3227 515 3278 eo,
533 3214 567 3265 de
585 3226 638 3278 quo
655 3212 783 3277 deinceps
799 3212 896 3263 dicam.
914 3213 1024 3264 ιιιυιιιι.

486 3306 551 3373 533
568 3320 594 3372 p.
613 3305 687 3367 sits,
707 3304 748 3357 ll.
773 3307 854 3369 Quotus
875 3306 920 3356 diu
940 3306 1124 3358 inimicissimus
1146 3309 1197 3358 cet.
1229 3306 1262 3358 Et
1283 3319 1364 3372 quam
1381 3306 1426 3358 diu
1448 3307 1597 3358 inimicitiae
1614 3304 1665 3358 sibl
1681 3317 1746 3357 cum

422 3390 532 3443 Gabinio
548 3391 658 3453 luerint,
675 3390 805 3455 integram
824 3392 953 3442 mansisse
970 3404 1033 3443 cum
1045 3393 1170 3457 Pompeio
1188 3392 1331 3443 amicitiam
1343 3390 1406 3442 dicit
1423 3394 1450 3442 et
1467 3406 1500 3442 ex
1516 3390 1597 3442 animi
1608 3390 1747 3443 'sententia

421 3491 453 3529 se
469 3477 592 3528 hortante
607 3475 736 3540 Pompeio
752 3486 815 3525 eum
832 3474 942 3527 Gabinio
958 3476 986 3527 iu
1002 3476 1114 3540 gratiam
1130 3475 1242 3528 redisse.
1268 3478 1379 3527 Prorsus
1395 3488 1521 3542 perverse
1539 3476 1566 3526 et
1583 3478 1674 3526 contra
1685 3487 1746 3525 om-

422 3574 485 3613 nem
501 3560 737 3625 argumentationis
754 3558 954 3611 cohaerentiam
970 3561 1117 3626 contraque
1135 3573 1209 3624 eam,
1233 3574 1315 3626 quam
1332 3562 1484 3613 constanter
1501 3558 1595 3611 Cicero
1610 3560 1652 3610 bls
1669 3560 1746 3610 anuis

420 3646 554 3710 sequitur,
575 3642 795 3695 lumilisrisslmae
817 3647 879 3695 cum
899 3644 1026 3710 Pompeio
1049 3646 1239 3697 coniunctionis
1262 3646 1380 3710 speciem
1397 3643 1567 3709 significaret,
1589 3644 1746 3709 Pompeium

421 3729 564 3794 aliquando
581 3728 632 3781 sibl
649 3727 750 3779 Gabinii
768 3740 846 3779 causa
862 3742 914 3779 eoo
930 3729 1047 3781 amicum
1063 3730 1158 3791 luisse;
1177 3743 1211 3780 ne
1228 3730 1348 3796 proxima
1359 3730 1467 3794 quidem
1481 3732 1555 3779 recte
1568 3727 1747 3792 adiungeren-

422 3817 465 3865 tur
482 3814 547 3877 (oeo,
563 3818 727 3877 pmuupuom
743 3813 814 3875 cet).
841 3814 934 3883 ltaque
950 3814 1080 3865 hactenus
1097 3815 1226 3865 sententia
1242 3816 1315 3865 recta
1333 3816 1375 3866 est
1390 3827 1525 3880 praveque
1541 3816 1572 3863 Α.
1584 3812 1746 3876 Augustinus

421 3896 507 3949 scribi
519 3897 612 3948 uoluit:
631 3910 682 3948 ooo
697 3897 862 3948 eustatmus
876 3898 937 3947 mibi
952 3898 1080 3961 Pompeius
1094 3897 1151 3961 suit.
1174 3897 1227 3949 Sed
1245 3901 1272 3951 et
1289 3899 1311 3950 is
1328 3900 1356 3949 et
1370 3898 1497 3950 Patricius
1514 3901 1587 3949 recte
1604 3898 1747 3948 senserunt

422 3983 548 4034 orationis
571 3981 686 4033 lormam
709 3994 820 4047 pravam
841 3994 902 4033 esse
923 3995 1013 4046 neque
1035 3980 1078 4032 lllo
1100 3979 1160 4033 loco
1182 3984 1243 4033 ante
1260 3982 1378 4048 Pompeii
1395 3994 1494 4033 nomen
1508 3995 1559 4033 eoo
1576 3981 1637 4045 puni
1653 3992 1745 4047 posse.

423 4068 477 4119 Sed
492 4066 596 4118 Patrioii
614 4066 766 4117 coniectura
782 4066 876 4117 vitium
892 4079 946 4118 nou
961 4065 1068 4118 tollitur.
1094 4068 1123 4117 lu
1140 4067 1191 4117 hac
1209 4068 1280 4119 enim
1296 4066 1395 4128 lorma,
1417 4067 1443 4117 in
1461 4078 1512 4132 qus
1529 4064 1645 4117 tollenda
1662 4076 1746 4129 negu-

424 4152 495 4202 tione
516 4149 674 4213 aliirmutur,
698 4151 850 4201 necessario
872 4150 898 4201 ei
918 4152 1066 4214 negationi,
1092 4164 1160 4215 quae
1183 4152 1213 4202 ut
1235 4149 1301 4203 lalsu
1317 4147 1413 4203 tollitur
1429 4150 1567 4215 (Potnpetus
1582 4150 1747 4201 amicimus

421 4236 483 4286 ιιιιιι
503 4248 555 4285 eos
574 4232 633 4299 suti)
652 4233 843 4299 praeponenda
859 4235 901 4285 est
916 4233 999 4286 altere
1016 4236 1121 4299 negatio
1146 4234 1241 4298 (Neque
1256 4241 1285 4286 tu
1299 4236 1345 4287 lsoc
1359 4249 1411 4285 sou
1425 4235 1502 4287 uides.
1527 4236 1560 4286 itt
1575 4239 1602 4285 tu
1617 4234 1663 4285 lior
1676 4232 1746 4283 sides

420 4332 500 4382 seque
518 4318 580 4369 mibi
594 4332 646 4370 oon
663 4318 824 4383 perspicacem
839 4323 883 4370 est.
908 4320 978 4382 Nou,
996 4319 1169 4371 si--idcireo
1184 4334 1235 4371 soe
1252 4320 1306 4372 Cic.
1324 4321 1354 4371 N.
1373 4320 1404 4371 D.
1424 4320 1447 4380 l,
1466 4320 1491 4382 9,
1509 4320 1561 4382 ιι.)
1587 4320 1678 4384 ltaque
1694 4330 1744 4383 pro

422 4416 455 4455 eo
478 4402 550 4466 quod
570 4404 612 4453 est
632 4417 683 4454 ooo
700 4415 801 4466 potaron
820 4417 871 4453 uos
890 4405 952 4468 nore
973 4416 1054 4455 nemo
1076 4403 1141 4456 dixit
1156 4418 1206 4455 sou
1221 4407 1281 4470 {tere
1296 4418 1346 4455 sou
1365 4416 1475 4466 possum.
1502 4402 1570 4464 Quid
1586 4404 1665 4467 igitur
1679 4401 1745 4453 liet?

368 4550 373 4561 Ι
422 4488 533 4554 opinor,
550 4487 590 4538 sic
606 4484 770 4538 scribemus:
797 4487 873 4548 Nec,
891 4500 969 4549 ᾳιιαιιι
984 4488 1030 4539 diu
1045 4488 1228 4539 iuimicbaiuus
1245 4488 1350 4541 Gabinio
1364 4488 1417 4552 sut,
1439 4501 1491 4538 nou
1507 4488 1669 4538 amicissmus
1683 4485 1745 4536 miti

421 4570 550 4634 Pompeius
564 4570 626 4633 suit,
648 4585 706 4634 aso,
724 4575 953 4635 postsopuomn,
976 4573 1111 4635 putoquom
1130 4572 1245 4623 mutate
1264 4572 1304 4638 epi
1327 4572 1386 4635 (boo
1402 4572 1474 4623 euim
1491 4573 1610 4636 egregrie
1628 4572 1743 4624 Halmius

422 4655 554 4718 restituit).
578 4655 671 4718 Neque
687 4657 766 4706 autes
784 4668 861 4706 suom
876 4656 1049 4722 Pompeiique
1066 4656 1209 4709 amicitiam
1225 4656 1275 4708 illis
1292 4668 1353 4707 oum
1371 4655 1480 4708 Gabinio
1498 4656 1638 4708 inimicitiis
1654 4656 1744 4706 immi-

421 4741 515 4791 nutam
535 4738 617 4790 luisse
640 4737 703 4789 dicit
723 4752 811 4803 neque
831 4752 927 4791 rursus
949 4754 1021 4791 nuuc
1036 4740 1147 4805 perfidia
1164 4754 1213 4792 sua
1229 4738 1380 4791 violandam
1397 4754 1457 4793 esse
1475 4742 1521 4793 aut
1536 4741 1667 4793 hactenus
1683 4752 1742 4791 osse

422 4822 554 4875 uiolatam.
578 4821 631 4874 Noc
646 4823 715 4875 inter
729 4837 757 4875 us
773 4826 801 4875 et
816 4838 832 4887 p
849 4838 903 4876 nou
919 4826 955 4876 ita
972 4823 1113 4897 dililculter
1129 4823 1253 4879 excidere
1269 4827 1381 4889 poterat.
1405 4826 1516 4889 Mauris,

487 4926 552 4992 536
573 4938 602 4991 p.
619 4923 698 4987 litt,
716 4927 741 4977 ι.
775 4927 933 4980 ciceronem
955 4927 1093 4993 scripsisse
1115 4931 1194 4994 puto:
1219 4928 1328 4979 ιιιηιοιιι
1348 4933 1444 4993 putiau
1465 4927 1585 4993 upsbuut,
1612 4928 1742 4991 empuis,

421 5012 510 5074 uodo,
534 5021 628 5070 cumo:
651 5022 719 5060 staro
738 5010 830 5063 musca
848 5017 946 5075 termus
964 5012 1062 5063 amno
1082 5016 1126 5063 est.
1160 5012 1277 5064 Primum
1295 5014 1401 5077 ponitur
1417 5012 1555 5075 universa,
1583 5024 1636 5076 quo
1653 5008 1742 5062 colore

422 5095 567 5148 adversarii
583 5093 695 5147 lortasse
711 5096 786 5145 usuri
801 5097 855 5147 siut
871 5095 906 5148 ud
923 5094 1082 5147 elevandum
1096 5094 1331 5147 Alexandrinorum
1347 5098 1374 5148 iu
1391 5095 1493 5148 (lubinti
1509 5094 1606 5147 iudicio
1622 5096 1743 5147 tesime-

422 5181 511 5241 nium;
533 5178 650 5230 occurrit
664 5178 759 5237 Cicero
774 5180 872 5231 eodem
889 5176 970 5233 modo
986 5179 1100 5244 elevari,
1122 5180 1194 5245 quod
1210 5192 1280 5232 nuno
1298 5180 1393 5233 dicturi
1410 5182 1470 5233 sint.
1499 5180 1552 5232 Sed
1568 5180 1596 5230 ln
1612 5180 1663 5231 bac
1680 5188 1744 5230 ora-

422 5264 500 5317 tionis
514 5262 602 5319 torma
617 5260 833 5317 adversariorum
849 5266 984 5319 excusatio
999 5262 1154 5331 simpliciter
1169 5264 1275 5331 adiungi
1291 5264 1373 5319 debet
1388 5266 1428 5319 rei
1441 5266 1666 5321 commemoratae
1684 5264 1743 5317 siue
