4009 6159
436 514 520 581 ttot
834 519 989 584 ORATIO
1011 520 1090 586 PRO
1111 521 1173 586 CN.
1195 520 1368 589 PLANCIO

434 690 554 754 iactura
574 687 719 754 facienda
740 696 801 763 est,
828 691 1001 754 sedetiam
1029 692 1207 774 largitionis
1235 692 1419 775 recipienda
1446 693 1586 776 suspicio
1615 700 1680 757 est:
1709 695 1756 758 sin

433 784 519 847 hunc
547 781 593 845 illi
622 791 797 866 antepono,
827 785 1056 850 contumeliosa
1083 785 1229 849 habenda
1255 795 1304 850 est
1332 786 1435 849 oratio
1465 795 1496 849 et
1518 785 1689 851 dicendum
1710 796 1757 850 est

433 879 482 952 id,
504 876 590 960 quod
611 877 666 940 ille
687 898 737 941 mo
759 879 895 961 flagitat,
916 881 1118 944 Laterensem
1133 901 1152 942 a
1166 880 1295 942 Plancio
1311 880 1464 962 dignitate
1479 899 1548 943 esse
1565 889 1756 966 superatum.

431 973 479 1034 lta
506 979 560 1034 aut
588 971 771 1035 amicissimi
793 972 930 1036 hominis
952 973 1145 1036 existimatio
1167 973 1358 1036 offendenda
1380 981 1444 1048 est,
1472 975 1499 1036 si
1520 974 1607 1038 illam
1629 995 1758 1039 aecusa-

412 1064 528 1127 etionis
555 1064 769 1129 conditionem
797 1086 931 1150 sequar,
960 1075 1015 1130 aut
1040 1067 1159 1149 optime
1188 1068 1227 1131 de
1256 1089 1305 1130 me
1338 1069 1441 1131 meriti
1464 1068 1548 1132 salus
1571 1069 1757 1132 deserenda.

432 1160 486 1225 Ill.
515 1158 577 1221 Sed
605 1177 680 1240 ego,
709 1159 904 1233 Laterensis,
934 1180 1062 1224 caecum
1086 1150 1140 1224 ¹me
1169 1169 1203 1224 et
1230 1162 1434 1246 praecipitem
1455 1160 1530 1226 ferri
1554 1160 1704 1226 confitear
1724 1165 1757 1226 in

431 1272 541 1327 causa,
564 1253 644 1316 site
665 1259 720 1317 aut
740 1272 759 1315 a
780 1253 905 1317 Plancio
928 1262 983 1318 aut
1004 1255 1043 1318 alr
1067 1255 1133 1318 ullo
1149 1254 1302 1338 dignitate
1318 1257 1460 1336 potuisse
1475 1257 1617 1339 superari
1634 1257 1758 1320 dixero.

429 1346 540 1431 ltaque
563 1345 723 1412 discedam
744 1347 784 1409 an
806 1367 844 1410 ea
865 1349 1084 1423 contentione,
1106 1347 1145 1410 ad
1168 1368 1262 1433 quam
1286 1357 1317 1412 tu
1335 1369 1384 1412 me
1398 1369 1509 1424 vocas,
1532 1359 1564 1412 et
1577 1351 1758 1416 veniamad

429 1442 534 1516 illam,
555 1441 596 1504 ad
618 1461 712 1523 quam
734 1462 785 1504 me
806 1462 902 1505 causa
922 1443 992 1525 ipsa
1015 1442 1153 1506 deducit.
1197 1441 1226 1505 7.
1250 1443 1356 1518 Quid‘l
1379 1452 1413 1506 tu
1433 1443 1575 1526 †magui
1592 1445 1758 1527 dignitatis

393 1537 565 1600 toindicem
587 1543 680 1617 putas
701 1554 772 1597 esse
793 1535 968 1619 populum?
997 1536 1144 1599 Fortasse
1166 1557 1229 1600 non
1253 1536 1427 1620 uum'quam
1449 1546 1506 1600 est.
1541 1539 1665 1602 Utinam
1680 1559 1757 1603 vcro

429 1649 555 1712 semper
576 1629 676 1691 essetl
700 1627 756 1690 sed
778 1635 826 1691 ost
846 1649 975 1710 perraro
999 1639 1045 1704 et,
1068 1630 1096 1691 si
1118 1630 1246 1714 quando
1266 1640 1333 1706 ost,
1355 1632 1441 1695 iniis
1458 1632 1691 1714 magistratibus
1709 1643 1758 1695 est

430 1723 631 1798 mandandis,
655 1723 771 1805 quibus
793 1722 927 1786 salutem
950 1743 1038 1786 suam
1061 1724 1213 1787 committi
1235 1733 1345 1807 putat:
1366 1725 1417 1788 his
1431 1724 1602 1790 levioribus
1619 1727 1757 1790 comitiis

429 1816 594 1900 diligentia
620 1826 654 1881 et
681 1817 780 1901 gratia
801 1818 972 1900 petitorum
993 1817 1096 1882 honos
1118 1821 1256 1903 paritur,
1284 1840 1347 1883 non
1370 1823 1410 1882 iis
1432 1822 1640 1896 ornamentis,
1672 1841 1755 1905 quae

429 1931 499 1974 esse
521 1913 555 1975 in
576 1919 608 1975 te
629 1912 783 1974 videmus.
817 1913 895 1973 Nam
924 1912 1011 1996 quod
1033 1911 1072 1976 ad
1094 1913 1421 1997 populum'pertinet,
1447 1935 1573 1998 semper
1594 1917 1756 1999 dignitatis

392 2021 421 2068 ss
429 2005 559 2089 iniquus
579 2006 677 2070 iudex
698 2013 763 2082 est,
791 2007 847 2090 qui
867 2014 923 2070 aut
943 2006 1064 2071 invidet
1083 2014 1139 2072 aut
1159 2007 1261 2072 favet:
1291 2027 1483 2093 quamquam
1505 2009 1585 2072 nihil
1605 2017 1698 2094 potes
1721 2010 1754 2073 in

429 2109 478 2175 tc,
500 2101 698 2176 Laterensis,
724 2101 931 2175 constituere,
953 2104 1039 2186 quod
1062 2104 1102 2168 sit
1124 2103 1284 2189 proprium
1306 2104 1409 2167 laudis
1431 2113 1520 2179 tuae,
1543 2103 1619 2187 quin
1642 2104 1675 2167 id
1697 2103 1755 2166 tihi

428 2196 470 2258 sit
498 2215 662 2259 commune
690 2215 762 2259 cum
788 2195 928 2259 Plancio.
971 2195 1000 2258 8.
1032 2199 1094 2261 Sed
1122 2198 1183 2261 lroc
1213 2207 1314 2261 totum
1336 2205 1446 2281 agetur
1466 2199 1529 2261 alio
1551 2199 1639 2262 loco:
1668 2218 1755 2260 nunc

428 2295 550 2352 tantum
578 2287 704 2372 disputo
736 2286 776 2351 de
804 2289 873 2352 iure
901 2291 1029 2372 populi,
1062 2292 1118 2376 qui
1147 2300 1179 2355 et
1207 2299 1313 2374 potest
1334 2300 1366 2355 ct
1391 2291 1473 2354 solet
1493 2311 1557 2356 nou
1580 2309 1755 2375 numquam

427 2383 541 2466 dignos
564 2383 751 2467 praeterire,
773 2403 831 2446 nec
854 2383 881 2446 si
903 2404 923 2447 a
944 2386 1063 2468 populo
1086 2386 1275 2468 praeteritus
1297 2394 1345 2450 est
1365 2406 1460 2469 quem
1482 2405 1546 2450 nou
1562 2386 1712 2468 oportuit,
1736 2406 1754 2448 a

390 2477 585 2542 roiudicilaus
613 2475 872 2541 condemnandus
900 2480 1026 2562 estqui
1048 2481 1238 2562 praeteritus
1261 2501 1325 2544 non
1347 2489 1404 2544 est.
1442 2481 1520 2543 Nam
1542 2479 1569 2544 si
1591 2480 1635 2544 ita
1656 2489 1753 2554 esset,

427 2572 515 2656 quod
543 2579 650 2655 patres
678 2573 919 2655 apud'maiores
940 2581 1066 2637 nostros
1088 2583 1196 2638 tenore
1217 2595 1282 2638 nou
1304 2582 1493 2658 potnerunt,
1527 2583 1562 2638 ut
1582 2573 1754 2659 reprehen-

427 2686 514 2730 sores
536 2673 644 2730 esseut
664 2667 880 2742 comitiorum,
902 2666 935 2728 id
955 2667 1110 2732 haberent
1131 2668 1269 2743 iudices,
1292 2669 1342 2732 vel
1357 2669 1443 2751 quod
1464 2667 1563 2731 multo
1578 2670 1671 2732 etiam
1694 2669 1754 2730 mi-

426 2781 486 2824 nus
508 2767 592 2824 esset
612 2759 787 2824 ferendum.
821 2763 901 2824 Tum
930 2763 1013 2824 enirn
1035 2763 1249 2844 magistratum
1272 2783 1335 2826 nou
1358 2762 1488 2844 gerebat
1508 2761 1552 2837 is,
1582 2763 1637 2845 qui
1659 2781 1754 2846 cepe-

427 2863 489 2930 rat,
511 2855 538 2919 si
559 2862 664 2939 putres
685 2865 831 2919 auctores
852 2875 916 2919 uon
939 2865 1029 2918 erant
1048 2857 1140 2920 lacti:
1163 2877 1247 2920 nunc
1270 2857 1446 2940 postulatur
1464 2876 1483 2918 a
1498 2855 1603 2930 vobis,
1625 2861 1661 2918 ut
1680 2857 1751 2918 eius

388 2950 556 3025 marsilio,
585 2951 641 3032 qui
663 2955 788 3014 creatus
810 2949 867 3024 sit,
895 2949 1047 3013 iudicium
1077 2950 1186 3034 populi
1208 2950 1339 3013 Romani
1361 2948 1607 3031 reprehendatis.
1638 2949 1751 3030 ltaque

426 3063 616 3128 quamquam
643 3063 707 3126 qua
736 3043 826 3107 nolui
859 3046 953 3108 ianua
981 3064 1050 3106 sum
1080 3045 1240 3126 ingressus
1262 3044 1295 3106 iu
1318 3061 1461 3117 causam,
1491 3061 1617 3127 sperare
1639 3040 1751 3103 videor

424 3144 546 3201 tantum
576 3136 731 3201 afuturam
762 3156 831 3201 esse
854 3137 1027 3201 orationem
1051 3157 1150 3200 meam
1172 3157 1191 3200 a
1213 3137 1340 3200 minima
1362 3137 1543 3220 suspicione
1565 3133 1750 3200 offensionis

424 3241 516 3306 tuae,
537 3239 569 3295 te
590 3239 626 3294 ut
647 3231 749 3316 potius
771 3232 951 3313 obiurgem,
973 3230 1059 3315 quod
1081 3232 1223 3314 iniquum
1245 3232 1279 3293 in
1295 3229 1464 3294 discrimen
1485 3229 1624 3292 adducas
1646 3227 1750 3309 digni-

424 3334 521 3389 tatem
541 3333 639 3398 tuam
661 3345 757 3408 quam
779 3334 814 3388 ut
835 3345 904 3388 cam
926 3345 986 3407 ego
1001 3325 1066 3388 ulla
1081 3325 1270 3389 contumelia
1284 3343 1380 3388 coner
1394 3326 1556 3405 attingere.
1589 3323 1641 3384 lv.
1655 3317 1685 3383 9.
1700 3321 1747 3382 Τιι

387 3419 667 3493 socontincntiam,
695 3426 728 3481 tu
749 3419 952 3493 industriam,
980 3426 1016 3481 tu
1035 3420 1175 3482 animum
1198 3420 1230 3481 iu
1252 3416 1514 3501 rempublicam,
1536 3425 1571 3480 tu
1593 3417 1747 3488 virtutem,

425 3523 459 3577 tu
481 3513 714 3587 innocentiam,
737 3521 771 3575 tu
792 3510 905 3587 fidem,
934 3521 968 3575 tu
990 3513 1113 3576 labores
1137 3520 1224 3586 tuos,
1247 3512 1331 3594 qnod
1353 3511 1463 3574 aedilis
1486 3531 1548 3576 uon
1571 3511 1614 3574 sis
1635 3509 1747 3581 factus,

424 3607 539 3671 fractos
562 3627 631 3670 esse
653 3614 686 3671 et
713 3607 852 3670 abiectos
875 3615 907 3669 et
927 3607 1111 3688 repudiatos
1133 3610 1246 3689 putas‘l
1278 3605 1357 3668 Vide
1387 3606 1530 3679 tandem,
1559 3603 1747 3674 Laterensis,

425 3708 580 3786 quantum
600 3720 660 3784 ego
683 3721 702 3764 a
723 3709 755 3764 te
777 3701 971 3764 dissentiam.
1007 3700 1057 3774 Si,
1079 3719 1129 3762 mc
1151 3700 1222 3763 dius
1244 3696 1354 3773 fidius,
1377 3699 1487 3762 decem
1508 3698 1568 3761 soli
1586 3703 1691 3760 esseut
1712 3696 1745 3756 in

424 3797 549 3861 civitate
572 3796 631 3860 viri
650 3795 745 3871 honi,
772 3794 952 3878 sapientes,
979 3792 1073 3869 iusti,
1100 3812 1227 3876 graves,
1259 3793 1314 3877 qui
1343 3801 1374 3856 te
1400 3791 1564 3875 indignum
1586 3789 1745 3854 aedilitate
1850 3847 1853 3888 ι

489 4155 513 4204 4.
526 4154 626 4204 lnctnrc
636 4164 705 4202 corr.
719 4164 752 4200 ex
763 4155 859 4200 mtnro
870 4151 889 4200 E
904 4174 931 4187 -
946 4148 1059 4200 alterum
1070 4154 1105 4200 est
1118 4148 1216 4200 delevit
1228 4151 1364 4200 Manutius.
1375 4176 1401 4186 ·-
1421 4147 1445 4199 4.
1458 4153 1504 4198 ont
1520 4147 1545 4198 in
1558 4159 1649 4197 rasura
1661 4145 1742 4194 habet

423 4226 490 4279 Ε-
508 4230 533 4279 5.
550 4227 646 4279 meritis
662 4227 709 4278 TE
728 4254 754 4263 -
774 4225 986 4276 daerendoTE:
1005 4226 1225 4275 demerdoesto
1244 4252 1270 4260 —
1296 4227 1320 4276 6.
1338 4224 1481 4284 consan
1499 4249 1526 4260 -
1546 4223 1570 4271 T.
1589 4222 1744 4270 notamen

423 4316 477 4353 om.
495 4303 515 4352 T
533 4328 560 4338 -
579 4303 633 4354 nllo
649 4301 669 4353 li
683 4328 711 4337 -
726 4301 836 4365 ponnus
852 4301 938 4351 om.T
954 4325 980 4335 —
1001 4299 1025 4350 9.
1043 4301 1099 4363 ipso
1116 4313 1170 4350 om.
1183 4301 1203 4350 T
1217 4326 1243 4336 -
1264 4301 1328 4360 Quid
1344 4305 1371 4350 tn
1386 4301 1473 4362 mgni
1490 4296 1660 4362 dipnnotnT:
1679 4295 1743 4356 Quid

422 4376 496 4427 tum?
511 4377 548 4427 An
564 4377 693 4442 digenstis
708 4376 741 4435 E;
761 4376 838 4439 Quid,
856 4381 914 4425 tone
930 4375 1059 4439 ᾶίφιίιαιίι
1075 4389 1107 4426 ea
1125 4374 1230 4424 duobus
1247 4375 1325 4425 codd.
1346 4373 1511 4432 Wunderus;
1531 4369 1613 4434 Ouid?
1629 4376 1687 4420 trane
1702 4381 1743 4417 no-

423 4465 500 4514 grnnn
515 4452 644 4515 dignitatis
660 4451 818 4511 Lambinus,
841 4450 924 4513 Qntd?
945 4456 973 4501 tn
988 4465 1075 4501 oerum
1091 4452 1219 4515 dignitatis
1234 4451 1329 4502 Rarius
1346 4449 1407 4501 Var.
1425 4451 1507 4499 Lectt.
1526 4449 1556 4498 ll.
1575 4461 1601 4512 p.
1621 4445 1668 4497 489
1684 4457 1739 4508 sq.;

424 4527 500 4588 ind,
523 4532 581 4577 trare
596 4542 681 4579 worn
697 4528 826 4593 &polinis
841 4525 956 4576 Klotzius
973 4527 1000 4576 in
1018 4526 1060 4576 ed.
1079 4525 1192 4588 Teubn,
1213 4527 1258 4590 qui
1275 4529 1363 4576 tomen
1381 4525 1510 4588 (Prooem.
1527 4535 1554 4587 p.
1572 4521 1658 4583 llllll.)
1675 4520 1741 4570 scri-

424 4602 509 4667 psisse
529 4615 559 4653 se
576 4602 639 4654 dicit
655 4604 720 4665 Qnid
735 4603 783 4652 to?
802 4613 893 4651 nunna
909 4601 1038 4665 dignitatis
1054 4603 1120 4660 cet.;
1144 4599 1228 4663 Quid?
1244 4607 1284 4661 tn,
1302 4602 1403 4662 Marce,
1421 4599 1549 4663 mendatis
1564 4594 1690 4648 llalmius.
1709 4621 1741 4630 -

423 4677 463 4726 to.
484 4675 636 4742 Utinom1nt
650 4679 754 4729 ircrnT
776 4705 799 4712 —
825 4679 864 4728 44.
883 4677 926 4742 cst]
943 4689 992 4728 csso
1008 4678 1028 4727 T
1046 4704 1073 4712 -
1096 4677 1136 4728 43,
1152 4680 1250 4740 potitor
1266 4679 1298 4734 T;
1315 4683 1426 4740 paratur
1442 4675 1462 4724 E
1482 4701 1508 4711 —
1527 4671 1567 4724 44.
1586 4673 1616 4736 tc]
1633 4671 1693 4721 scT
1712 4696 1737 4705 -

406 4753 463 4823 Ι45.
477 4756 557 4814 potest
573 4753 620 4804 TE
639 4781 667 4790 -
686 4755 726 4805 46.
745 4753 813 4818 qnia]
831 4753 891 4815 qnid
907 4753 965 4802 T-
984 4753 1025 4802 20.
1044 4754 1260 4815 condempnandos
1276 4753 1296 4802 T
1313 4779 1340 4789 -
1359 4758 1394 4802 est
1410 4755 1470 4801 aute
1483 4751 1525 4812 qni
1542 4749 1627 4799 om.T
1646 4769 1672 4783 -
1690 4759 1739 4795 non

422 4838 475 4876 om.
495 4826 540 4876 TE
559 4854 586 4862 —
608 4829 701 4879 stom.
719 4828 739 4878 T
758 4855 783 4866 -
809 4829 849 4878 Tl.
867 4828 972 4877 motoris
988 4827 1007 4876 T
1026 4851 1052 4862 ··
1073 4825 1230 4893 repncnsoros
1246 4829 1265 4878 T
1283 4829 1318 4892 (et
1334 4829 1372 4878 sic
1388 4819 1577 4890 saepissimegi
1596 4822 1675 4872 etism
1691 4833 1739 4885 pro

417 4900 474 4963 pre)
488 4927 515 4937 -
533 4900 574 4951 23.
593 4907 653 4952 esset
668 4903 700 4952 E:
718 4908 796 4953 enen
811 4903 843 4963 T;
862 4903 968 4952 estO-
987 4909 1103 4966 coeperet
1119 4905 1139 4954 T
1158 4931 1184 4940 -
1204 4903 1244 4955 et.
1258 4904 1309 4953 etan
1324 4915 1378 4953 om.
1393 4903 1414 4952 Τ
1431 4927 1457 4937 -
1477 4901 1517 4951 25.
1536 4899 1611 4949 acillo
1628 4895 1675 4948 ΤΕ
1693 4895 1740 4958 (sic

422 4973 530 5038 ubique)
548 5001 575 5010 -
596 4977 684 5040 populi
702 4978 816 5044 loanni]
834 4993 861 5041 p.
879 4980 908 5029 n.
926 4979 964 5038 Ε;
989 4992 1037 5041 pr.
1056 4979 1076 5029 Τ
1098 5005 1124 5014 -
1147 4979 1188 5030 To.
1207 4978 1371 5043 quamquam]
1393 4979 1447 5028 tom
1463 4972 1505 5039 qn
1519 4975 1552 5034 Τ;
1575 4975 1628 5024 inm
1644 4968 1692 5036 gaso
1708 4971 1737 5022 E.

422 5049 461 5103 Gt.
479 5062 506 5116 p.
525 5051 597 5111 4404,
611 5052 634 5102 4.
652 5079 679 5089 -
699 5065 751 5116 qno
766 5065 846 5118 supra
862 5065 970 5104 versum
987 5053 1069 5104 habet
1079 5053 1099 5106 E
1111 5080 1144 5111 -,
1157 5054 1226 5105 nolui
1242 5055 1328 5106 ΤΕ-
1346 5051 1387 5103 27.
1405 5053 1534 5116 afuturam
1550 5050 1582 5101 T:
1600 5049 1738 5112 emenone

422 5125 456 5184 E;
475 5124 619 5189 &Maron
635 5126 656 5177 0
674 5153 701 5163 -
724 5139 800 5179 mens
815 5127 870 5194 tlitt.
887 5142 914 5179 m
930 5130 1069 5194 expuncta)
1087 5130 1107 5180 T
1126 5157 1153 5167 -
1175 5129 1217 5181 28.
1234 5130 1328 5180 interm
1343 5131 1376 5190 Τ;
1396 5125 1560 5179 tntmtcannE
1579 5153 1606 5164 —
1623 5123 1664 5175 29.
1682 5134 1738 5172 soso

422 5197 1705 5286 mammonae-acoenonoetus-nonannoean-annemundo.
