4009 6159
397 572 460 641 sot
633 532 644 553 '
799 572 952 643 omno
972 515 1111 641 caen.
1131 572 1290 641 smcco

396 748 505 831 Nuper
531 744 667 830 epulati,
696 745 792 829 paulo
819 753 894 810 ante
916 742 1002 811 omni
1030 743 1199 828 largitione
1220 742 1365 819 saturati,
1397 744 1601 828 Pergameni,
1632 744 1721 830 quod

261 880 275 891 -
396 841 608 917 Mithridates,
629 838 684 923 qni
706 838 942 903 multitudinem
964 837 1052 903 illem
1073 858 1138 901 non
1160 836 1347 902 auctoritate
1369 856 1444 913 sua,
1465 837 1523 902 sed
1542 838 1653 922 sagina
1673 846 1721 903 te-

394 936 508 1011 nebat,
530 956 565 999 se
586 933 668 998 velle
690 931 788 1008 dixit,
810 932 845 997 id
866 940 990 997 sutores
1012 938 1046 997 et
1065 932 1185 996 zonarii
1207 931 1453 996 conclamarunt
1487 932 1557 997 IIoc
1577 935 1721 998 testimo-

394 1029 481 1093 nium
500 1038 549 1094 est
567 1028 726 1093 civitatis?
753 1027 822 1110 Ego
844 1033 941 1091 testes
963 1046 982 1089 a
1004 1025 1114 1089 Sicilia
1133 1025 1261 1109 publice
1281 1024 1417 1101 deduxi3
1438 1046 1549 1092 verum
1570 1036 1661 1093 erant
1681 1047 1721 1092 ea

369 1122 576 1187 ttestimonia
596 1141 661 1185 non
683 1121 860 1187 concitatae
881 1120 1056 1196 contionis,
1078 1119 1135 1184 sed
1156 1120 1251 1183 iurati
1272 1126 1411 1183 senatus.
1454 1115 1505 1184 ta.
1528 1120 1635 1197 Quare
1654 1120 1719 1185 iam

392 1235 458 1279 non
479 1223 529 1281 est
549 1214 626 1279 mibi
648 1214 811 1280 contentio
833 1234 905 1279 eum
926 1220 1025 1278 teste:
1053 1214 1142 1278 vobis
1163 1212 1335 1277 videndum
1358 1223 1423 1289 est,
1445 1215 1550 1279 sintne
1570 1214 1651 1279 baec
1671 1222 1720 1279 te·

391 1311 539 1375 stimonia
558 1309 710 1395 putanda.
747 1309 831 1373 VIII.
848 1307 1045 1373 Adolescens
1058 1307 1179 1383 bouus,
1201 1306 1337 1372 honesto
1353 1308 1424 1372 Ioco
1438 1316 1548 1385 natus,
1569 1308 1719 1385 dIsertus,

391 1424 464 1468 cum
485 1405 626 1470 maximo
648 1402 915 1488 ornatissimoque
937 1403 1088 1467 comitatu
1108 1401 1196 1465 venit
1215 1402 1250 1464 in
1263 1401 1417 1486 oppidum
1432 1402 1640 1481 Graecorum3
1660 1424 1719 1487 po·

391 1498 488 1563 stulat
514 1500 712 1575 contionem
745 1497 921 1582 locupletes
953 1496 1099 1561 homines
1127 1502 1315 1578 etgraves,
1348 1516 1390 1560 ne
1418 1496 1480 1560 sibi
1500 1496 1718 1571 adversentur,

352 1606 380 1653 to
389 1591 565 1657 testimonii
586 1592 827 1657 denuntiatione
850 1591 1003 1667 deterret;
1027 1596 1156 1673 egentes
1178 1596 1210 1653 et
1231 1589 1318 1653 leves
1339 1610 1396 1674 spe
1417 1590 1586 1674 legationis
1599 1601 1633 1657 et
1650 1592 1718 1657 ria·

262 1718 275 1727 ·
389 1686 453 1750 tice
474 1685 620 1770 publico,
643 1686 762 1770 privata
784 1685 880 1750 etiam
900 1685 1097 1768 benignitate
1118 1684 1281 1770 prolectat.
1317 1680 1455 1767 Opifices
1473 1692 1506 1750 et
1520 1686 1717 1751 tabernarios

388 1788 485 1864 atque
506 1780 595 1844 illam
620 1799 745 1844 emnem
767 1778 888 1843 faecem
911 1779 1072 1843 civitatum
1094 1778 1172 1862 quid
1195 1786 1244 1841 est
1264 1780 1383 1862 negotii
1398 1780 1573 1857 concitare,
1594 1782 1630 1844 in
1644 1800 1717 1846 eum

387 1876 591 1958 praesertim,
625 1874 681 1959 qui
713 1893 815 1959 nuper
843 1892 967 1937 summo
995 1892 1068 1936 cum
1098 1872 1234 1956 imperio
1260 1872 1371 1950 fuerit,
1404 1894 1527 1938 summo
1555 1881 1662 1938 antem
1682 1872 1715 1936 in

386 1988 493 2033 amore
516 1989 585 2034 esse
607 1976 736 2053 propter
756 1987 873 2031 nomen
895 1966 1001 2050 ipsum
1022 1966 1147 2051 imperii
1169 1986 1235 2031 nun
1256 1967 1422 2050 potuerit?
1464 1963 1516 2031 ta
1537 1966 1716 2031 Mirandum

207 2065 224 2088 “¹
350 2076 463 2127 atvero
485 2069 548 2139 est,
577 2062 725 2127 homines
747 2080 821 2135 eos,
836 2048 960 2153 Quibus
982 2060 1058 2124 odio
1081 2068 1156 2123 sunt
1176 2068 1303 2125 nosuae
1324 2081 1469 2137 secures,
1490 2081 1608 2125 nomen
1628 2080 1716 2126 acer·

385 2158 496 2234 bitati,
516 2156 687 2240 scriptura,
710 2156 878 2231 decumae,
901 2154 1075 2238 portorium
1097 2140 1366 2331 &ruplbenter
1379 2156 1519 2242 arripere
1532 2155 1716 2221 facultatem

386 2250 549 2325 laedendi,
582 2270 805 2335 quaecumque
827 2246 935 2313 detur!
968 2248 1161 2312 Mementote
1183 2249 1194 2310 i
1218 2248 1296 2324 tur,
1318 2269 1391 2314 cum
1411 2249 1549 2315 audietis
1570 2247 1715 2336 psephis-

386 2354 486 2424 mata,
507 2364 574 2409 non
595 2343 704 2408 audire
725 2363 782 2408 vos
803 2342 1002 2417 testimonia,
1031 2342 1141 2406 audire
1169 2343 1376 2407 temeritatem
1397 2343 1501 2427 vulgi,
1529 2342 1640 2408 audire
1660 2362 1715 2407 vo-

385 2462 455 2507 cem
474 2438 629 2505 lesissimi
651 2439 820 2520 cuiusque,
841 2435 951 2500 audire
973 2435 1139 2519 strepitum
1154 2436 1389 2521 imperitorum,
1411 2437 1522 2501 audire
1535 2440 1714 2503 contionem

346 2535 575 2601 seconcitatam
602 2532 780 2597 levissimae
811 2530 961 2595 nationis.
1006 2529 1116 2612 Itaque
1145 2530 1386 2615 perscrutamini
1415 2532 1542 2615 penitus
1569 2540 1715 2598 naturam

384 2631 605 2713 rationemque
627 2627 811 2691 emminum:
834 2625 898 2689 iam
918 2621 999 2687 nibil
1014 2630 1139 2706 practer
1153 2624 1307 2707 speciem,
1328 2623 1410 2689 nihil
1423 2632 1550 2708 praeter
1562 2633 1715 2691 tenorem

384 2746 421 2790 ac
452 2724 553 2790 minas
581 2721 756 2806 reperietis.
799 2721 855 2783 tx.
876 2714 928 2781 20.
950 2718 988 2779 In
1008 2718 1129 2782 aerario
1151 2718 1231 2782 nihil
1252 2718 1371 2782 babent
1392 2719 1554 2796 civitates,
1576 2719 1659 2783 nibil
1680 2719 1715 2783 in

383 2817 607 2902 vectigalibus3
630 2814 712 2880 duae
726 2814 865 2879 rationes
880 2808 1097 2877 conficiendae
1113 2813 1279 2895 pecuniae,
1293 2818 1350 2876 aut
1364 2832 1494 2877 versura
1508 2821 1564 2879 aut
1577 2814 1713 2879 tributo:

383 2934 444 2978 nec
475 2910 600 2977 tabulae
630 2908 796 2973 creditoris
825 2906 1046 2992 proteruntur,
1077 2926 1138 2970 nec
1157 2906 1270 2971 tributi
1291 2905 1447 2971 confectio
1466 2908 1532 2972 ulla
1553 2907 1713 2972 recitatur.

346 3006 489 3085 nouam
509 3024 584 3071 vere
605 3002 699 3068 facile
720 3002 816 3067 falsas
837 3001 976 3065 rationes
997 2999 1114 3064 inferre
1129 3000 1210 3065 etin
1224 3000 1371 3076 tabulas,
1387 3000 1612 3086 quodcumque
1627 3020 1714 3065 com·

383 3100 514 3167 modum
542 3106 607 3175 est,
635 3096 755 3161 reterre
782 3096 921 3170 soleant,
951 3115 992 3157 ex
1020 3094 1076 3159 Cn.
1098 3093 1243 3178 Pompeii
1271 3094 1386 3160 litteris
1414 3096 1455 3159 ad
1475 3095 1661 3179 Hypsaeum
1681 3101 1713 3158 et

381 3194 522 3281 Hypsaei
543 3191 792 3277 ad'Pompeium
813 3190 933 3265 missis,
957 3208 1096 3274 quaeso,
1117 3188 1310 3271 cognoscite.
1342 3190 1504 3253 bunnense
1518 3191 1655 3255 Pourrn
1671 3210 1713 3254 sn

382 3289 534 3353 IIrnsssr.
573 3287 697 3352 Satisne
724 3285 815 3351 vobis
843 3303 1016 3367 coarguere
1035 3284 1088 3347 his
1109 3283 1291 3348 auctoribus
1313 3282 1501 3347 dissolutam
1522 3284 1713 3350 Graecomm

383 3379 646 3446 consuetudinem
674 3379 901 3462 licentiamque
931 3376 1150 3461 impudentem
1176 3378 1343 3443 videmur?
1377 3378 1438 3442 nisi
1466 3377 1548 3443 torte
1575 3379 1632 3464 qui
1655 3380 1712 3443 Cn.

345 3476 585 3559 eoPompeinm,
607 3475 664 3559 qui
686 3479 901 3556 praesentem,
923 3472 979 3555 qui
1001 3471 1090 3535 nullo
1113 3471 1295 3557 impellente
1309 3471 1479 3549 fallebant,
1501 3480 1713 3557 assurgente

382 3570 491 3635 Laelio
519 3570 553 3633 in
582 3568 744 3633 absentem
773 3573 805 3631 et
831 3566 864 3629 in
894 3566 931 3628 I..
952 3565 1101 3630 Flaccum
1122 3574 1178 3630 aut
1198 3565 1326 3630 timidos
1348 3565 1448 3631 inisse
1469 3573 1526 3632 aut
1545 3567 1713 3650 religiosos

382 3670 542 3748 putamus.
585 3657 637 3725 24.
659 3659 724 3725 Sed
754 3660 872 3724 inerint
903 3660 1101 3742 incorruptae
1128 3660 1252 3725 litterae
1274 3660 1379 3724 domi:
1412 3681 1497 3725 nunc
1517 3681 1594 3726 vero
1615 3682 1712 3747 quam

382 3756 500 3821 babere
520 3756 737 3823 auctoritatem
759 3762 814 3819 aut
835 3773 931 3837 quam
952 3749 1047 3818 iidem
1069 3757 1228 3837 possuntt
1262 3755 1381 3819 Triduo
1402 3753 1457 3819 Iex
1472 3755 1513 3820 ad
1534 3766 1713 3842 praetorem

386 3849 519 3925 deferri,
540 3848 681 3914 iudicum
703 3849 802 3933 signis
825 3847 982 3931 obsignari
1002 3847 1107 3912 iubete
1131 3849 1291 3913 tricesimo
1307 3850 1359 3913 die
1373 3850 1429 3915 vix
1443 3850 1638 3916 deferuntur.
1664 3852 1713 3915 Ne

345 3944 547 4030 aeormmpi
575 3943 701 4010 tabulm
728 3941 822 4007 IaciIe
842 3941 981 4026 possint,
1011 3942 1130 4007 idcirco
1151 3943 1206 4007 Iex
1227 3944 1407 4028 obsignatas
1428 3945 1464 4008 in
1484 3944 1613 4029 publico
1634 3944 1713 4031 peni

447 4228 472 4279 t.
492 4227 535 4290 cut
545 4250 583 4263 ·-
593 4224 690 4277 madet
705 4222 788 4275 hebet
804 4225 824 4274 B
843 4250 871 4261 -
889 4224 972 4275 roan
992 4224 1029 4289 (et
1043 4225 1072 4278 in
1087 4222 1213 4276 lemmate
1230 4227 1258 4277 et
1275 4225 1302 4276 in
1318 4226 1531 4292 commentariolt
1550 4239 1604 4278 om.
1617 4227 1709 4279 ceteri

385 4328 413 4338 -
431 4302 456 4353 3.
474 4302 542 4363 guod
556 4312 581 4352 ee
595 4299 749 4352 eua--est
765 4299 873 4349 ctudmtr
892 4297 1010 4350 bebetB
1029 4326 1058 4337 -
1076 4300 1186 4365 amoto]
1203 4301 1308 4352 cederit
1324 4301 1372 4353 ΡΤ
1389 4328 1417 4339 -
1435 4299 1460 4352 t.
1479 4315 1497 4352 a
1512 4302 1713 4367 stetaputtoe

383 4377 476 4427 443ιωί
496 4374 629 4427 Halmius:
654 4390 672 4427 a
694 4374 720 4439 (e
735 4387 820 4440 marg.
838 4373 868 4438 2)
889 4376 978 4427 aare
995 4375 1093 4439 mdltce
1114 4378 1179 4429 dect
1199 4377 1291 4429 ceteri.
1322 4377 1397 4429 Ceut.
1415 4377 1576 4442 ttedvigium
1591 4379 1622 4430 de
1636 4380 1710 4432 ron.

383 4465 409 4517 p.
428 4453 485 4504 tto.
507 4479 535 4489 -
558 4452 582 4504 6.
600 4451 758 4503 diuidendae
778 4452 798 4503 Τ
822 4478 849 4489 -
873 4451 897 4502 9.
916 4452 1112 4503 momatur
1135 4453 1183 4504 SA
1204 4478 1232 4488 -
1257 4453 1298 4503 to.
1316 4452 1454 4520 4494444444]
1475 4453 1616 4519 ursam
1631 4455 1710 4507 'I'AL

385 4552 413 4563 ·-
431 4527 474 4577 tt.
489 4526 610 4589 perlectae
625 4528 672 4579 SA
691 4552 719 4562 -
739 4528 778 4579 tt.
794 4527 944 4591 praeatus
959 4528 986 4578 tc
1002 4529 1126 4579 aens-
1146 4528 1294 4580 tartonam
1310 4529 1375 4592 msc]
1393 4529 1491 4580 cumb
1506 4542 1603 4581 asom
1618 4530 1709 4581 tt-

383 4600 424 4652 rt.
440 4602 641 4665 proptertpsom
656 4603 757 4665 tmpett
772 4604 930 4653 uomens-
950 4601 1071 4668 temo]
1087 4604 1206 4654 occs-
1225 4602 1606 4667 gottw-recomhabetit3
1624 4604 1713 4669 malet

382 4702 420 4713 --
430 4677 506 4727 mortt
521 4677 667 4728 Arusitmns
684 4676 796 4729 Messius
812 4689 839 4742 p.
855 4676 903 4728 etr
919 4674 962 4728 ed.
980 4677 1099 4729 Lindem.
1119 4706 1147 4716 -
1165 4678 1308 4730 coemto
1323 4680 1369 4731 st
1385 4682 1413 4730 et
1426 4678 1487 4730 cod.
1500 4679 1567 4730 (tud.
1579 4681 1710 4733 medani.

385 4779 413 4789 -
432 4752 473 4804 46.
486 4754 596 4804 manee
608 4757 744 4817 portensa
760 4753 914 4804 Arusianus.
929 4778 954 4791 ·-
976 4754 1017 4805 ta.
1034 4767 1081 4804 uer
1096 4754 1186 4804 audire
1200 4754 1260 4805 Τ-
1279 4754 1320 4805 ta.
1338 4753 1484 4819 conum]
1500 4756 1712 4807 causamme

381 4828 524 4880 condensos
539 4829 569 4889 S;
587 4828 766 4879 conmiserat
781 4832 804 4878 et
820 4828 881 4879 Τ-
903 4828 945 4879 st.
963 4830 1065 4893 spettm
1080 4831 1110 4880 s:
1127 4842 1196 4894 pero
1211 4829 1319 4881 Tuto
1336 4854 1365 4866 -
1385 4829 1711 4896 aar-metuoleosthoc

381 4902 497 4957 verbum
513 4902 576 4955 inde
593 4902 627 4954 eb
639 4901 705 4954 aldo
722 4916 808 4967 usque
826 4903 860 4955 ad
872 4902 998 4955 Orellium
1014 4903 1175 4956 addebatur:
1192 4906 1282 4956 Docere
1295 4905 1412 4956 meter
1426 4904 1557 4957 40444444.
1581 4904 1649 4958 Nihil
1660 4904 1711 4959 de-

382 4992 442 5031 esse
461 4992 476 5031 e
493 4976 638 5031 Scbobmta
655 4978 746 5030 docuit
762 4979 858 5041 linium
876 4978 911 5031 ct.
928 4978 1058 5031 Klotzinm
1073 4980 1216 5033 Emeum
1234 4980 1295 5032 titt.
1312 4994 1341 5046 p.
1352 4981 1395 5032 et.
1411 5006 1446 5019 ·-
1460 4981 1491 5031 to
1505 4981 1609 5033 asco
1618 4994 1711 5033 --oe-

381 5053 514 5119 ctigalibus
529 5051 613 5104 babet
628 5054 647 5104 B
667 5080 695 5091 -
714 5052 757 5105 at.
776 5054 858 5116 Quoto
872 5066 933 5105 uere
948 5054 1029 5119 suber
1043 5055 1154 5105 raticosa
1168 5055 1196 5106 ie
1211 5054 1312 5107 tubulus
1326 5055 1419 5120 were
1433 5055 1529 5107 tolmet
1543 5053 1626 5107 babet
1641 5056 1661 5107 e
1678 5080 1707 5091 -

380 5129 422 5180 26.
440 5129 517 5179 rebat
533 5129 550 5177 S
569 5154 597 5163 —-
615 5128 657 5179 et.
674 5128 802 5181 trusum
817 5128 926 5181 Possm
947 5143 981 5180 sn
996 5130 1132 5182 timeam
1146 5142 1180 5182 rr
1195 5130 1306 5183 Hrrsrst
1320 5143 1353 5180 sc
1368 5131 1537 5183 Pommrrt.
1554 5157 1582 5168 -
1599 5130 1641 5183 29.
1658 5130 1711 5181 tus-

378 5205 560 5267 peedcotcm't
580 5230 614 5242 —
636 5203 677 5255 33.
696 5204 788 5255 Trtctsw
804 5203 846 5254 tec
863 5206 898 5255 oct
915 5210 1059 5268 preewrero
1077 5204 1170 5269 desem
1188 5205 1255 5258 iubet
1273 5204 1356 5257 babet
1374 5206 1395 5258 B
1413 5232 1441 5245 -
1463 5204 1505 5259 34.
1522 5204 1608 5272 deme]
1624 5204 1709 5258 aas&

382 5278 402 5329 Β
418 5279 445 5329 in
463 5279 665 5332 commentario.
680 5306 708 5317 -
726 5280 853 5345 tetgeetruo
868 5281 952 5332 SAF.
