4009 6159
667 570 741 635 cn
761 569 993 634 xvir-xm
1021 565 1067 652 pp
1088 565 1237 632 n-so
1531 557 1614 627 4444

292 742 377 806 idem
406 761 511 804 comes
541 740 659 816 Clodii,
689 742 778 804 cuius
805 739 869 803 iam
898 740 1020 824 pridem
1051 738 1231 802 testimonio
1254 735 1383 800 Clodius
1406 735 1516 800 eadem
1536 737 1615 800 hora

293 809 504 900 Interamnae
510 835 614 898 4444444
634 843 667 897 44
687 836 821 910 Romae,
852 837 886 897 P.
909 834 1052 896 Clodium
1081 832 1137 894 illo
1160 832 1243 894 die
1232 852 1266 894 44
1288 831 1410 894 Albano
1432 852 1614 896 mansurum

290 931 406 1004 fuisse,
428 930 485 994 sed
507 930 611 993 subito
632 930 661 992 ei
685 949 754 992 esse
776 930 969 999 nuntiatum,
993 928 1107 1010 Cyrum
1128 927 1335 990 architectum
1356 945 1426 988 osse
1440 935 1615 1001 mortuum,
1670 966 1676 982 .

292 1025 400 1108 itaque
428 1032 558 1108 repente
586 1025 717 1086 Romam
739 1022 940 1085 constituisse
961 1021 1129 1105 proficisci.
1165 1007 1254 1083 Dixit
1274 1019 1336 1082 hoc
1358 1040 1463 1084 comes
1485 1021 1614 1083 itemP.
1678 992 1687 1099 l

292 1118 410 1192 Clodii,
436 1118 469 1180 d.
492 1117 631 1181 Clodius.
675 1117 788 1178 xviii.
812 1111 863 1176 47.
885 1115 1008 1189 Videte,
1032 1115 1163 1189 iudices,
1185 1121 1322 1198 quantae
1344 1134 1394 1179 res
1409 1115 1460 1178 bis
1475 1117 1639 1180 testimo-e

290 1212 354 1275 uiis
376 1211 441 1276 sint
461 1203 633 1274 coniectae.
669 1211 806 1273 Primum
828 1216 912 1271 certe
940 1209 1093 1271 liberatur
1112 1209 1188 1273 Milo
1210 1226 1275 1270 non
1297 1228 1335 1271 eo
1358 1209 1491 1272 consilio
1513 1209 1617 1292 prole-

292 1315 360 1369 ctus
382 1326 469 1378 csse,
490 1313 525 1368 ut
545 1304 747 1369 insidiaretur
768 1304 802 1365 iu
824 1304 874 1366 ria
897 1302 1028 1365 Clodio:
1051 1304 1187 1386 quippe;
1210 1303 1237 1366 si
1254 1301 1308 1365 ille
1323 1302 1433 1366 obvius
1448 1305 1477 1366 ei
1491 1304 1617 1368 iuturus

292 1401 421 1464 omnino
451 1419 516 1462 non
538 1407 615 1462 erat.
651 1397 773 1461 Deinde
796 1431 837 1444 -
860 1415 924 1458 nou
947 1396 1033 1459 enim
1054 1395 1167 1469 video,
1197 1416 1254 1459 cur
1275 1416 1337 1458 non
1361 1416 1466 1460 meum
1488 1419 1626 1482 qnoque·

291 1513 382 1576 agam
403 1494 565 1576 negotium
587 1526 629 1540 —
651 1493 757 1564 scitis,
778 1491 914 1564 iudices,
939 1488 1037 1552 luisse
1059 1491 1168 1572 quiin
1190 1490 1251 1554 hac
1272 1492 1434 1572 rogatione
1456 1492 1617 1558 suadenda

291 1586 452 1661 dicerent,
479 1585 608 1648 Milonis
637 1605 733 1648 manu
755 1584 884 1646 caedem
906 1603 976 1646 csse
997 1583 1127 1658 laetam,
1158 1583 1289 1647 consilio
1312 1603 1387 1647 vero
1410 1587 1538 1651 maioris
1560 1588 1655 1651 ali-ro

292 1682 390 1745 euius.
427 1682 478 1745 lle
499 1678 649 1743 videlieet
670 1678 823 1742 latronem
845 1698 882 1740 ae
904 1678 1052 1740 sicarium
1069 1678 1183 1741 abiecti
1204 1677 1350 1741 homines
1372 1687 1405 1742 et
1425 1681 1540 1763 perditi
1563 1680 1618 1744 de·

290 1775 480 1840 scribebant.
524 1775 632 1837 lacent
659 1772 726 1836 suis
755 1771 908 1846 testibus,
942 1773 999 1854 qui
1028 1772 1172 1834 Clodium
1201 1781 1320 1854 negant
1341 1793 1380 1836 eo
1403 1773 1454 1836 die
1475 1774 1616 1848 Romam,

291 1869 353 1932 nisi
376 1868 415 1932 de
438 1868 519 1952 Cyro
541 1868 698 1941 audisset,
719 1866 819 1930 luisse
841 1866 1027 1930 rediturum.
1064 1866 1243 1948 Respirari,
1272 1866 1422 1931 liberatus
1444 1890 1530 1945 sum3
1552 1889 1617 1932 non

292 1983 403 2028 vereor
434 1983 492 2037 ne,
526 1961 613 2046 quod
642 1980 688 2025 ne
718 1961 873 2042 suspicari
903 1961 1031 2043 quidem
1060 1960 1233 2041 potuerim,
1267 1959 1377 2025 videar
1396 1961 1430 2025 id
1452 1963 1616 2045 cogitasse.

229 2070 237 2076 “
292 2055 343 2120 48.
364 2059 455 2120 Nune
477 2075 650 2139 persequar
671 2061 784 2118 cetera.
819 2056 897 2120 Nam
919 2057 1054 2118 occurrit
1075 2056 1173 2119 illud:
1197 2057 1315 2138 «Igitur
1336 2078 1376 2120 ne
1399 2057 1527 2121 Clodius
1550 2059 1619 2141 qui·
1629 2075 1656 2122 44

291 2151 364 2215 dem
385 2150 426 2214 de
447 2149 572 2213 insidiis
594 2149 758 2231 cogitavit,
780 2149 930 2232 quoniam
945 2148 1006 2212 luit
1026 2150 1060 2213 iu
1076 2149 1199 2213 Albano
1214 2171 1409 2214 mansurus.»
1439 2152 1472 2213 si
1488 2150 1618 2235 quidem

293 2246 436 2308 exiturus
458 2243 499 2308 ad
521 2243 651 2307 eaedem
674 2242 789 2306 crille
811 2261 876 2304 non
899 2243 1022 2306 luisset.
1058 2243 1159 2306 Video
1182 2245 1266 2306 enirn
1287 2244 1394 2320 illum,
1421 2247 1475 2328 qui
1498 2246 1621 2310 dicatur

292 2338 333 2403 de
356 2339 430 2422 Cyri
452 2347 554 2401 morte
575 2337 750 2412 nuntiasse,
772 2355 837 2400 nou
858 2336 891 2398 id
911 2339 1093 2412 nuntiasse,
1117 2339 1172 2401 sed
1188 2339 1339 2402 Milonem
1354 2341 1619 2425 appropinquare.

290 2437 369 2497 Nam
392 2432 532 2517 quidde
556 2432 637 2516 Cyro
658 2434 836 2505 nuntiaret,
864 2452 959 2514 quom
983 2432 1113 2496 Clodius
1138 2433 1237 2495 Roma
1262 2429 1463 2516 proficiscens
1484 2435 1621 2519 relique·

291 2534 340 2590 rat
367 2527 577 2590 morientem?
622 2527 689 2590 Una
721 2525 784 2600 lui,
816 2532 1040 2588 testamentum
1071 2525 1164 2600 simul
1192 2525 1354 2608 obsignavi
1387 2546 1458 2590 cum
1493 2527 1659 2605 clodione

294 2628 514 2684 testamentum
543 2627 649 2684 eutem
676 2619 781 2702 palam
809 2619 942 2693 iecerat,
972 2628 1005 2682 et
1034 2619 1125 2682 illum
1146 2619 1296 2683 heredem
1318 2626 1350 2683 et
1371 2639 1420 2684 me
1442 2623 1619 2706 scripserat.

293 2714 397 2791 Quem
424 2714 528 2799 pridie
556 2714 634 2777 bora
663 2714 756 2776 tertia
784 2713 919 2776 animam
950 2713 1110 2778 efflantem
1137 2713 1336 2797 reliquisset,
1365 2735 1438 2778 eum
1460 2719 1618 2782 mortuum

293 2808 447 2893 postridie
474 2809 555 2872 bora
581 2806 703 2870 decima
732 2806 872 2890 denique
894 2808 924 2870 ei
946 2808 1177 2870 nuntiabatur?
1220 2807 1307 2869 XIX.
1329 2805 1380 2871 49.
1402 2813 1482 2892 Age,
1513 2812 1554 2875 sit
1575 2812 1619 2875 ita

292 2903 426 2966 iactum:
450 2921 532 2985 quae
554 2920 665 2975 causa,
688 2921 744 2964 cur
762 2902 893 2964 Romam
915 2903 1125 2985 properarct‘t
1148 2921 1204 2964 cur
1224 2901 1258 2963 in
1279 2910 1404 2964 noctem
1426 2924 1461 2967 se
1483 2907 1619 2970 coniice-

293 3003 364 3063 ret‘l
398 2989 661 3074 Quid'ailerebat
686 2995 898 3059 festinationis
930 2994 1017 3077 quod
1043 2995 1136 3058 heres
1158 2997 1247 3058 erati
1279 2995 1417 3059 Primum
1439 3005 1507 3062 erat
1526 3000 1655 3077 nihilis

293 3113 350 3157 cur
368 3098 536 3177 properato
557 3111 640 3176 opus
660 3098 761 3163 esset;
784 3089 916 3164 deinde,
939 3091 966 3153 si
981 3090 1060 3174 quid
1076 3097 1176 3163 esset,
1199 3089 1275 3173 quid
1290 3090 1417 3153 tandem
1432 3100 1507 3166 erat,
1530 3095 1617 3176 quod

293 3207 330 3251 ca
343 3193 438 3250 nocte
455 3184 611 3267 consequi
625 3193 742 3268 posset,
757 3186 914 3247 amitteret
928 3189 1043 3258 autem,
1054 3185 1081 3246 si
1096 3182 1250 3267 postridie
1265 3185 1395 3247 Romam
1409 3205 1502 3250 mane
1513 3190 1617 3252 venis·
1707 3207 1711 3216 ·

294 3285 364 3346 sett
385 3283 490 3362 Atque
508 3286 544 3342 ut
563 3279 610 3341 illi
632 3283 804 3340 nocturnus
818 3277 859 3340 ad
873 3278 983 3340 urbem
998 3277 1155 3341 adventus
1169 3278 1315 3340 uitandus
1330 3279 1545 3364 potiusquam
1561 3303 1617 3346 ex·

293 3375 449 3459 petendus
469 3373 540 3446 tuis,
554 3372 601 3435 sie
615 3371 732 3443 Miloni,
748 3391 820 3434 oum
833 3371 1000 3435 insidiator
1015 3379 1109 3445 esset,
1133 3373 1159 3434 si
1175 3372 1264 3434 illum
1275 3371 1315 3434 ad
1334 3373 1444 3436 urbem
1457 3386 1551 3442 nocte
1566 3400 1617 3444 ae·

293 3487 456 3531 cessurum
472 3465 600 3538 sciebat,
623 3462 851 3529 subsidendum
866 3473 961 3546 atque
975 3464 1222 3548 exspectandum
1236 3465 1305 3528 fuit.
1335 3463 1386 3527 50.
1402 3469 1501 3534 Nemo
1517 3475 1547 3535 ei
1562 3487 1655 3538 ne-so

293 3563 380 3645 genti
400 3580 466 3623 non
488 3558 684 3631 credidisset,
707 3579 803 3643 quem
818 3577 888 3622 esse
902 3578 1015 3622 omues
1033 3560 1156 3623 salvum
1170 3560 1264 3624 etiam
1279 3559 1483 3626 confitentem
1497 3566 1617 3632 volunt.

294 3656 504 3720 Sustinuisset
524 3654 585 3717 boc
606 3654 725 3716 crimen
746 3653 883 3737 primum
903 3653 972 3735 ipse
995 3653 1050 3716 ille
1068 3653 1226 3717 latronum
1240 3653 1413 3718 occultator
1427 3665 1459 3722 et
1472 3667 1618 3745 receptor

360 3920 384 3970 4.
401 3918 476 3968 clodii
491 3917 582 3967 TEA:
601 3917 626 3966 P.
640 3915 773 3967 ClodiiSO
787 3943 814 3954 -
832 3915 986 3967 cniusuet
1000 3917 1093 3966 Rornae
1105 3927 1155 3965 om.
1171 3918 1201 3966 Α.
1216 3941 1243 3952 -
1263 3917 1289 3966 i.
1306 3917 1450 3970 4444444444
1465 3921 1520 3982 TS;
1538 3921 1617 3974 inter·

293 4007 388 4045 roomo
403 3994 423 4044 E
441 4017 470 4028 —
492 3991 520 4042 44
535 3991 638 4055 abaco]
653 3991 717 4041 ,4444
735 3989 813 4042 codd.
831 3991 945 4041 Asconii.
965 4017 992 4025 —
1016 3990 1040 4040 3.
1059 4001 1109 4040 ssss
1124 3990 1147 4039 ei
1163 3990 1183 4039 E
1201 3989 1290 4053 (solus)
1309 4013 1336 4028 ·-
1364 3989 1388 4042 4.
1404 3999 1504 4056 repsere
1518 4009 1617 4048 rornom

294 4069 359 4120 TE:
378 4067 655 4129 iiomarnrepentsso
674 4093 699 4103 -
720 4067 745 4116 6.
763 4066 892 4115 sietTE:
911 4066 1069 4115 eniso-
1088 4066 1111 4115 4.
1132 4063 1226 4129 [silus]
1244 4066 1264 4115 0
1282 4091 1309 4102 -
1327 4066 1352 4117 8.
1371 4080 1536 4131 amparem.
1554 4072 1616 4122 T·-

293 4144 318 4194 9.
335 4142 564 4192 scitts··mcioris
583 4140 690 4191 44444444
711 4141 878 4191 bebentllR
896 4166 924 4176 -
950 4140 1043 4190 iudices
1059 4151 1114 4189 om.
1132 4140 1151 4188 B
1171 4165 1199 4176 -
1224 4141 1299 4203 4444444
1319 4141 1370 4206 qud}
1392 4157 1443 4193 non
1464 4147 1616 4208 aequin..

293 4219 418 4269 eudendo
435 4218 454 4267 B
473 4243 502 4275 ,-
521 4218 561 4267 t0.
578 4217 670 4267 diceret
686 4218 750 4276 dB3
769 4214 818 4267 sed
834 4215 868 4266 ei.
880 4227 907 4265 v.
922 4216 962 4264 44.
976 4240 1003 4250 -
1024 4215 1064 4264 44.
1082 4214 1348 4265 tte--dssoriteionr
1362 4217 1444 4268 habet
1459 4221 1481 4269 Α
1494 4247 1520 4256 -
1540 4221 1580 4286 ae]
1595 4228 1619 4274 et

293 4296 355 4344 Α-
375 4294 414 4344 ti.
428 4293 472 4356 psi
482 4293 654 4343 Garatouius:
672 4291 692 4340 ii
702 4292 787 4353 pots;
804 4291 844 4350 bi,
863 4289 906 4352 qui
922 4290 995 4341 TEO
1007 4316 1034 4326 -
1053 4289 1093 4339 43.
1112 4290 1165 4339 ciro
1182 4291 1210 4350 T,
1229 4290 1293 4340 item
1304 4304 1330 4341 v.
1344 4291 1384 4342 48.
1398 4293 1438 4343 49.
1448 4319 1475 4330 -
1490 4295 1619 4348 Liberatus

293 4383 365 4420 snm:
381 4369 506 4431 respiravi
517 4367 689 4428 Quintilianus
706 4367 748 4426 lli,
766 4367 795 4426 i,
807 4367 849 4436 46.
865 4391 892 4404 -
913 4365 953 4417 44.
965 4379 997 4416 ne
1012 4367 1073 4416 cote
1090 4366 1214 4428 suspicari
1230 4379 1283 4416 om.
1297 4368 1354 4417 T-
1367 4370 1408 4418 rs.
1420 4369 1533 4419 Neron
1543 4385 1619 4424 44444-

293 4458 368 4495 suna
383 4443 465 4495 habet
479 4445 500 4494 B
519 4467 546 4480 -
567 4443 606 4492 44.
625 4443 725 4493 dentre
740 4441 803 4491 TE:
821 4441 914 4491 dioitcr
930 4441 974 4490 SO
987 4467 1014 4478 -·
1034 4441 1074 4490 48.
1093 4441 1307 4502 appropinquasse
1322 4443 1342 4492 T
1355 4469 1382 4479 -
1401 4443 1442 4493 49.
1460 4442 1533 4496 roms
1550 4447 1570 4497 1·
1588 4475 1615 4486 -

294 4521 336 4572 20.
348 4518 527 4584 4444444444]
539 4523 710 4569 acarnanum
725 4518 780 4578 epm'
796 4517 857 4566 E-
875 4515 916 4566 44.
931 4515 1062 4578 posttridie
1078 4515 1138 4575 TE,
1156 4515 1219 4565 item
1236 4528 1261 4566 v.
1274 4515 1315 4566 si.
1327 4541 1355 4551 -
1374 4517 1415 4569 ii.
1432 4519 1459 4569 44
1475 4527 1570 4572 soctan
1586 4524 1616 4572 S:
1647 4559 1649 4562 ψ

294 4596 447 4645 iconomo
457 4595 502 4645 TE
514 4619 542 4630 -
555 4593 676 4643 4444444444
687 4593 719 4650 T3
737 4592 841 4642 coiceret
856 4591 877 4640 E
890 4615 918 4628 -
937 4591 979 4640 25.
993 4589 1058 4652 (inid
1074 4587 1194 4652 afferebat
1208 4589 1464 4652 tarentinenses:
1484 4597 1619 4662 (tiridatis-

294 4671 365 4721 rebct
380 4684 459 4721 conso
473 4669 638 4734 festinationis
653 4669 691 4725 C;
711 4667 776 4728 (inid
790 4665 912 4728 affnebct
926 4677 1030 4715 4444444
1045 4664 1209 4727 inuentionis
1225 4664 1373 4726 Ernestius‚
1391 4668 1520 4720 444444444
1536 4684 1551 4720 4
1569 4673 1621 4722 Ba·

295 4745 352 4805 llo,
373 4745 470 4807 44444444
492 4743 612 4808 offerebat
630 4742 793 4805 [4444444444
809 4739 954 4790 admodum
974 4737 1147 4803 probabiliter
1162 4740 1230 4789 Wex
1246 4739 1279 4790 ad
1297 4741 1376 4792 Taciti
1392 4744 1479 4806 agno.
1497 4758 1523 4809 p.
1543 4746 1574 4797 89
1592 4761 1618 4797 4.

297 4845 325 4856 -
343 4820 575 4878 mesaspus
591 4821 650 4866 esset
666 4815 784 4865 bebctli
803 4842 831 4853 -
847 4816 1017 4865 nibinntB
1035 4841 1062 4850 -
1081 4816 1123 4865 27.
1140 4827 1327 4866 ronmmmcne
1343 4817 1408 4867 TE:
1425 4831 1500 4870 mane
1515 4821 1620 4872 Rectam

296 4894 385 4945 80-
403 4893 444 4944 48.
462 4892 538 4953 Amisi
554 4892 609 4956 (sie)
626 4890 885 4942 444--44444444444444
901 4891 983 4941 babet
998 4892 1020 4940 4
1038 4915 1065 4926 -
1085 4890 1119 4940 cd
1134 4889 1221 4941 urbem
1236 4894 1364 4942 4444-
1383 4894 1466 4955 potius
1481 4908 1557 4957 444444
1572 4909 1621 4946 ea—

294 4969 411 5031 petendrts
427 4980 481 5018 om.
495 4969 554 5016 4-
568 4966 609 5016 29.
621 4969 693 5016 noete
708 4967 770 5017 TE:
785 4971 862 5016 noctu
871 4966 916 5016 SO
928 4991 956 5002 -
969 4964 1011 5016 30.
1023 4967 1168 5017 Arusianus
1179 4968 1258 5018 44444.
1272 4967 1298 5018 44
1308 4980 1335 5016 v.
1347 4967 1496 5018 8444484444
1506 4969 1551 5019 tce
1567 4970 1621 5020 loco

298 5045 333 5108 (p.
348 5043 396 5094 263
414 5042 458 5093 sd.
476 5041 621 5104 4444444444
641 5040 711 5092 «Cio.
729 5053 779 5105 pro
794 5039 905 5093 illicce:
928 5040 1111 5092 844444444ιά44
1127 5042 1214 5104 aequo
1228 5043 1257 5092 44
1272 5043 1325 5093 loeo
1335 5043 1448 5094 44444444.»
1461 5069 1489 5080 -
1506 5045 1555 5108 scit
1570 5045 1619 5096 TE

298 5131 359 5168 cum
381 5117 517 5183 plerisque
534 5115 628 5167 codd:
648 5117 705 5179 4444.
722 5121 798 5166 nocto
813 5116 946 5166 4444444444.
962 5114 1081 5166 maore
1102 5121 1126 5166 et
1142 5117 1216 5178 pisso
1236 5116 1363 5168 4444444444
1382 5119 1410 5167 ie
1426 5118 1479 5168 loeo
1495 5119 1621 5170 occidisset

298 5193 359 5243 Set
374 5193 435 5243 cod.
452 5191 604 5244 Eleciorelis
626 5205 654 5242 4.
672 5190 718 5251 68;
739 5191 797 5254 (uit.
814 5191 908 5253 Noetu,
930 5191 1048 5241 insidioso
1058 5217 1096 5230 --
1107 5193 1233 5242 4444444444
1248 5192 1278 5243 0.
1304 5190 1443 5245 Emblema
1459 5193 1561 5258 primus
1576 5192 1620 5242 iu-

295 5266 380 5318 seruit
395 5265 542 5332 Naugerius
557 5269 586 5319 tn
602 5266 645 5319 ed.
663 5267 822 5319 Victoriana.
841 5293 869 5306 -
887 5266 929 5319 ii.
945 5269 1059 5329 receptor
1074 5265 1162 5320 TES:
1180 5269 1319 5329 receptator
1335 5265 1365 5316 0.
