4009 6159
691 519 764 584 cu.
787 517 951 585 vr-m.
979 514 1026 602 §s
1048 512 1195 582 tt-to.
1517 511 1595 581 tort

281 696 349 756 acet
374 695 407 752 et
435 709 506 753 cum
527 688 636 772 aliquo
659 687 770 754 dolore
792 687 981 770 flagitiumm
1004 707 1133 753 suorum
1154 686 1377 753 recordabitur.
1420 683 1472 751 l3.
1493 687 1603 752 blami-

281 785 412 860 matina,
439 803 588 858 caenum,
616 803 688 846 cum
716 782 756 846 ad
781 789 813 846 te
834 783 944 866 quinta
963 782 1030 845 fere
1051 783 1131 848 hora
1152 803 1221 846 cunr
1243 782 1277 845 C.
1299 783 1413 846 Pisone
1434 783 1604 854 venissem,

280 881 391 945 nescio
415 899 478 960 quo
501 899 519 941 e
541 878 703 961 gurgustio
725 884 757 940 te
778 875 921 959 prodire,
951 876 1094 941 insoluto
1117 878 1237 960 capite,
1259 877 1436 943 soleatum‘l
1462 885 1511 952 et,
1533 897 1604 941 cum

281 975 342 1038 isto
371 993 424 1036 ore
449 957 566 1036 foe'tido
596 971 807 1034 taeterrimam
834 970 926 1032 nobis
955 971 1105 1053 popinam
1126 970 1320 1046 inhalasses,
1349 971 1551 1038 excusatione
1573 978 1605 1032 to

282 1069 327 1130 uti
349 1066 556 1140 valetudinis,
581 1066 668 1149 quod
690 1064 810 1129 diceres
831 1065 999 1128 vinolentis
1022 1072 1054 1128 te
1076 1064 1265 1148 quibusdam
1280 1066 1541 1130 medicaminibus
1555 1079 1631 1129 so-s

281 1161 347 1226 lere
376 1161 498 1226 curarit
529 1179 624 1244 quam
652 1179 711 1223 nos
739 1177 865 1222 causam
888 1178 960 1224 cum
981 1161 1211 1242 accepissemus
1233 1191 1275 1206 -
1296 1159 1375 1242 quid
1397 1162 1480 1226 euim
1502 1160 1607 1224 facere

282 1258 484 1339 poteramus?
508 1287 547 1300 -
569 1253 732 1336 paulisper
753 1254 896 1318 stetimus
919 1254 952 1316 iu
974 1252 1030 1316 illo
1052 1273 1223 1334 ganearum
1244 1260 1369 1318 tuarum
1385 1256 1496 1322 nidore
1510 1265 1607 1340 atque

283 1351 386 1414 fumo:
409 1349 494 1413 uude
515 1355 549 1412 tu
570 1367 630 1410 nos
652 1368 723 1411 cum
745 1348 977 1428 improbissime
999 1348 1238 1435 respondendo,
1267 1356 1334 1412 tum
1354 1349 1535 1432 turpissime
1555 1372 1608 1416 ru-

284 1445 399 1511 ctando
422 1444 553 1508 eiecisti.
598 1436 651 1504 ld.
673 1441 759 1504 Idem
782 1443 838 1506 illo
860 1441 926 1506 fere
948 1441 1047 1505 biduo
1068 1443 1241 1527 productus
1262 1444 1490 1509 incentionem
1505 1445 1545 1508 ab
1560 1467 1609 1522 eo,

285 1539 336 1602 cui
359 1538 381 1620 †
404 1538 450 1602 sic
472 1527 642 1620 aequatum
664 1536 837 1618 praebebas
859 1537 1060 1600 consulatum
1081 1544 1180 1610 tuum,
1202 1556 1272 1600 cum
1286 1556 1375 1602 esses
1388 1540 1648 1622 interrogauero

287 1631 363 1717 quid
392 1633 526 1698 sentires
549 1632 588 1695 de
611 1630 775 1694 consulatu
800 1649 888 1704 meo,
916 1630 1020 1712 gravis
1042 1638 1167 1705 auctor,
1197 1628 1357 1722 Calptinus
1379 1633 1473 1697 credo
1494 1634 1609 1718 aliquis
1709 1668 1718 1680 -«

286 1733 342 1791 aut
360 1725 527 1793 Africanus
548 1733 602 1792 aut
622 1724 796 1798 Maximus,
819 1732 851 1788 et
872 1743 936 1787 uon
959 1722 1155 1790 Caesoninus
1177 1724 1461 1806 Semiplacentinus
1481 1727 1611 1793 Celsen

287 1819 367 1894 tius,
395 1819 583 1902 respondes,
609 1821 708 1884 altero
730 1819 770 1884 ad
791 1818 927 1882 frontem
950 1819 1090 1892 sublato,
1116 1818 1215 1883 altero
1236 1818 1277 1882 ad
1299 1827 1439 1884 mentum
1461 1821 1611 1904 depresso

288 1913 475 1997 supercilio,
498 1913 716 1978 crudelitatem
739 1912 796 1976 tibi
819 1933 883 1976 non
905 1912 1042 1994 placere.
1078 1913 1146 1975 Vll.
1168 1912 1228 1978 llic
1250 1920 1280 1978 te
1302 1913 1356 1976 ille
1372 1913 1478 1989 bomo,
1492 1915 1612 1998 dignis-

288 2009 385 2075 simus
407 2007 469 2072 tuis
491 2007 647 2081 laudibus,
670 2006 870 2071 collaudavit.
900 2006 1101 2072 Crudelitatis
1115 2014 1160 2081 tu,
1179 2007 1321 2082 furcifer,
1342 2015 1486 2073 senatum
1500 2011 1651 2074 consulu

287 2103 325 2166 in
343 2101 492 2168 contione
513 2102 729 2166 condemnas‘l
760 2100 932 2166 nonenim
953 2119 1022 2175 me,
1044 2101 1102 2182 qui
1123 2102 1247 2166 senatui
1268 2103 1376 2185 parui:
1407 2122 1480 2168 nam
1501 2104 1613 2168 relatio

288 2196 344 2262 illa
365 2196 561 2262 salutariset
576 2195 711 2278 diligens
730 2191 835 2259 fuerat
847 2195 997 2268 consulis,
1012 2195 1244 2261 animadversio
1259 2196 1390 2281 quidem
1410 2205 1442 2262 et
1460 2199 1613 2263 iudicium

288 2303 426 2360 sonabis.
465 2293 557 2368 Quae
578 2311 650 2354 oum
672 2289 895 2371 reprehendis,
925 2289 1082 2364 ostendis,
1109 2290 1213 2373 qualis
1234 2297 1286 2366 tu,
1314 2291 1341 2355 si
1367 2293 1513 2357 ita·forte
1533 2295 1616 2357 acci-

288 2390 405 2465 disset,
435 2387 536 2452 fueris
562 2385 618 2449 illo
647 2391 788 2468 tempore
816 2384 927 2448 consul
954 2383 1089 2448 futurus.
1137 2385 1303 2467 Stipendio
1339 2405 1390 2450 me
1417 2387 1548 2452 hercule
1583 2395 1616 2450 ot

289 2483 445 2549 frumento
474 2480 639 2548 Catilinam
668 2498 738 2544 esse
766 2485 910 2561 putasses
942 2477 1124 2544 iuvandum.
1168 2474 1219 2542 15.
1249 2479 1333 2555 Quid
1362 2483 1447 2545 enim
1474 2481 1654 2547 interfuitso

290 2579 373 2642 iuter
394 2575 560 2640 Catilinam
582 2581 614 2639 et
635 2593 721 2648 eum,
751 2573 802 2636 cui
831 2581 865 2636 tu
894 2580 1025 2638 senatus
1051 2574 1286 2649 anctoritatem,
1314 2574 1449 2638 salutem
1470 2576 1616 2650 civitatis,

292 2679 390 2736 totam
411 2691 478 2734 rem
499 2669 659 2752 publicam
680 2668 862 2751 provinciae
884 2668 1026 2751 praemio
1048 2669 1243 2732 vendidisti?
1266 2668 1356 2745 Quae
1377 2669 1463 2732 euim
1481 2670 1516 2733 L.
1533 2669 1618 2734 Cati-

291 2769 388 2832 liaam
410 2769 576 2829 conantem
598 2762 708 2826 consul
730 2761 897 2844 prohibui,
923 2782 961 2828 ea
981 2763 1015 2825 Ρ.
1039 2762 1183 2826 Clodium
1203 2762 1372 2826 facientem
1394 2764 1540 2827 consules
1562 2764 1617 2826 ad·

292 2862 447 2925 iuverunt
469 2857 577 2922 Voluit
597 2857 651 2920 ille
668 2863 813 2920 senatum
828 2853 1022 2932 interficer03
1043 2876 1101 2920 vos
1116 2856 1306 2921 sustulistis:
1328 2857 1415 2940 leges
1430 2857 1617 2934 incendere3

293 2975 348 3020 ros
369 2952 562 3035 abrogastis:
595 2952 774 3020 interimere
796 2951 944 3033 patriam3
968 2972 1024 3016 vos
1045 2951 1218 3015 adiuvistis.
1253 2950 1340 3026 Quid
1362 2959 1411 3016 est
1430 2953 1521 3015 robis
1543 2963 1657 3017 con-as

292 3049 413 3116 salibus
441 3055 565 3129 gastum
594 3048 661 3110 siue
691 3046 810 3108 armis‘l
848 3044 1021 3108 Incendere
1050 3045 1106 3110 illa
1126 3045 1362 3110 coniuratorum
1382 3066 1495 3111 manus
1516 3048 1620 3111 voluit

292 3143 417 3210 urbem:
438 3161 496 3206 ros
519 3141 587 3204 eius
610 3141 755 3214 domum,
779 3159 874 3222 quem
896 3147 1027 3222 propter
1046 3140 1123 3203 urbs
1146 3140 1276 3204 incensa
1295 3161 1361 3205 nou
1375 3149 1434 3204 ost.
1455 3143 1557 3204 acue
1571 3141 1620 3205 illi

294 3237 440 3320 quidem,
463 3236 490 3299 si
512 3234 697 3298 habuissent
717 3235 812 3298 vestri
835 3235 971 3300 similem
993 3234 1173 3309 consulem,
1195 3235 1235 3297 de
1255 3233 1344 3299 urbis
1365 3236 1515 3300 incendio
1535 3239 1620 3318 cogi-

293 3339 432 3406 assent,
453 3349 519 3396 non
541 3330 624 3392 enim
647 3349 681 3392 se
702 3329 795 3392 tectis
818 3329 943 3410 privare
966 3328 1151 3403 voluerunt,
1173 3328 1229 3392 sed
1250 3328 1300 3392 his
1322 3331 1477 3394 stantibus
1497 3330 1619 3394 nullum

294 3425 487 3491 domicilium
516 3423 628 3488 sceleri
649 3441 707 3484 suo
730 3421 799 3485 fore
821 3430 1020 3504 putaverunt.
1054 3422 1190 3486 Caedem
1212 3423 1261 3487 illi
1283 3425 1414 3499 civium,
1441 3444 1500 3488 ros
1522 3426 1659 3490 servi-so

295 3529 392 3586 tutem
414 3519 588 3602 expetistis.
625 3518 684 3580 Hic
705 3536 762 3580 vos
786 3517 881 3582 etiam
902 3515 1111 3582 omdeliores:
1133 3518 1207 3584 buic
1227 3518 1309 3582 enim
1325 3520 1445 3603 populo
1460 3520 1506 3584 ita
1518 3520 1622 3585 fuerat

294 3623 367 3681 anta
382 3634 439 3679 vos
455 3612 602 3678 consules
617 3611 747 3680 libertas
762 3613 867 3685 insita,
882 3618 918 3676 ut
932 3612 962 3676 ei
977 3611 1057 3676 mori
1071 3611 1178 3695 potius
1193 3632 1289 3697 quam
1303 3613 1422 3677 sarrire
1435 3622 1621 3696 praestaret.

295 3705 345 3773 te.
367 3706 450 3771 lllud
477 3727 553 3769 vero
580 3706 739 3788 geminum
768 3704 910 3768 consiliis
933 3705 1088 3768 Catilinae
1111 3713 1144 3768 et
1164 3707 1306 3783 Lentuli,
1336 3709 1423 3792 quod
1452 3729 1503 3772 me
1525 3708 1621 3772 domo

296 3825 365 3868 mea
395 3801 579 3886 expulistis,
609 3800 664 3862 Cu.
687 3801 871 3881 Pompeium
896 3797 1024 3862 domum
1053 3820 1142 3864 suam
1165 3802 1371 3884 compulistis.
1402 3804 1513 3886 Neque
1536 3804 1621 3867 enim

297 3919 346 3962 me
380 3903 481 3961 stante
514 3902 548 3960 et
574 3902 721 3958 manente
750 3893 783 3956 iu
811 3893 898 3956 urbis
927 3893 1036 3975 vigilia
1067 3914 1171 3978 neque
1192 3897 1359 3960 resistente
1381 3897 1438 3960 Cn.
1460 3898 1660 3982 Pompeium

362 4179 387 4228 l.
404 4175 568 4227 aninistias
579 4201 615 4214 --
626 4175 747 4226 solantem
763 4174 839 4226 affert
856 4175 1000 4226 Arusianus
1018 4175 1131 4228 blaseius
1147 4189 1175 4241 p,
1190 4175 1239 4227 att
1255 4176 1330 4227 lind.
1351 4201 1379 4213 -
1396 4177 1423 4228 2.
1441 4191 1544 4228 commu
1559 4178 1580 4227 0
1594 4203 1620 4215 -

295 4253 360 4304 bora
379 4254 417 4304 .V.
430 4265 484 4303 om.
502 4253 554 4316 sere
570 4250 724 4302 Arusianus.
740 4277 767 4287 -
783 4251 808 4300 3.
827 4264 876 4312 quo
892 4255 915 4302 te
930 4263 944 4300 e
959 4252 1090 4315 permistio
1106 4251 1187 4302 idem.
1203 4279 1230 4289 —
1248 4251 1273 4304 l.
1291 4253 1410 4303 bibissem
1426 4252 1444 4301 S
1457 4279 1484 4290 -
1503 4253 1528 4305 b.
1547 4268 1624 4317 qum

297 4331 390 4380 diceros
411 4327 491 4376 Bake.
511 4353 539 4364 ·-
564 4327 588 4377 l.
606 4328 693 4378 nidmu
714 4327 802 4376 FGS:
825 4325 991 4377 111101111-
1017 4328 1041 4377 8.
1058 4328 1218 4390 responderes
1239 4328 1257 4376 S
1275 4353 1303 4363 -
1325 4329 1449 4377 suetudo
1465 4330 1622 4383 Lambinus:

297 4402 433 4454 mutando
450 4402 499 4452 CO
514 4430 541 4438 -
561 4403 602 4452 to.
614 4404 650 4452 sic
667 4403 837 4464 adaequatam
852 4400 933 4451 bomo
944 4399 1040 4450 doctus
1056 4400 1128 4466 apud
1139 4399 1242 4461 bamb,
1260 4402 1296 4450 sic
1306 4413 1415 4466 sacoma
1425 4401 1623 4468 tedemandus,

297 4482 332 4530 sic
348 4479 476 4529 addictum
492 4476 569 4529 Orelli
587 4477 646 4528 coll.
666 4478 680 4541 ξ
698 4479 742 4539 bt,
766 4477 837 4542 quod
855 4478 889 4528 ita
907 4475 1007 4541 placet,
1027 4477 1061 4526 tut
1077 4475 1180 4527 scribas
1197 4477 1270 4539 qaod
1285 4478 1427 4538 addictus,
1452 4493 1513 4531 nam
1529 4484 1565 4532 sic
1582 4483 1625 4534 bic

299 4556 418 4620 ineptum
435 4556 484 4603 est.
499 4581 528 4590 -
547 4555 587 4604 ll.
605 4555 708 4606 sentires
723 4553 758 4603 cis
774 4555 804 4602 de
819 4552 867 4603 EF
880 4578 907 4588 ·-
927 4553 967 4602 ta.
986 4552 1097 4602 cesoaias
1112 4553 1200 4611 EFS,
1217 4553 1363 4602 emovemus
1373 4553 1399 4604 n
1413 4581 1439 4590 -
1459 4554 1499 4606 ll.
1518 4557 1558 4608 illo
1569 4571 1623 4609 om.

300 4633 316 4682 S
334 4657 361 4667 -
381 4632 421 4681 ll.
439 4629 546 4680 conuslia
562 4629 592 4678 S:
613 4629 677 4678 bono
693 4627 799 4678 consulis
814 4627 903 4678 ΕΡ-
923 4626 962 4677 18.
981 4629 1002 4676 si
1018 4627 1056 4676 ito
1072 4626 1131 4676 FS:
1147 4626 1324 4677 1111101111-
1344 4626 1482 4680 sacoma
1497 4632 1622 4682 omf-

299 4705 340 4759 23.
358 4711 489 4756 amantem
506 4715 559 4753 om.
578 4703 596 4754 l'
615 4732 642 4740 —
661 4706 703 4755 25.
721 4703 862 4754 interimere
878 4702 993 4752 luubna:
1011 4701 1114 4751 mtcsire
1129 4701 1247 4762 EFSO;
1265 4701 1292 4751 oi
1307 4705 1401 4754 terren
1414 4705 1449 4766 G,
1467 4706 1498 4756 ut
1513 4705 1626 4758 coniecit

300 4781 436 4845 Zumptius
459 4778 492 4828 ad
513 4777 583 4828 Vm.
602 4791 629 4844 p.
648 4778 693 4839 38;
717 4779 858 4829 inminere
878 4775 1032 4840 requirebat
1048 4776 1129 4826 etiam
1147 4777 1255 4830 Ursinus
1271 4777 1299 4826 et
1314 4777 1411 4829 iterum
1429 4779 1627 4832 commendavit

301 4852 459 4906 Doederlein
478 4853 623 4904 Vermiscbto
639 4854 812 4917 8111111111,
831 4865 857 4916 p.
877 4853 934 4902 305.
960 4851 1016 4902 llae
1035 4849 1149 4902 lectione
1169 4853 1277 4916 recepta
1296 4853 1351 4903 iam
1373 4866 1426 4905 noa
1452 4855 1626 4908 offensionem

301 4929 421 4982 movebit
436 4927 577 4990 1111111υὲ1111,
596 4929 667 4992 quod
684 4929 804 4981 Ernestio
822 4930 849 4978 et
860 4927 999 4978 Garatouio
1015 4929 1171 4992 suspectum
1180 4927 1335 4979 Schneuius
1344 4928 1372 4979 iu
1383 4930 1513 4995 optim
1522 4934 1626 4984 mutare

302 5003 393 5058 veluit.
414 5031 441 5041 -
459 5001 569 5054 consulo:
584 5003 605 5054 E
623 5029 650 5039 —
669 5004 710 5056 27.
725 5007 830 5067 propter
846 5015 919 5066 quem
936 5003 956 5052 G
973 5003 1001 5051 ot
1017 4999 1060 5052 ad.
1079 5002 1152 5053 lita.
1172 5028 1199 5039 -
1225 5003 1268 5054 18.
1284 5004 1395 5055 causales
1410 5005 1430 5056 li
1448 5032 1477 5043 ·-
1501 5006 1542 5058 30.
1558 5005 1628 5056 cobis

193 5075 194 5080 ’
302 5081 444 5132 matera
459 5076 610 5142 apameae
625 5078 643 5128 F
664 5105 690 5114 -
709 5077 750 5131 31.
768 5079 807 5128 bic
824 5078 858 5129 C:
876 5078 914 5126 bia
929 5077 1074 5137 manutium
1092 5077 1137 5128 boc
1152 5091 1226 5144 susp.
1244 5077 1334 5141 Orelli3
1353 5079 1413 5131 lort.
1430 5081 1480 5144 sic,
1498 5079 1546 5132 sod
1562 5078 1627 5132 illud

304 5167 411 5220 quoque
429 5155 455 5204 iu
471 5152 530 5204 loco
547 5155 715 5216 suspectum,
735 5151 808 5217 quod
824 5151 937 5203 verbum
954 5164 1009 5205 uon
1025 5149 1110 5206 adest.
1125 5180 1152 5191 -
1171 5153 1212 5208 32.
1228 5155 1253 5208 ci
1267 5155 1334 5210 mosi
1349 5167 1415 5208 nos:
1433 5156 1512 5208 mori
1527 5155 1578 5207 CO
1596 5181 1624 5192 -

305 5229 346 5282 33.
364 5230 429 5284 illud
439 5227 615 5293 --oapoltctc
631 5227 707 5282 affert
723 5229 866 5284 Arusianus
883 5242 911 5295 p.
928 5227 976 5284 2³3
993 5229 1023 5282 L.
