4009 6159
385 525 469 594 tlte
771 529 923 596 ORATIO
945 531 1024 596 PRO
1046 533 1087 598 ll.
1108 532 1327 598 MARCELLO

383 717 534 782 usurpare
563 698 772 774 sermonibus,
793 720 902 764 omnes
923 709 1101 768 nostrorum
1123 703 1365 786 imperatorum,
1386 721 1495 766 omnes
1526 706 1704 766 exterarum

383 793 525 874 gentium
552 792 909 880 potentissimorumque
943 797 1147 878 populorum,
1182 815 1291 860 omnes
1320 794 1563 860 clarissimorum
1594 814 1704 877 regum

382 908 433 952 res
454 894 560 970 gestas
581 907 652 950 cum
672 887 736 951 tuis
758 907 816 950 nec
837 890 1075 954 contentionum
1097 889 1310 972 magnitudine
1331 908 1391 954 neo
1412 908 1544 953 numero
1566 887 1704 972 proelio·

382 1002 453 1046 rum
474 1003 533 1046 nec
554 982 705 1045 varietate
725 982 899 1063 regionum
912 1003 971 1046 nec
991 983 1153 1048 celeritate
1175 979 1359 1048 conficiendi
1376 1002 1434 1046 nec
1448 983 1704 1049 dissimilitudine

358 1075 537 1140 ocellorum
558 1095 653 1156 posse
674 1075 828 1150 conferri,
857 1096 915 1140 uec
937 1097 1010 1140 roro
1033 1076 1293 1140 disiunctissimas
1320 1084 1418 1142 terras
1441 1077 1535 1141 citius
1557 1076 1702 1160 passibus

381 1168 571 1252 cuiusquam
591 1170 733 1252 potuisse
754 1171 930 1251 peragrari,
953 1190 1048 1252 quam
1071 1169 1133 1232 tuis
1151 1190 1216 1233 uon
1232 1169 1337 1240 dicam
1351 1171 1511 1246 cursibus,
1534 1170 1590 1234 sed
1604 1170 1703 1234 victo-

380 1261 437 1324 riis
460 1262 609 1326 lustratae
632 1269 715 1325 sunt
755 1260 786 1324 6.
803 1262 891 1338 Quae
913 1263 1043 1347 quidem
1066 1283 1124 1345 ego
1147 1266 1207 1327 nisi
1228 1272 1291 1329 tam
1313 1285 1425 1348 magna
1447 1286 1517 1330 osse
1538 1266 1647 1341 fatear,
1668 1274 1705 1330 ut

203 1365 276 1456 res
365 1359 419 1445 (ea
440 1357 494 1419 vix
515 1356 703 1438 cuiusquam
725 1375 815 1418 meus
836 1364 891 1419 aul
911 1357 1062 1438 cogitatio
1085 1377 1196 1441 capere
1219 1345 1341 1458 possit)
1355 1380 1463 1423 amens
1485 1361 1560 1424 sim:
1583 1359 1640 1423 sed
1658 1368 1703 1424 ta·

226 1438 250 1462 ⁸
378 1469 455 1512 meu
483 1457 558 1514 sunt
585 1449 646 1513 alia
674 1449 801 1512 maiora.
844 1450 921 1512 Nam
949 1450 1080 1514 bellicas
1108 1451 1219 1515 laudes
1248 1447 1352 1516 solent
1381 1453 1509 1536 quidam
1531 1461 1702 1518 extenuare

343 1558 371 1602 ro
379 1543 484 1608 verbis
505 1562 624 1625 easque
645 1542 810 1607 detrahere
831 1544 980 1618 ducibus,
1002 1547 1235 1610 communicare
1257 1565 1328 1609 cum
1350 1546 1473 1621 multis,
1494 1565 1536 1610 ue
1556 1547 1703 1632 propriae

380 1639 444 1702 sint
463 1638 706 1720 imperatorum
732 1644 764 1700 et
784 1645 870 1700 certe
890 1638 923 1699 in
945 1637 1041 1701 armis
1062 1635 1334 1726 militum(virtus,
1355 1639 1496 1704 locorum
1517 1641 1703 1725 opportuni-

188 1733 271 1854 W&
379 1740 443 1806 tas,
465 1731 585 1795 auxilia
601 1731 771 1804 sociorum,
793 1730 921 1806 classes,
943 1739 1135 1795 commeatus
1150 1733 1283 1797 multum
1297 1721 1427 1826 iupantd
1443 1734 1612 1799 maximam
1628 1755 1701 1800 vcro

379 1833 500 1909 partem
523 1824 615 1908 quasi
637 1845 696 1888 suo
717 1824 786 1886 iure
805 1824 930 1888 fortuna
946 1825 1004 1887 sibi
1021 1825 1159 1889 vindicat
1172 1834 1219 1901 et,
1242 1825 1399 1911 quidquid
1414 1847 1564 1910 prospere
1578 1834 1702 1911 gestum

380 1926 445 1992 est,
465 1919 498 1982 id
512 1937 614 2001 paene
628 1936 723 1982 omne
739 1917 826 1981 ducit
839 1939 942 1982 suum.
973 1916 1003 1979 7.
1019 1919 1060 1980 At
1075 1937 1148 1983 vero
1169 1919 1263 1984 huius
1278 1919 1407 2003 gloriae,
1422 1920 1455 1983 C.
1469 1921 1592 1997 Caesar,
1607 1941 1702 2005 quam

341 2025 370 2070 se
379 2032 414 2076 es
435 2011 531 2095 paulo
553 2018 627 2076 ante
644 2010 788 2094 adeptus,
803 2012 924 2074 socium
942 2012 1043 2075 hahes
1058 2013 1232 2076 neminem:
1255 2020 1355 2076 totum
1369 2013 1441 2089 hoe,
1464 2023 1703 2098 quantumcum-

379 2127 443 2192 que
465 2114 528 2182 est,
551 2104 639 2189 quod
661 2112 747 2170 certe
769 2106 941 2171 maximum
964 2113 1023 2180 est,
1044 2113 1144 2170 totum
1168 2115 1226 2182 est,
1249 2107 1389 2190 iuquam,
1404 2114 1502 2172 tuum.
1517 2103 1620 2182 (Nihil
1641 2107 1702 2174 sibi

200 2191 265 2274 ri*
379 2220 420 2263 ex
435 2201 493 2263 ista
507 2197 600 2262 laude
614 2198 766 2272 centurio,
781 2199 860 2262 nihil
875 2199 1067 2282 praefectus,
1089 2200 1168 2264 nihil
1183 2201 1307 2274 cohors,
1329 2201 1410 2264 nihil
1430 2209 1533 2267 turma
1547 2196 1702 2297 decerpit)

241 2315 263 2423 ί
379 2295 458 2377 quin
480 2293 575 2356 etiam
597 2292 652 2354 illa
679 2294 748 2375 ipsa
769 2312 874 2356 rerum
895 2293 1105 2357 humanarum
1128 2294 1273 2369 domina,
1300 2295 1455 2382 Fortuna,
1484 2297 1517 2360 iu
1538 2296 1629 2360 istius
1651 2319 1701 2362 so-

378 2388 526 2451 cietatem
545 2385 666 2468 gloriae
687 2405 722 2449 se
743 2406 807 2449 non
829 2387 939 2450 offert:
970 2388 1027 2450 tibi
1048 2388 1147 2462 cedit,
1176 2395 1261 2451 tuam
1284 2407 1354 2452 esse
1375 2396 1471 2453 totam
1493 2396 1526 2454 et
1545 2393 1701 2475 propriam

233 2497 302 2568 <N
341 2479 510 2555 solatetun
532 2499 705 2564 numquam
727 2481 811 2543 enirn
838 2482 1000 2544 temeritas
1022 2502 1094 2544 cum
1116 2481 1273 2565 sapientia
1293 2483 1515 2566 commiscetur
1535 2483 1700 2567 nequead

240 2565 298 2596 ’ν
378 2572 545 2638 consilium
566 2594 655 2637 casus
676 2573 861 2638 admittitur.
904 2576 958 2636 lll.
980 2573 1010 2636 8.
1032 2573 1191 2638 Domuisti
1212 2581 1322 2656 gentes
1336 2575 1530 2640 immanitate
1542 2576 1702 2650 barbaras,

378 2666 581 2732 multitudine
602 2667 864 2743 innumerabiles,
895 2669 976 2732 locis
995 2665 1151 2743 infinitas,
1174 2667 1259 2732 omui
1282 2671 1443 2751 copiarum
1466 2689 1581 2752 genere
1602 2669 1702 2734 abun

379 2760 508 2824 dantes:
531 2759 587 2825 sed
608 2767 714 2823 tamen
737 2780 774 2824 ea
795 2761 918 2837 vicisti,
941 2781 1022 2845 quae
1046 2769 1077 2824 et
1097 2770 1240 2826 naturam
1263 2769 1295 2825 44
1316 2761 1540 2839 conditionem,
1560 2769 1596 2828 ut
1616 2763 1700 2827 vinci

377 2861 525 2937 possent,
553 2853 730 2930 habebant3
751 2854 839 2917 nulla
860 2861 910 2916 est
930 2855 1014 2918 enim
1036 2864 1123 2918 tauta
1144 2856 1209 2929 ris,
1232 2875 1313 2939 quae
1335 2876 1401 2920 non
1421 2857 1506 2920 ferro
1528 2864 1561 2921 et
1580 2857 1699 2920 viribus

340 2946 536 3012 sedebilitari
556 2945 725 3031 frangique
747 2947 859 3032 possit.
891 2949 1041 3012 Animum
1056 2949 1192 3024 vincere,
1213 2949 1407 3013 iracundiam
1424 2949 1582 3025 cohibere,
1601 2950 1700 3014 victo·

376 3043 444 3106 riae
465 3048 654 3125 temperare,
677 3039 892 3105 adversarium
913 3041 1088 3118 nobilitate,
1111 3043 1249 3125 ingenio,
1271 3043 1386 3107 virtute
1407 3050 1619 3126 praestantem
1634 3062 1699 3107 non

377 3133 472 3197 modo
500 3133 655 3198 extollere
683 3135 855 3208 iacentem,
883 3134 939 3196 sed
962 3136 1058 3198 etiam
1079 3133 1269 3218 amplificare
1291 3138 1359 3200 cius
1381 3137 1544 3220 pristinam
1566 3137 1700 3220 dignita·

376 3237 457 3302 tem,
486 3227 565 3292 haec
586 3227 643 3310 qui
663 3226 754 3301 facit,
780 3245 845 3290 non
867 3245 925 3309 ego
948 3246 1021 3291 eum
1043 3249 1115 3293 eum
1139 3230 1268 3292 summis
1289 3230 1364 3294 viris
1387 3249 1552 3315 comparo,
1579 3229 1635 3295 sed
1657 3231 1699 3294 si·

377 3321 543 3385 millimum
565 3320 626 3383 deo
647 3320 764 3384 iudico.
808 3317 838 3383 9.
860 3322 988 3404 ltaque,
1018 3321 1051 3384 C.
1075 3322 1204 3398 Caesar,
1234 3322 1368 3386 bellicae
1390 3331 1463 3388 tuae
1484 3321 1594 3388 laudes
1616 3322 1698 3388 cele-

442 3727 466 3777 t.
483 3737 572 3789 4444444
587 3723 782 3773 amedaeum
796 3721 851 3775 ur
865 3749 892 3759 —
911 3720 935 3774 4.
953 3721 1131 3788 confictucdtl*
1146 3749 1172 3759 -
1191 3723 1216 3773 c.
1234 3727 1316 3774 444444
1333 3735 1386 3774 om.
1400 3725 1420 3774 T
1433 3750 1460 3761 —
1478 3723 1559 3790 citios]
1575 3723 1695 3783 aarum

376 3802 436 3852 tort.
454 3802 523 3852 444444
540 3824 568 3837 -
583 3797 698 3863 passibus
713 3799 982 3861 consumpsisse
998 3798 1121 3850 GEMT:
1146 3797 1260 3862 possitue
1274 3801 1383 3863 potuisse
1399 3800 1547 3861 omosqreom
1563 3799 1594 3862 F;
1612 3801 1698 3850 4444444-

376 3875 778 3940 qucmpmrtoaoporoteeeo-
796 3872 1075 3924 7.r·tt1eeratoeFuT
1093 3900 1120 3909 -
1140 3879 1193 3924 tom
1210 3874 1274 3924 GE:
1292 3875 1330 3924 tte
1347 3874 1443 3926 Fuso
1463 3900 1491 3913 -
1508 3875 1594 3938 fateor
1609 3875 1695 3925 essel'

379 3979 406 3989 -
424 3953 465 4003 4ο.
482 3951 615 4002 aarum
629 3951 650 4000 Τ
663 3973 691 3986 -·
708 3947 887 4012 necpropetos
902 3952 959 3998 suat
974 3947 994 3996 T
1009 3975 1034 3986 -
1054 3949 1094 3998 tt.
1107 3949 1263 4011 oportunitas
1279 3949 1359 4000 our
1378 3975 1405 3984 -
1424 3947 1464 3998 43.
1481 3949 1598 4000 mdical
1613 3948 1697 4000 GElt

378 4051 406 4064 -
419 4025 537 4090 4444444444
546 4026 597 4077 ΜΤ
608 4024 716 4088 ubique.
730 4049 757 4058 —
768 4033 887 4087 prospere
902 4026 998 4087 pestem
1014 4027 1049 4072 444
1063 4021 1125 4072 GE:
1147 4028 1183 4073 est
1198 4035 1315 4086 propere
1324 4026 1419 4088 cestren
1430 4021 1530 4074 FllTO
1543 4050 1571 4061 -
1584 4022 1625 4075 44.
1638 4022 1698 4074 dicit

376 4103 441 4153 F·
459 4114 601 4152 mursam.
620 4101 640 4150 T
658 4126 686 4135 -
704 4096 979 4163 4444414441·-
997 4095 1039 4146 46.
1058 4099 1331 4162 estposttotrsuom.
1349 4095 1369 4146 T
1388 4122 1415 4131 -
1434 4095 1476 4146 47.
1494 4097 1696 4148 metonae-

375 4179 453 4241 cesps't
467 4175 551 4228 libere
568 4177 706 4227 immutata
722 4171 799 4223 affert
815 4168 895 4222 lulius
911 4171 1001 4221 Victor
1018 4185 1043 4236 p.
1062 4172 1119 4233 22⁰,
1138 4173 1179 4222 444.
1198 4198 1225 4208 -
1244 4171 1285 4223 48.
1303 4172 1359 4234 ipsa
1375 4169 1461 4222 omit
1481 4195 1508 4205 -
1527 4171 1554 4220 in
1569 4171 1640 4222 4444444
1654 4183 1696 4222 ro·

375 4255 487 4304 ceuceu
502 4253 599 4317 plectae
612 4248 707 4301 eeGE:
725 4261 751 4298 re
766 4248 794 4297 tn
809 4246 880 4296 444444
895 4246 1035 4297 4444444444
1049 4247 1189 4310 44444ωῆ
1207 4247 1351 4297 4444444444
1364 4243 1695 4310 mcietctemplortoeltlo

377 4353 404 4365 -
425 4329 465 4377 49.
483 4327 597 4378 cedite:
621 4323 731 4375 concedit
747 4323 767 4372 0
787 4348 814 4359 —
834 4326 904 4371 tuom
920 4334 970 4372 esre
986 4320 1113 4384 (gloriam)
1132 4322 1221 4373 FMT:
1247 4326 1318 4371 tuom
1335 4333 1361 4372 ee
1376 4331 1426 4370 erse
1443 4318 1493 4370 GE
1512 4345 1540 4355 -
1558 4320 1600 4372 20.
1617 4331 1696 4382 aeque

376 4403 440 4452 GE:
457 4416 502 4452 uec
519 4399 626 4453 FMTO
646 4426 673 4435 -
691 4399 733 4449 44.
750 4395 899 4446 4444444444
915 4396 940 4447 u
953 4421 979 4431 -
998 4396 1115 4446 domutstt
1130 4400 1212 4460 emtas
1228 4395 1305 4446 affert
1316 4391 1440 4446 Claudius
1451 4391 1581 4446 Sacerdos
1592 4393 1624 4458 ll,
1636 4395 1694 4445 tul.

377 4502 404 4513 -
423 4471 1133 4527 22.ucoraccceecuT-23.recmnenecou:
1152 4468 1397 4532 neumandi,
1417 4467 1698 4522 scammum-ee

374 4552 549 4603 merome:
567 4563 621 4600 om.
639 4548 740 4600 440-
758 4545 997 4597 coade'ctocemT-
1016 4544 1291 4596 4444444υέ4444-
1309 4537 1695 4608 2l.porscntliposecutl'-

374 4623 614 4681 cuttc--cotttera
637 4625 664 4674 et
687 4621 784 4673 deinde
808 4621 869 4672 tace
890 4617 1073 4684 cist--todtco
1090 4619 1166 4670 affert
1187 4619 1336 4670 Lactantius
1352 4619 1437 4669 Dina.
1454 4617 1560 4668 4444444444.
1578 4617 1603 4681 1,
1621 4617 1646 4669 9.
1667 4642 1694 4651 -

374 4707 410 4752 est
426 4713 478 4752 orn.
498 4701 516 4751 F
533 4725 562 4738 -
580 4703 653 4749 tecta
667 4697 715 4748 uie.
732 4701 804 4747 toute
818 4696 901 4758 copto.
919 4708 984 4758 quoe
1000 4694 1090 4745 Fur.
1116 4689 1324 4758 interpolationis
1341 4691 1399 4744 lons
1416 4692 1457 4742 est
1472 4704 1499 4757 p.
1518 4693 1592 4753 4484,
1610 4693 1652 4744 23.
1665 4716 1693 4728 -

375 4781 399 4828 44
415 4777 477 4826 GE:
496 4788 528 4825 ce
543 4773 651 4825 FMTO
671 4800 697 4809 -
715 4773 757 4824 44.
773 4769 916 4836 praespicua]
934 4783 965 4820 ce
979 4769 1067 4832 frenet
1083 4769 1103 4819 T
1120 4793 1147 4803 —
1172 4769 1285 4817 enimuero
1299 4780 1359 4817 uero
1374 4767 1473 4817 4444444
1489 4767 1522 4828 F,
1540 4771 1568 4817 ct
1583 4767 1697 4818 calmana

373 4853 471 4902 elucere
487 4849 675 4900 Lactantius·
692 4848 826 4898 nteton'em
842 4845 951 4906 GEFO;
969 4847 1064 4895 44444444
1080 4845 1138 4896 ΜΤ.
1158 4843 1303 4907 acciperat
1317 4843 1382 4893 huic.
1396 4841 1450 4893 Cic.
1463 4839 1497 4893 44
1509 4844 1542 4895 ll.
1557 4839 1693 4896 Marcello:

376 4926 489 4976 acimum
498 4923 595 4974 elecem
605 4929 628 4972 44
643 4921 803 4973 amandam
813 4919 932 4981 caluom,
948 4920 1025 4971 4444444
1040 4925 1192 4983 4444444444»
1203 4919 1348 4970 Arusianus
1358 4917 1471 4968 Messius
1481 4928 1509 4982 p.
1518 4915 1576 4970 464.
1595 4918 1696 4981 «Aper-

375 5004 432 5050 tum
450 5001 491 5049 est
507 4998 708 5062 grammaticum
724 4995 839 5047 voluisse
854 4995 974 5046 4444444444
990 5000 1142 5058 temperare,
1166 4993 1237 5057 quod
1255 4994 1375 5045 Ciceroni
1392 4990 1560 5043 reddendum
1576 5003 1637 5042 esse
1654 4990 1696 5040 iu·

377 5075 463 5127 dico.»
480 5075 586 5124 truces.
600 5098 628 5109 -
646 5072 687 5124 28.
704 5072 767 5135 44444
782 5071 828 5123 GE
845 5069 943 5122 stood
956 5070 1089 5121 Gothanus
1106 5067 1231 5118 lactantii
1242 5081 1251 5116 .-
1264 5068 1344 5132 scctot
1360 5066 1469 5119 furo
1481 5091 1511 5105 —
1529 5079 1586 5117 4444
1602 5077 1656 5115 om.
1668 5063 1695 5115 lt

377 5178 405 5188 —
423 5151 466 5202 red
480 5149 632 5201 amulitmom
647 5149 691 5197 deo
707 5147 783 5199 affert
798 5147 905 5198 Servium
921 5143 956 5196 ad
967 5143 1063 5208 Vergil.
1076 5145 1170 5206 Georg.
1183 5143 1219 5204 ll,
1232 5141 1275 5193 434
1288 5158 1295 5204 ;
1312 5139 1463 5196 motum
1479 5141 1524 5198 teo
1538 5139 1622 5194 iudico
1636 5135 1695 5191 Pri-

377 5224 483 5277 soianus
499 5224 547 5288 111,
566 5221 594 5285 3,
612 5222 644 5274 48
661 5221 795 5286 estvm,
813 5221 840 5286 2,
857 5220 900 5274 26.
921 5247 949 5260 -
965 5219 1007 5271 29.
1025 5217 1232 5273 acclamabantur
1246 5217 1309 5272 ltu.
