<?xml version="1.0" encoding="UTF-8"?>
<!DOCTYPE html PUBLIC "-//W3C//DTD XHTML 1.0 Transitional//EN"
    "http://www.w3.org/TR/xhtml1/DTD/xhtml1-transitional.dtd">
<html xmlns="http://www.w3.org/1999/xhtml" xml:lang="en" lang="en">
 <head>
  <title>
</title>
<meta http-equiv="Content-Type" content="text/html;charset=utf-8" />
  <meta name='ocr-system' content='tesseract 3.04.00' />
  <meta name='ocr-capabilities' content='ocr_page ocr_carea ocr_par ocr_line ocrx_word'/>
</head>
<body>
  <div class='ocr_page' id='page_1' title='image "./mtulliiciceroni01baitgoog_0643.png"; bbox 0 0 4009 6159; ppageno 0'>
   <div class='ocr_carea' id='block_1_1' title="bbox 213 929 1695 3651">
    <p class='ocr_par' dir='ltr' id='par_1_1' title="bbox 362 929 1695 1019">
     <span class='ocr_line' id='line_1_1' title="bbox 362 929 1695 1019; baseline 0.008 -25"><span class='ocrx_word' id='word_1_1' title='bbox 362 929 530 1016; x_wconf 76' lang='lat' dir='ltr'><strong>Cognita</strong></span> <span class='ocrx_word' id='word_1_2' title='bbox 551 937 677 997; x_wconf 88' lang='lat' dir='ltr'><strong>morte</strong></span> <span class='ocrx_word' id='word_1_3' title='bbox 700 932 733 996; x_wconf 88' lang='lat' dir='ltr'><strong>C.</strong></span> <span class='ocrx_word' id='word_1_4' title='bbox 756 931 947 996; x_wconf 86' lang='lat' dir='ltr'><strong>Trebonii</strong></span> <span class='ocrx_word' id='word_1_5' title='bbox 967 951 1046 995; x_wconf 90' lang='lat' dir='ltr'><strong>non</strong></span> <span class='ocrx_word' id='word_1_6' title='bbox 1067 932 1157 1017; x_wconf 91' lang='lat' dir='ltr'><strong>plus</strong></span> <span class='ocrx_word' id='word_1_7' title='bbox 1180 934 1350 1017; x_wconf 79' lang='lat' dir='ltr'><strong>gavisus</strong></span> <span class='ocrx_word' id='word_1_8' title='bbox 1374 955 1455 1000; x_wconf 88' lang='lat' dir='ltr'><strong>sum</strong></span> <span class='ocrx_word' id='word_1_9' title='bbox 1476 958 1590 1019; x_wconf 90' lang='lat' dir='ltr'><strong>quam</strong></span> <span class='ocrx_word' id='word_1_10' title='bbox 1613 940 1695 1003; x_wconf 86' lang='lat' dir='ltr'><strong>do-</strong></span> 
     </span>
    </p>

    <p class='ocr_par' dir='ltr' id='par_1_2' title="bbox 323 1023 1695 1862">
     <span class='ocr_line' id='line_1_2' title="bbox 360 1023 1695 1120; baseline 0.008 -34"><span class='ocrx_word' id='word_1_11' title='bbox 360 1023 431 1087; x_wconf 89' lang='lat' dir='ltr'><strong>lui.</strong></span> <span class='ocrx_word' id='word_1_12' title='bbox 465 1025 579 1089; x_wconf 84' lang='lat' dir='ltr'><strong>Videte</strong></span> <span class='ocrx_word' id='word_1_13' title='bbox 601 1025 680 1112; x_wconf 93' lang='lat' dir='ltr'><strong>quid</strong></span> <span class='ocrx_word' id='word_1_14' title='bbox 700 1047 735 1090; x_wconf 90' lang='lat' dir='ltr'><strong>se</strong></span> <span class='ocrx_word' id='word_1_15' title='bbox 756 1026 915 1110; x_wconf 83' lang='lat' dir='ltr'><strong>gavisum,</strong></span> <span class='ocrx_word' id='word_1_16' title='bbox 938 1024 1015 1109; x_wconf 90' lang='lat' dir='ltr'><strong>quid</strong></span> <span class='ocrx_word' id='word_1_17' title='bbox 1037 1025 1176 1091; x_wconf 75' lang='lat' dir='ltr'><strong>doluisse</strong></span> <span class='ocrx_word' id='word_1_18' title='bbox 1198 1027 1297 1120; x_wconf 83' lang='lat' dir='ltr'><strong>dieat:</strong></span> <span class='ocrx_word' id='word_1_19' title='bbox 1318 1028 1442 1095; x_wconf 79' lang='lat' dir='ltr'><strong>facilius</strong></span> <span class='ocrx_word' id='word_1_20' title='bbox 1462 1031 1502 1095; x_wconf 92' lang='lat' dir='ltr'><strong>de</strong></span> <span class='ocrx_word' id='word_1_21' title='bbox 1522 1052 1600 1115; x_wconf 86' lang='lat' dir='ltr'><strong>pace</strong></span> <span class='ocrx_word' id='word_1_22' title='bbox 1622 1033 1695 1096; x_wconf 85' lang='lat' dir='ltr'><strong>de-</strong></span> 
     </span>
     <span class='ocr_line' id='line_1_3' title="bbox 337 1118 1694 1207; baseline 0.004 -23"><span class='ocrx_word' id='word_1_23' title='bbox 337 1118 538 1184; x_wconf 80' lang='lat' dir='ltr'><strong>sliberslritis.</strong></span> <span class='ocrx_word' id='word_1_24' title='bbox 572 1120 743 1184; x_wconf 82' lang='lat' dir='ltr'><strong>Dedisse</strong></span> <span class='ocrx_word' id='word_1_25' title='bbox 773 1138 925 1203; x_wconf 91' lang='lat' dir='ltr'><strong>poenas</strong></span> <span class='ocrx_word' id='word_1_26' title='bbox 947 1120 1196 1185; x_wconf 87' lang='lat' dir='ltr'><strong>sceleratum</strong></span> <span class='ocrx_word' id='word_1_27' title='bbox 1217 1121 1352 1186; x_wconf 91' lang='lat' dir='ltr'><strong>cineri</strong></span> <span class='ocrx_word' id='word_1_28' title='bbox 1374 1130 1496 1207; x_wconf 91' lang='lat' dir='ltr'><strong>atque</strong></span> <span class='ocrx_word' id='word_1_29' title='bbox 1518 1127 1694 1190; x_wconf 76' lang='lat' dir='ltr'><strong>ossibus</strong></span> 
     </span>
     <span class='ocr_line' id='line_1_4' title="bbox 360 1212 1691 1297; baseline 0.005 -21"><span class='ocrx_word' id='word_1_30' title='bbox 360 1212 574 1277; x_wconf 77' lang='lat' dir='ltr'><strong>clarissimi</strong></span> <span class='ocrx_word' id='word_1_31' title='bbox 595 1213 671 1278; x_wconf 82' lang='lat' dir='ltr'><strong>riri</strong></span> <span class='ocrx_word' id='word_1_32' title='bbox 693 1220 730 1277; x_wconf 87' lang='lat' dir='ltr'><strong>et</strong></span> <span class='ocrx_word' id='word_1_33' title='bbox 750 1214 979 1297; x_wconf 79' lang='lat' dir='ltr'><strong>apparuisse</strong></span> <span class='ocrx_word' id='word_1_34' title='bbox 1000 1234 1140 1278; x_wconf 91' lang='lat' dir='ltr'><strong>numen</strong></span> <span class='ocrx_word' id='word_1_35' title='bbox 1155 1214 1314 1279; x_wconf 89' lang='lat' dir='ltr'><strong>deorum</strong></span> <span class='ocrx_word' id='word_1_36' title='bbox 1336 1216 1691 1283; x_wconf 84' lang='lat' dir='ltr'><strong>intralinemanni</strong></span> 
     </span>
     <span class='ocr_line' id='line_1_5' title="bbox 359 1308 1692 1397; baseline 0.005 -26"><span class='ocrx_word' id='word_1_37' title='bbox 359 1310 565 1385; x_wconf 81' lang='lat' dir='ltr'><strong>vertentis,</strong></span> <span class='ocrx_word' id='word_1_38' title='bbox 599 1314 667 1372; x_wconf 92' lang='lat' dir='ltr'><strong>aut</strong></span> <span class='ocrx_word' id='word_1_39' title='bbox 696 1309 767 1373; x_wconf 92' lang='lat' dir='ltr'><strong>iam</strong></span> <span class='ocrx_word' id='word_1_40' title='bbox 798 1308 931 1372; x_wconf 91' lang='lat' dir='ltr'><strong>soluto</strong></span> <span class='ocrx_word' id='word_1_41' title='bbox 964 1308 1163 1392; x_wconf 88' lang='lat' dir='ltr'><strong>supplicio</strong></span> <span class='ocrx_word' id='word_1_42' title='bbox 1194 1309 1401 1393; x_wconf 84' lang='lat' dir='ltr'><strong>parricidii</strong></span> <span class='ocrx_word' id='word_1_43' title='bbox 1435 1318 1504 1376; x_wconf 89' lang='lat' dir='ltr'><strong>aut</strong></span> <span class='ocrx_word' id='word_1_44' title='bbox 1535 1312 1692 1397; x_wconf 92' lang='lat' dir='ltr'><strong>impen-</strong></span> 
     </span>
     <span class='ocr_line' id='line_1_6' title="bbox 359 1396 1688 1490; baseline 0.004 -26"><span class='ocrx_word' id='word_1_45' title='bbox 359 1399 489 1477; x_wconf 80' lang='lat' dir='ltr'><strong>dente,</strong></span> <span class='ocrx_word' id='word_1_46' title='bbox 511 1400 730 1467; x_wconf 88' lang='lat' dir='ltr'><strong>laetandum</strong></span> <span class='ocrx_word' id='word_1_47' title='bbox 753 1410 823 1466; x_wconf 88' lang='lat' dir='ltr'><strong>est.</strong></span> <span class='ocrx_word' id='word_1_48' title='bbox 859 1396 888 1466; x_wconf 82' lang='grc' dir='ltr'><strong>θ’</strong></span> <span class='ocrx_word' id='word_1_49' title='bbox 910 1402 1077 1485; x_wconf 79' lang='lat' dir='ltr'><strong>Spartace!</strong></span> <span class='ocrx_word' id='word_1_50' title='bbox 1100 1423 1195 1487; x_wconf 92' lang='lat' dir='ltr'><strong>quem</strong></span> <span class='ocrx_word' id='word_1_51' title='bbox 1217 1406 1302 1468; x_wconf 90' lang='lat' dir='ltr'><strong>enim</strong></span> <span class='ocrx_word' id='word_1_52' title='bbox 1323 1413 1355 1467; x_wconf 89' lang='lat' dir='ltr'><strong>te</strong></span> <span class='ocrx_word' id='word_1_53' title='bbox 1377 1406 1481 1489; x_wconf 89' lang='lat' dir='ltr'><strong>potius</strong></span> <span class='ocrx_word' id='word_1_54' title='bbox 1501 1406 1688 1490; x_wconf 79' lang='lat' dir='ltr'><strong>appellem?</strong></span> 
     </span>
     <span class='ocr_line' id='line_1_7' title="bbox 360 1494 1688 1582; baseline 0.003 -23"><span class='ocrx_word' id='word_1_55' title='bbox 360 1496 450 1561; x_wconf 87' lang='lat' dir='ltr'><strong>cuius</strong></span> <span class='ocrx_word' id='word_1_56' title='bbox 470 1503 600 1582; x_wconf 87' lang='lat' dir='ltr'><strong>propter</strong></span> <span class='ocrx_word' id='word_1_57' title='bbox 619 1494 757 1560; x_wconf 82' lang='lat' dir='ltr'><strong>nefanda</strong></span> <span class='ocrx_word' id='word_1_58' title='bbox 778 1496 898 1560; x_wconf 87' lang='lat' dir='ltr'><strong>seelera</strong></span> <span class='ocrx_word' id='word_1_59' title='bbox 919 1495 1090 1560; x_wconf 87' lang='lat' dir='ltr'><strong>tolerabilis</strong></span> <span class='ocrx_word' id='word_1_60' title='bbox 1111 1496 1209 1561; x_wconf 86' lang='lat' dir='ltr'><strong>luisse</strong></span> <span class='ocrx_word' id='word_1_61' title='bbox 1231 1497 1357 1561; x_wconf 84' lang='lat' dir='ltr'><strong>ridetur</strong></span> <span class='ocrx_word' id='word_1_62' title='bbox 1379 1498 1529 1562; x_wconf 86' lang='lat' dir='ltr'><strong>Catilina:</strong></span> <span class='ocrx_word' id='word_1_63' title='bbox 1559 1498 1688 1563; x_wconf 89' lang='lat' dir='ltr'><strong>laetan-</strong></span> 
     </span>
     <span class='ocr_line' id='line_1_8' title="bbox 323 1588 1684 1677; baseline 0.001 -21"><span class='ocrx_word' id='word_1_64' title='bbox 323 1588 434 1656; x_wconf 82' lang='lat' dir='ltr'><strong>aodum</strong></span> <span class='ocrx_word' id='word_1_65' title='bbox 456 1612 526 1655; x_wconf 89' lang='lat' dir='ltr'><strong>esse</strong></span> <span class='ocrx_word' id='word_1_66' title='bbox 540 1611 685 1655; x_wconf 88' lang='lat' dir='ltr'><strong>aususes</strong></span> <span class='ocrx_word' id='word_1_67' title='bbox 701 1590 859 1655; x_wconf 81' lang='lat' dir='ltr'><strong>scriberet</strong></span> <span class='ocrx_word' id='word_1_68' title='bbox 891 1589 1084 1653; x_wconf 85' lang='lat' dir='ltr'><strong>Trebonium</strong></span> <span class='ocrx_word' id='word_1_69' title='bbox 1099 1590 1224 1655; x_wconf 84' lang='lat' dir='ltr'><strong>dedisse</strong></span> <span class='ocrx_word' id='word_1_70' title='bbox 1238 1595 1379 1677; x_wconf 74' lang='lat' dir='ltr'><strong>poenas?</strong></span> <span class='ocrx_word' id='word_1_71' title='bbox 1402 1592 1587 1656; x_wconf 89' lang='lat' dir='ltr'><strong>sceleratum</strong></span> <span class='ocrx_word' id='word_1_72' title='bbox 1601 1594 1684 1657; x_wconf 85' lang='lat' dir='ltr'><strong>Tre-</strong></span> 
     </span>
     <span class='ocr_line' id='line_1_9' title="bbox 358 1682 1682 1771; baseline 0.005 -26"><span class='ocrx_word' id='word_1_73' title='bbox 358 1683 512 1748; x_wconf 84' lang='lat' dir='ltr'><strong>lroniuml</strong></span> <span class='ocrx_word' id='word_1_74' title='bbox 541 1705 604 1770; x_wconf 92' lang='lat' dir='ltr'><strong>quo</strong></span> <span class='ocrx_word' id='word_1_75' title='bbox 634 1685 767 1759; x_wconf 85' lang='lat' dir='ltr'><strong>scelere,</strong></span> <span class='ocrx_word' id='word_1_76' title='bbox 793 1684 856 1747; x_wconf 89' lang='lat' dir='ltr'><strong>nisi</strong></span> <span class='ocrx_word' id='word_1_77' title='bbox 885 1682 973 1766; x_wconf 93' lang='lat' dir='ltr'><strong>quod</strong></span> <span class='ocrx_word' id='word_1_78' title='bbox 1001 1692 1033 1747; x_wconf 90' lang='lat' dir='ltr'><strong>te</strong></span> <span class='ocrx_word' id='word_1_79' title='bbox 1063 1685 1170 1747; x_wconf 90' lang='lat' dir='ltr'><strong>Idibus</strong></span> <span class='ocrx_word' id='word_1_80' title='bbox 1198 1686 1317 1749; x_wconf 88' lang='lat' dir='ltr'><strong>llartils</strong></span> <span class='ocrx_word' id='word_1_81' title='bbox 1339 1706 1358 1750; x_wconf 90' lang='lat' dir='ltr'><strong>a</strong></span> <span class='ocrx_word' id='word_1_82' title='bbox 1379 1686 1484 1751; x_wconf 84' lang='lat' dir='ltr'><strong>dehita</strong></span> <span class='ocrx_word' id='word_1_83' title='bbox 1505 1687 1562 1750; x_wconf 88' lang='lat' dir='ltr'><strong>tibi</strong></span> <span class='ocrx_word' id='word_1_84' title='bbox 1588 1695 1682 1771; x_wconf 87' lang='lat' dir='ltr'><strong>peste</strong></span> 
     </span>
     <span class='ocr_line' id='line_1_10' title="bbox 359 1776 1680 1862; baseline 0.005 -20"><span class='ocrx_word' id='word_1_85' title='bbox 359 1779 511 1844; x_wconf 80' lang='lat' dir='ltr'><strong>seduxitt</strong></span> <span class='ocrx_word' id='word_1_86' title='bbox 553 1776 604 1843; x_wconf 77' lang='lat'><strong>23.</strong></span> <span class='ocrx_word' id='word_1_87' title='bbox 625 1781 706 1862; x_wconf 74' lang='lat' dir='ltr'><strong>Age,</strong></span> <span class='ocrx_word' id='word_1_88' title='bbox 728 1778 789 1842; x_wconf 91' lang='lat' dir='ltr'><strong>hoc</strong></span> <span class='ocrx_word' id='word_1_89' title='bbox 810 1778 953 1841; x_wconf 82' lang='lat' dir='ltr'><strong>laetaris:</strong></span> <span class='ocrx_word' id='word_1_90' title='bbox 976 1777 1138 1843; x_wconf 89' lang='lat' dir='ltr'><strong>rideamus</strong></span> <span class='ocrx_word' id='word_1_91' title='bbox 1152 1780 1228 1862; x_wconf 92' lang='lat' dir='ltr'><strong>quid</strong></span> <span class='ocrx_word' id='word_1_92' title='bbox 1250 1780 1381 1845; x_wconf 85' lang='lat' dir='ltr'><strong>moleste</strong></span> <span class='ocrx_word' id='word_1_93' title='bbox 1398 1781 1489 1844; x_wconf 84' lang='lat' dir='ltr'><strong>ieras.</strong></span> <span class='ocrx_word' id='word_1_94' title='bbox 1526 1782 1680 1848; x_wconf 89' lang='lat' dir='ltr'><strong>ludica-</strong></span> 
     </span>
    </p>

    <p class='ocr_par' dir='ltr' id='par_1_3' title="bbox 359 1871 1680 2049">
     <span class='ocr_line' id='line_1_11' title="bbox 359 1871 1680 1957; baseline 0.005 -20"><span class='ocrx_word' id='word_1_95' title='bbox 359 1879 437 1937; x_wconf 84' lang='lat' dir='ltr'><strong>tum</strong></span> <span class='ocrx_word' id='word_1_96' title='bbox 462 1873 534 1938; x_wconf 90' lang='lat' dir='ltr'><strong>hoc</strong></span> <span class='ocrx_word' id='word_1_97' title='bbox 567 1881 741 1957; x_wconf 90' lang='lat' dir='ltr'><strong>tempore</strong></span> <span class='ocrx_word' id='word_1_98' title='bbox 761 1872 912 1936; x_wconf 87' lang='lat' dir='ltr'><strong>hostem</strong></span> <span class='ocrx_word' id='word_1_99' title='bbox 933 1871 1195 1948; x_wconf 86' lang='lat' dir='ltr'><strong>Dolabellam,</strong></span> <span class='ocrx_word' id='word_1_100' title='bbox 1223 1894 1265 1937; x_wconf 90' lang='lat' dir='ltr'><strong>eo</strong></span> <span class='ocrx_word' id='word_1_101' title='bbox 1287 1874 1390 1957; x_wconf 92' lang='lat' dir='ltr'><strong>quod</strong></span> <span class='ocrx_word' id='word_1_102' title='bbox 1412 1875 1598 1940; x_wconf 89' lang='lat' dir='ltr'><strong>sicarium</strong></span> <span class='ocrx_word' id='word_1_103' title='bbox 1620 1898 1680 1943; x_wconf 90' lang='lat' dir='ltr'><strong>oo·</strong></span> 
     </span>
     <span class='ocr_line' id='line_1_12' title="bbox 359 1965 1680 2049; baseline 0.005 -20"><span class='ocrx_word' id='word_1_104' title='bbox 359 1966 521 2042; x_wconf 88' lang='lat' dir='ltr'><strong>ciderit‚</strong></span> <span class='ocrx_word' id='word_1_105' title='bbox 549 1975 587 2031; x_wconf 91' lang='lat' dir='ltr'><strong>et</strong></span> <span class='ocrx_word' id='word_1_106' title='bbox 610 1966 738 2031; x_wconf 86' lang='lat' dir='ltr'><strong>rideri</strong></span> <span class='ocrx_word' id='word_1_107' title='bbox 767 1966 957 2030; x_wconf 91' lang='lat' dir='ltr'><strong>cariorem</strong></span> <span class='ocrx_word' id='word_1_108' title='bbox 985 1965 1135 2049; x_wconf 94' lang='lat' dir='ltr'><strong>populo</strong></span> <span class='ocrx_word' id='word_1_109' title='bbox 1162 1968 1333 2032; x_wconf 84' lang='lat' dir='ltr'><strong>Romano</strong></span> <span class='ocrx_word' id='word_1_110' title='bbox 1362 1968 1491 2031; x_wconf 89' lang='lat' dir='ltr'><strong>lilium</strong></span> <span class='ocrx_word' id='word_1_111' title='bbox 1514 1988 1680 2035; x_wconf 87' lang='lat' dir='ltr'><strong>scurrae</strong></span> 
     </span>
    </p>

    <p class='ocr_par' dir='ltr' id='par_1_4' title="bbox 213 2057 1681 2620">
     <span class='ocr_line' id='line_1_13' title="bbox 213 2057 1679 2156; baseline 0.003 -30"><span class='ocrx_word' id='word_1_112' title='bbox 213 2061 244 2156; x_wconf 59' lang='lat' dir='ltr'><em>J</em></span> <span class='ocrx_word' id='word_1_113' title='bbox 323 2077 478 2146; x_wconf 83' lang='lat' dir='ltr'><strong>uquam</strong></span> <span class='ocrx_word' id='word_1_114' title='bbox 500 2062 534 2125; x_wconf 85' lang='lat' dir='ltr'><strong>C.</strong></span> <span class='ocrx_word' id='word_1_115' title='bbox 553 2057 786 2136; x_wconf 62' lang='lat' dir='ltr'><strong>&#39;Caesarem</strong></span> <span class='ocrx_word' id='word_1_116' title='bbox 814 2060 969 2144; x_wconf 85' lang='lat' dir='ltr'><strong>patriae</strong></span> <span class='ocrx_word' id='word_1_117' title='bbox 991 2066 1214 2143; x_wconf 87' lang='lat' dir='ltr'><strong>parentem,</strong></span> <span class='ocrx_word' id='word_1_118' title='bbox 1241 2061 1586 2144; x_wconf 80' lang='lat' dir='ltr'><strong>ingemiscendum</strong></span> <span class='ocrx_word' id='word_1_119' title='bbox 1609 2074 1679 2130; x_wconf 82' lang='lat' dir='ltr'><strong>est.</strong></span> 
     </span>
     <span class='ocr_line' id='line_1_14' title="bbox 360 2145 1680 2239; baseline 0.002 -18"><span class='ocrx_word' id='word_1_120' title='bbox 360 2156 443 2233; x_wconf 86' lang='lat' dir='ltr'><strong>Quid</strong></span> <span class='ocrx_word' id='word_1_121' title='bbox 466 2145 645 2239; x_wconf 79' lang='lat' dir='ltr'><strong>ingemiscis</strong></span> <span class='ocrx_word' id='word_1_122' title='bbox 665 2155 790 2220; x_wconf 88' lang='lat' dir='ltr'><strong>hostem</strong></span> <span class='ocrx_word' id='word_1_123' title='bbox 811 2154 1029 2219; x_wconf 75' lang='lat' dir='ltr'><strong>Dolabellam?</strong></span> <span class='ocrx_word' id='word_1_124' title='bbox 1051 2154 1147 2239; x_wconf 74' lang='lat' dir='ltr'><strong>qnid?</strong></span> <span class='ocrx_word' id='word_1_125' title='bbox 1168 2162 1199 2217; x_wconf 90' lang='lat' dir='ltr'><strong>te</strong></span> <span class='ocrx_word' id='word_1_126' title='bbox 1222 2174 1287 2218; x_wconf 93' lang='lat' dir='ltr'><strong>non</strong></span> <span class='ocrx_word' id='word_1_127' title='bbox 1308 2154 1460 2239; x_wconf 74' lang='lat' dir='ltr'><strong>intelligis</strong></span> <span class='ocrx_word' id='word_1_128' title='bbox 1480 2156 1598 2221; x_wconf 87' lang='lat' dir='ltr'><strong>dilectu</strong></span> <span class='ocrx_word' id='word_1_129' title='bbox 1612 2166 1680 2223; x_wconf 86' lang='lat' dir='ltr'><strong>tota</strong></span> 
     </span>
     <span class='ocr_line' id='line_1_15' title="bbox 358 2248 1681 2335; baseline 0.001 -21"><span class='ocrx_word' id='word_1_130' title='bbox 358 2249 450 2314; x_wconf 92' lang='lat' dir='ltr'><strong>ltalia</strong></span> <span class='ocrx_word' id='word_1_131' title='bbox 470 2248 594 2325; x_wconf 86' lang='lat' dir='ltr'><strong>habito,</strong></span> <span class='ocrx_word' id='word_1_132' title='bbox 622 2249 804 2314; x_wconf 86' lang='lat' dir='ltr'><strong>consulilsus</strong></span> <span class='ocrx_word' id='word_1_133' title='bbox 827 2249 944 2322; x_wconf 91' lang='lat' dir='ltr'><strong>missis,</strong></span> <span class='ocrx_word' id='word_1_134' title='bbox 973 2248 1105 2312; x_wconf 86' lang='lat' dir='ltr'><strong>Caesare</strong></span> <span class='ocrx_word' id='word_1_135' title='bbox 1127 2255 1254 2323; x_wconf 89' lang='lat' dir='ltr'><strong>ornato,</strong></span> <span class='ocrx_word' id='word_1_136' title='bbox 1283 2250 1366 2332; x_wconf 72' lang='lat' dir='ltr'><strong>sagis</strong></span> <span class='ocrx_word' id='word_1_137' title='bbox 1388 2248 1526 2335; x_wconf 91' lang='lat' dir='ltr'><strong>denique</strong></span> <span class='ocrx_word' id='word_1_138' title='bbox 1547 2254 1681 2335; x_wconf 89' lang='lat' dir='ltr'><strong>sumptis</strong></span> 
     </span>
     <span class='ocr_line' id='line_1_16' title="bbox 358 2342 1681 2427; baseline 0.002 -19"><span class='ocrx_word' id='word_1_139' title='bbox 358 2343 483 2408; x_wconf 90' lang='lat' dir='ltr'><strong>hostem</strong></span> <span class='ocrx_word' id='word_1_140' title='bbox 503 2342 699 2408; x_wconf 77' lang='lat' dir='ltr'><strong>iudicatum?</strong></span> <span class='ocrx_word' id='word_1_141' title='bbox 721 2343 806 2420; x_wconf 88' lang='lat' dir='ltr'><strong>Quid</strong></span> <span class='ocrx_word' id='word_1_142' title='bbox 829 2351 879 2407; x_wconf 87' lang='lat' dir='ltr'><strong>est</strong></span> <span class='ocrx_word' id='word_1_143' title='bbox 898 2349 1019 2416; x_wconf 88' lang='lat' dir='ltr'><strong>autem,</strong></span> <span class='ocrx_word' id='word_1_144' title='bbox 1048 2342 1214 2418; x_wconf 86' lang='lat' dir='ltr'><strong>scelerate,</strong></span> <span class='ocrx_word' id='word_1_145' title='bbox 1236 2343 1323 2427; x_wconf 91' lang='lat' dir='ltr'><strong>quod</strong></span> <span class='ocrx_word' id='word_1_146' title='bbox 1346 2363 1451 2426; x_wconf 79' lang='lat' dir='ltr'><strong>gemas</strong></span> <span class='ocrx_word' id='word_1_147' title='bbox 1472 2344 1595 2419; x_wconf 77' lang='lat' dir='ltr'><strong>hostem</strong></span> <span class='ocrx_word' id='word_1_148' title='bbox 1615 2348 1681 2410; x_wconf 86' lang='lat' dir='ltr'><strong>Ilo-</strong></span> 
     </span>
     <span class='ocr_line' id='line_1_17' title="bbox 359 2434 1680 2519; baseline 0.002 -18"><span class='ocrx_word' id='word_1_149' title='bbox 359 2437 505 2502; x_wconf 83' lang='lat' dir='ltr'><strong>lalrellam</strong></span> <span class='ocrx_word' id='word_1_150' title='bbox 533 2438 706 2502; x_wconf 89' lang='lat' dir='ltr'><strong>iudicatum</strong></span> <span class='ocrx_word' id='word_1_151' title='bbox 734 2458 753 2502; x_wconf 90' lang='lat' dir='ltr'><strong>a</strong></span> <span class='ocrx_word' id='word_1_152' title='bbox 781 2439 914 2503; x_wconf 81' lang='lat' dir='ltr'><strong>senatui</strong></span> <span class='ocrx_word' id='word_1_153' title='bbox 948 2456 1042 2519; x_wconf 91' lang='lat' dir='ltr'><strong>quem</strong></span> <span class='ocrx_word' id='word_1_154' title='bbox 1072 2444 1107 2501; x_wconf 88' lang='lat' dir='ltr'><strong>tu</strong></span> <span class='ocrx_word' id='word_1_155' title='bbox 1136 2434 1278 2501; x_wconf 89' lang='lat' dir='ltr'><strong>ordinem</strong></span> <span class='ocrx_word' id='word_1_156' title='bbox 1305 2438 1433 2501; x_wconf 92' lang='lat' dir='ltr'><strong>omnino</strong></span> <span class='ocrx_word' id='word_1_157' title='bbox 1460 2459 1531 2503; x_wconf 89' lang='lat' dir='ltr'><strong>esse</strong></span> <span class='ocrx_word' id='word_1_158' title='bbox 1558 2440 1680 2505; x_wconf 91' lang='lat' dir='ltr'><strong>nullum</strong></span> 
     </span>
     <span class='ocr_line' id='line_1_18' title="bbox 323 2529 1679 2620; baseline 0.004 -25"><span class='ocrx_word' id='word_1_159' title='bbox 323 2538 465 2620; x_wconf 69' lang='lat' dir='ltr'><strong>mpntaa</strong></span> <span class='ocrx_word' id='word_1_160' title='bbox 486 2534 542 2597; x_wconf 91' lang='lat' dir='ltr'><strong>sed</strong></span> <span class='ocrx_word' id='word_1_161' title='bbox 565 2552 634 2597; x_wconf 88' lang='lat' dir='ltr'><strong>eam</strong></span> <span class='ocrx_word' id='word_1_162' title='bbox 655 2532 713 2596; x_wconf 85' lang='lat' dir='ltr'><strong>tibi</strong></span> <span class='ocrx_word' id='word_1_163' title='bbox 736 2552 862 2596; x_wconf 88' lang='lat' dir='ltr'><strong>oausam</strong></span> <span class='ocrx_word' id='word_1_164' title='bbox 883 2531 959 2594; x_wconf 84' lang='lat' dir='ltr'><strong>belli</strong></span> <span class='ocrx_word' id='word_1_165' title='bbox 980 2529 1112 2613; x_wconf 71' lang='lat' dir='ltr'><strong>gerendi</strong></span> <span class='ocrx_word' id='word_1_166' title='bbox 1134 2532 1301 2614; x_wconf 86' lang='lat' dir='ltr'><strong>proponis,</strong></span> <span class='ocrx_word' id='word_1_167' title='bbox 1323 2539 1360 2595; x_wconf 90' lang='lat' dir='ltr'><strong>ut</strong></span> <span class='ocrx_word' id='word_1_168' title='bbox 1380 2539 1522 2596; x_wconf 82' lang='grc'><strong>4444444444</strong></span> <span class='ocrx_word' id='word_1_169' title='bbox 1536 2532 1679 2599; x_wconf 77' lang='lat' dir='ltr'><strong>funditus</strong></span> 
     </span>
    </p>

    <p class='ocr_par' dir='ltr' id='par_1_5' title="bbox 228 2625 1679 2804">
     <span class='ocr_line' id='line_1_19' title="bbox 228 2625 1679 2715; baseline 0.001 -24"><span class='ocrx_word' id='word_1_170' title='bbox 228 2649 253 2715; x_wconf 52' lang='grc' dir='ltr'><em>χ</em></span> <span class='ocrx_word' id='word_1_171' title='bbox 359 2627 482 2703; x_wconf 84' lang='lat' dir='ltr'><strong>deleas,</strong></span> <span class='ocrx_word' id='word_1_172' title='bbox 504 2626 619 2709; x_wconf 89' lang='lat' dir='ltr'><strong>reliqui</strong></span> <span class='ocrx_word' id='word_1_173' title='bbox 640 2626 718 2691; x_wconf 88' lang='lat' dir='ltr'><strong>honi</strong></span> <span class='ocrx_word' id='word_1_174' title='bbox 740 2633 773 2690; x_wconf 85' lang='lat' dir='ltr'><strong>et</strong></span> <span class='ocrx_word' id='word_1_175' title='bbox 792 2625 968 2709; x_wconf 87' lang='lat' dir='ltr'><strong>locupletes</strong></span> <span class='ocrx_word' id='word_1_176' title='bbox 983 2644 1094 2689; x_wconf 88' lang='lat' dir='ltr'><strong>omnes</strong></span> <span class='ocrx_word' id='word_1_177' title='bbox 1110 2644 1264 2689; x_wconf 91' lang='lat' dir='ltr'><strong>summum</strong></span> <span class='ocrx_word' id='word_1_178' title='bbox 1279 2626 1421 2689; x_wconf 88' lang='lat' dir='ltr'><strong>ordinem</strong></span> <span class='ocrx_word' id='word_1_179' title='bbox 1437 2627 1679 2714; x_wconf 70' lang='lat' dir='ltr'><strong>subsequantur.</strong></span> 
     </span>
     <span class='ocr_line' id='line_1_20' title="bbox 358 2717 1678 2804; baseline 0.001 -20"><span class='ocrx_word' id='word_1_180' title='bbox 358 2722 400 2784; x_wconf 78' lang='lat' dir='ltr'><strong>At</strong></span> <span class='ocrx_word' id='word_1_181' title='bbox 427 2739 550 2784; x_wconf 88' lang='lat' dir='ltr'><strong>scurrae</strong></span> <span class='ocrx_word' id='word_1_182' title='bbox 578 2717 678 2783; x_wconf 89' lang='lat' dir='ltr'><strong>lilium</strong></span> <span class='ocrx_word' id='word_1_183' title='bbox 706 2720 861 2804; x_wconf 86' lang='lat' dir='ltr'><strong>appellat:</strong></span> <span class='ocrx_word' id='word_1_184' title='bbox 891 2719 982 2803; x_wconf 86' lang='lat' dir='ltr'><strong>quasi</strong></span> <span class='ocrx_word' id='word_1_185' title='bbox 1010 2738 1085 2783; x_wconf 83' lang='lat' dir='ltr'><strong>vero</strong></span> <span class='ocrx_word' id='word_1_186' title='bbox 1114 2719 1241 2801; x_wconf 85' lang='lat' dir='ltr'><strong>ignotus</strong></span> <span class='ocrx_word' id='word_1_187' title='bbox 1263 2718 1355 2781; x_wconf 85' lang='lat' dir='ltr'><strong>nobis</strong></span> <span class='ocrx_word' id='word_1_188' title='bbox 1376 2719 1472 2784; x_wconf 84' lang='lat' dir='ltr'><strong>luerit</strong></span> <span class='ocrx_word' id='word_1_189' title='bbox 1492 2721 1678 2803; x_wconf 89' lang='lat' dir='ltr'><strong>splendidus</strong></span> 
     </span>
    </p>

    <p class='ocr_par' dir='ltr' id='par_1_6' title="bbox 249 2802 1680 3078">
     <span class='ocr_line' id='line_1_21' title="bbox 249 2802 1680 2905; baseline 0.001 -27"><span class='ocrx_word' id='word_1_190' title='bbox 249 2802 282 2905; x_wconf 59' lang='lat' dir='ltr'><em>J</em></span> <span class='ocrx_word' id='word_1_191' title='bbox 358 2834 457 2898; x_wconf 87' lang='lat' dir='ltr'><strong>eques</strong></span> <span class='ocrx_word' id='word_1_192' title='bbox 478 2816 651 2891; x_wconf 84' lang='lat' dir='ltr'><strong>Romanus,</strong></span> <span class='ocrx_word' id='word_1_193' title='bbox 678 2814 826 2879; x_wconf 85' lang='lat' dir='ltr'><strong>Trebonii</strong></span> <span class='ocrx_word' id='word_1_194' title='bbox 855 2820 955 2898; x_wconf 72' lang='lat' dir='ltr'><strong>pater.</strong></span> <span class='ocrx_word' id='word_1_195' title='bbox 996 2814 1027 2877; x_wconf 94' lang='lat' dir='ltr'><strong>ls</strong></span> <span class='ocrx_word' id='word_1_196' title='bbox 1048 2819 1152 2877; x_wconf 87' lang='lat' dir='ltr'><strong>autem</strong></span> <span class='ocrx_word' id='word_1_197' title='bbox 1174 2811 1382 2877; x_wconf 86' lang='lat' dir='ltr'><strong>humilitatem</strong></span> <span class='ocrx_word' id='word_1_198' title='bbox 1403 2813 1564 2897; x_wconf 86' lang='lat' dir='ltr'><strong>despicere</strong></span> <span class='ocrx_word' id='word_1_199' title='bbox 1585 2816 1680 2879; x_wconf 92' lang='lat' dir='ltr'><strong>audet</strong></span> 
     </span>
     <span class='ocr_line' id='line_1_22' title="bbox 359 2903 1680 2993; baseline 0.001 -21"><span class='ocrx_word' id='word_1_200' title='bbox 359 2908 560 2992; x_wconf 88' lang='lat' dir='ltr'><strong>cuiusquam,</strong></span> <span class='ocrx_word' id='word_1_201' title='bbox 582 2908 638 2993; x_wconf 91' lang='lat' dir='ltr'><strong>qui</strong></span> <span class='ocrx_word' id='word_1_202' title='bbox 660 2928 701 2971; x_wconf 86' lang='lat' dir='ltr'><strong>ex</strong></span> <span class='ocrx_word' id='word_1_203' title='bbox 721 2906 820 2972; x_wconf 86' lang='lat' dir='ltr'><strong>Fadia</strong></span> <span class='ocrx_word' id='word_1_204' title='bbox 840 2907 1002 2971; x_wconf 84' lang='lat' dir='ltr'><strong>sustulerit</strong></span> <span class='ocrx_word' id='word_1_205' title='bbox 1028 2906 1168 2969; x_wconf 84' lang='lat' dir='ltr'><strong>liberos‘l</strong></span> <span class='ocrx_word' id='word_1_206' title='bbox 1214 2906 1271 2969; x_wconf 83' lang='lat' dir='ltr'><strong>XI.</strong></span> <span class='ocrx_word' id='word_1_207' title='bbox 1292 2903 1343 2970; x_wconf 68' lang='lat'><strong>24.</strong></span> <span class='ocrx_word' id='word_1_208' title='bbox 1365 2907 1680 2973; x_wconf 80' lang='lat' dir='ltr'><strong>Acerbissimum</strong></span> 
     </span>
     <span class='ocr_line' id='line_1_23' title="bbox 322 3000 1679 3078; baseline -0.003 -7"><span class='ocrx_word' id='word_1_209' title='bbox 322 3000 1679 3078; x_wconf 77' lang='lat' dir='ltr'><strong>averoestte,l.11irsi,ornatumneneficiisCaesaris‚ettatem</strong></span> 
     </span>
    </p>

    <p class='ocr_par' dir='ltr' id='par_1_7' title="bbox 320 3094 1681 3651">
     <span class='ocr_line' id='line_1_24' title="bbox 358 3094 1679 3181; baseline -0.003 -18"><span class='ocrx_word' id='word_1_210' title='bbox 358 3099 402 3163; x_wconf 85' lang='lat' dir='ltr'><strong>alr</strong></span> <span class='ocrx_word' id='word_1_211' title='bbox 435 3117 479 3161; x_wconf 95' lang='lat' dir='ltr'><strong>eo</strong></span> <span class='ocrx_word' id='word_1_212' title='bbox 511 3097 715 3171; x_wconf 88' lang='lat' dir='ltr'><strong>relictum,</strong></span> <span class='ocrx_word' id='word_1_213' title='bbox 750 3097 902 3181; x_wconf 89' lang='lat' dir='ltr'><strong>qualem</strong></span> <span class='ocrx_word' id='word_1_214' title='bbox 934 3097 1019 3178; x_wconf 91' lang='lat' dir='ltr'><strong>ipse</strong></span> <span class='ocrx_word' id='word_1_215' title='bbox 1051 3096 1213 3159; x_wconf 89' lang='lat' dir='ltr'><strong>miraris</strong></span> <span class='ocrx_word' id='word_1_216' title='bbox 1234 3127 1276 3141; x_wconf 97' lang='lat'>-</span> <span class='ocrx_word' id='word_1_217' title='bbox 1302 3094 1456 3179; x_wconf 88' lang='lat' dir='ltr'><strong>Equidem</strong></span> <span class='ocrx_word' id='word_1_218' title='bbox 1478 3114 1592 3178; x_wconf 82' lang='lat' dir='ltr'><strong>negare</strong></span> <span class='ocrx_word' id='word_1_219' title='bbox 1614 3116 1679 3159; x_wconf 91' lang='lat' dir='ltr'><strong>non</strong></span> 
     </span>
     <span class='ocr_line' id='line_1_25' title="bbox 358 3189 1681 3277; baseline -0.002 -22"><span class='ocrx_word' id='word_1_220' title='bbox 358 3212 488 3277; x_wconf 90' lang='lat' dir='ltr'><strong>possum</strong></span> <span class='ocrx_word' id='word_1_221' title='bbox 514 3211 534 3254; x_wconf 89' lang='lat' dir='ltr'><strong>a</strong></span> <span class='ocrx_word' id='word_1_222' title='bbox 562 3190 694 3255; x_wconf 87' lang='lat' dir='ltr'><strong>Caesare</strong></span> <span class='ocrx_word' id='word_1_223' title='bbox 723 3190 861 3253; x_wconf 86' lang='lat' dir='ltr'><strong>Hirtium</strong></span> <span class='ocrx_word' id='word_1_224' title='bbox 889 3196 1051 3263; x_wconf 88' lang='lat' dir='ltr'><strong>ornatum,</strong></span> <span class='ocrx_word' id='word_1_225' title='bbox 1084 3190 1140 3252; x_wconf 88' lang='lat' dir='ltr'><strong>sed</strong></span> <span class='ocrx_word' id='word_1_226' title='bbox 1168 3189 1223 3253; x_wconf 89' lang='lat' dir='ltr'><strong>illa</strong></span> <span class='ocrx_word' id='word_1_227' title='bbox 1245 3196 1428 3253; x_wconf 89' lang='lat' dir='ltr'><strong>ornamenta</strong></span> <span class='ocrx_word' id='word_1_228' title='bbox 1457 3190 1490 3252; x_wconf 90' lang='lat' dir='ltr'><strong>in</strong></span> <span class='ocrx_word' id='word_1_229' title='bbox 1510 3190 1626 3254; x_wconf 87' lang='lat' dir='ltr'><strong>virtute</strong></span> <span class='ocrx_word' id='word_1_230' title='bbox 1648 3196 1681 3253; x_wconf 90' lang='lat' dir='ltr'><strong>et</strong></span> 
     </span>
     <span class='ocr_line' id='line_1_26' title="bbox 357 3282 1678 3369; baseline -0.002 -20"><span class='ocrx_word' id='word_1_231' title='bbox 357 3285 513 3350; x_wconf 89' lang='lat' dir='ltr'><strong>industria</strong></span> <span class='ocrx_word' id='word_1_232' title='bbox 540 3286 642 3369; x_wconf 87' lang='lat' dir='ltr'><strong>posita</strong></span> <span class='ocrx_word' id='word_1_233' title='bbox 669 3284 786 3348; x_wconf 72' lang='lat' dir='ltr'><strong>lucent.</strong></span> <span class='ocrx_word' id='word_1_234' title='bbox 834 3286 881 3347; x_wconf 90' lang='lat' dir='ltr'><strong>Tu</strong></span> <span class='ocrx_word' id='word_1_235' title='bbox 908 3302 998 3357; x_wconf 86' lang='lat' dir='ltr'><strong>vero,</strong></span> <span class='ocrx_word' id='word_1_236' title='bbox 1032 3282 1086 3366; x_wconf 94' lang='lat' dir='ltr'><strong>qui</strong></span> <span class='ocrx_word' id='word_1_237' title='bbox 1113 3291 1144 3345; x_wconf 87' lang='lat' dir='ltr'><strong>te</strong></span> <span class='ocrx_word' id='word_1_238' title='bbox 1173 3283 1212 3345; x_wconf 86' lang='lat' dir='ltr'><strong>ab</strong></span> <span class='ocrx_word' id='word_1_239' title='bbox 1241 3284 1367 3351; x_wconf 88' lang='lat' dir='ltr'><strong>eodem</strong></span> <span class='ocrx_word' id='word_1_240' title='bbox 1382 3282 1515 3347; x_wconf 82' lang='lat' dir='ltr'><strong>Caesare</strong></span> <span class='ocrx_word' id='word_1_241' title='bbox 1536 3296 1678 3349; x_wconf 84' lang='lat' dir='ltr'><strong>ornatum</strong></span> 
     </span>
     <span class='ocr_line' id='line_1_27' title="bbox 358 3377 1678 3463; baseline -0.002 -20"><span class='ocrx_word' id='word_1_242' title='bbox 358 3399 472 3463; x_wconf 83' lang='lat' dir='ltr'><strong>negare</strong></span> <span class='ocrx_word' id='word_1_243' title='bbox 501 3398 566 3441; x_wconf 90' lang='lat' dir='ltr'><strong>non</strong></span> <span class='ocrx_word' id='word_1_244' title='bbox 596 3385 705 3463; x_wconf 90' lang='lat' dir='ltr'><strong>potes,</strong></span> <span class='ocrx_word' id='word_1_245' title='bbox 740 3378 816 3463; x_wconf 92' lang='lat' dir='ltr'><strong>quid</strong></span> <span class='ocrx_word' id='word_1_246' title='bbox 845 3398 949 3453; x_wconf 88' lang='lat' dir='ltr'><strong>esses,</strong></span> <span class='ocrx_word' id='word_1_247' title='bbox 982 3378 1010 3440; x_wconf 91' lang='grc'><strong>44</strong></span> <span class='ocrx_word' id='word_1_248' title='bbox 1038 3378 1096 3441; x_wconf 91' lang='lat' dir='ltr'><strong>tibi</strong></span> <span class='ocrx_word' id='word_1_249' title='bbox 1124 3377 1177 3440; x_wconf 92' lang='lat' dir='ltr'><strong>ille</strong></span> <span class='ocrx_word' id='word_1_250' title='bbox 1207 3385 1357 3440; x_wconf 91' lang='lat' dir='ltr'><strong>nontam</strong></span> <span class='ocrx_word' id='word_1_251' title='bbox 1379 3378 1476 3440; x_wconf 88' lang='lat' dir='ltr'><strong>multe</strong></span> <span class='ocrx_word' id='word_1_252' title='bbox 1498 3378 1678 3442; x_wconf 72' lang='lat' dir='ltr'><strong>tribuisset?</strong></span> 
     </span>
     <span class='ocr_line' id='line_1_28' title="bbox 320 3471 1679 3558; baseline -0.004 -19"><span class='ocrx_word' id='word_1_253' title='bbox 320 3490 459 3558; x_wconf 78' lang='lat' dir='ltr'><strong>aoecquo</strong></span> <span class='ocrx_word' id='word_1_254' title='bbox 480 3481 512 3537; x_wconf 87' lang='lat' dir='ltr'><strong>te</strong></span> <span class='ocrx_word' id='word_1_255' title='bbox 534 3480 587 3536; x_wconf 88' lang='lat' dir='ltr'><strong>tua</strong></span> <span class='ocrx_word' id='word_1_256' title='bbox 608 3474 706 3537; x_wconf 87' lang='lat' dir='ltr'><strong>virtus</strong></span> <span class='ocrx_word' id='word_1_257' title='bbox 728 3472 948 3555; x_wconf 76' lang='lat' dir='ltr'><strong>provexisset?</strong></span> <span class='ocrx_word' id='word_1_258' title='bbox 971 3492 1071 3554; x_wconf 86' lang='lat' dir='ltr'><strong>ecquo</strong></span> <span class='ocrx_word' id='word_1_259' title='bbox 1087 3475 1209 3555; x_wconf 72' lang='lat' dir='ltr'><strong>genus?</strong></span> <span class='ocrx_word' id='word_1_260' title='bbox 1231 3472 1268 3533; x_wconf 93' lang='lat' dir='ltr'><strong>ln</strong></span> <span class='ocrx_word' id='word_1_261' title='bbox 1289 3471 1412 3547; x_wconf 89' lang='lat' dir='ltr'><strong>lustris,</strong></span> <span class='ocrx_word' id='word_1_262' title='bbox 1434 3471 1577 3554; x_wconf 90' lang='lat' dir='ltr'><strong>popinis,</strong></span> <span class='ocrx_word' id='word_1_263' title='bbox 1599 3471 1679 3545; x_wconf 87' lang='lat' dir='ltr'><strong>alea,</strong></span> 
     </span>
     <span class='ocr_line' id='line_1_29' title="bbox 357 3565 1676 3651; baseline -0.004 -19"><span class='ocrx_word' id='word_1_264' title='bbox 357 3569 432 3633; x_wconf 87' lang='lat' dir='ltr'><strong>rino</strong></span> <span class='ocrx_word' id='word_1_265' title='bbox 462 3573 587 3651; x_wconf 88' lang='lat' dir='ltr'><strong>tempus</strong></span> <span class='ocrx_word' id='word_1_266' title='bbox 615 3569 728 3631; x_wconf 88' lang='lat' dir='ltr'><strong>aetatis</strong></span> <span class='ocrx_word' id='word_1_267' title='bbox 749 3586 843 3631; x_wconf 92' lang='lat' dir='ltr'><strong>omne</strong></span> <span class='ocrx_word' id='word_1_268' title='bbox 864 3567 1131 3648; x_wconf 87' lang='lat' dir='ltr'><strong>consumpsisses,</strong></span> <span class='ocrx_word' id='word_1_269' title='bbox 1159 3573 1195 3631; x_wconf 89' lang='lat' dir='ltr'><strong>ut</strong></span> <span class='ocrx_word' id='word_1_270' title='bbox 1214 3565 1369 3639; x_wconf 79' lang='grc'><strong>44444444,</strong></span> <span class='ocrx_word' id='word_1_271' title='bbox 1400 3586 1472 3629; x_wconf 90' lang='lat' dir='ltr'><strong>cum</strong></span> <span class='ocrx_word' id='word_1_272' title='bbox 1494 3566 1527 3627; x_wconf 92' lang='lat' dir='ltr'><strong>in</strong></span> <span class='ocrx_word' id='word_1_273' title='bbox 1549 3566 1676 3647; x_wconf 79' lang='lat' dir='ltr'><strong>grermis</strong></span> 
     </span>
    </p>
   </div>
   <div class='ocr_carea' id='block_1_2' title="bbox 358 3902 1743 4567">
    <p class='ocr_par' dir='ltr' id='par_1_8' title="bbox 358 3902 1743 4567">
     <span class='ocr_line' id='line_1_30' title="bbox 424 3902 1677 3969; baseline -0.002 -12"><span class='ocrx_word' id='word_1_274' title='bbox 424 3903 791 3969; x_wconf 81' lang='lat' dir='ltr'><strong>l.nequea-pro.p.r.b;</strong></span> <span class='ocrx_word' id='word_1_275' title='bbox 811 3902 1497 3967; x_wconf 63' lang='lat' dir='ltr'><strong>.p.r.p.r.at;pror.pr.t-ssssqutoennseu</strong></span> <span class='ocrx_word' id='word_1_276' title='bbox 1515 3905 1677 3967; x_wconf 74' lang='lat' dir='ltr'><strong>paldonem.</strong></span> 
     </span>
     <span class='ocr_line' id='line_1_31' title="bbox 359 3975 1676 4042; baseline -0.004 -7"><span class='ocrx_word' id='word_1_277' title='bbox 359 3996 415 4035; x_wconf 86' lang='lat' dir='ltr'><strong>a·</strong></span> <span class='ocrx_word' id='word_1_278' title='bbox 433 3983 591 4033; x_wconf 65' lang='grc'><strong>44444444</strong></span> <span class='ocrx_word' id='word_1_279' title='bbox 609 3980 864 4036; x_wconf 74' lang='lat' dir='ltr'><strong>setrebrscitot-</strong></span> <span class='ocrx_word' id='word_1_280' title='bbox 883 3978 1063 4041; x_wconf 61' lang='lat' dir='ltr'><strong>onoma·</strong></span> <span class='ocrx_word' id='word_1_281' title='bbox 1081 3975 1676 4042; x_wconf 75' lang='lat' dir='ltr'><strong>mamb-3.qoalannqacodedoluia-</strong></span> 
     </span>
     <span class='ocr_line' id='line_1_32' title="bbox 358 4052 1680 4118; baseline -0.005 -8"><span class='ocrx_word' id='word_1_282' title='bbox 358 4052 1291 4118; x_wconf 75' lang='lat' dir='ltr'><strong>l.uideb-quldsedoluissei-d.dellbcralist—didtssee-</strong></span> <span class='ocrx_word' id='word_1_283' title='bbox 1311 4053 1680 4117; x_wconf 59' lang='lat' dir='ltr'><strong>anement-flamoni-</strong></span> 
     </span>
     <span class='ocr_line' id='line_1_33' title="bbox 358 4128 1681 4195; baseline -0.003 -11"><span class='ocrx_word' id='word_1_284' title='bbox 358 4131 535 4185; x_wconf 76' lang='lat' dir='ltr'><strong>rneduertentis</strong></span> <span class='ocrx_word' id='word_1_285' title='bbox 551 4130 610 4182; x_wconf 90' lang='lat' dir='ltr'><strong>b-</strong></span> <span class='ocrx_word' id='word_1_286' title='bbox 629 4133 653 4182; x_wconf 78' lang='lat'><strong>7.</strong></span> <span class='ocrx_word' id='word_1_287' title='bbox 669 4131 804 4195; x_wconf 71' lang='grc'><strong>4444444444</strong></span> <span class='ocrx_word' id='word_1_288' title='bbox 815 4129 842 4191; x_wconf 84' lang='lat' dir='ltr'><strong>b,</strong></span> <span class='ocrx_word' id='word_1_289' title='bbox 860 4130 891 4179; x_wconf 86' lang='lat' dir='ltr'><strong>ut</strong></span> <span class='ocrx_word' id='word_1_290' title='bbox 906 4128 975 4179; x_wconf 87' lang='lat' dir='ltr'><strong>cont.</strong></span> <span class='ocrx_word' id='word_1_291' title='bbox 988 4128 1138 4180; x_wconf 84' lang='lat' dir='ltr'><strong>Ferrarius:</strong></span> <span class='ocrx_word' id='word_1_292' title='bbox 1154 4128 1286 4189; x_wconf 74' lang='grc'><strong>4444444444</strong></span> <span class='ocrx_word' id='word_1_293' title='bbox 1302 4130 1327 4187; x_wconf 84' lang='grc'><strong>4;</strong></span> <span class='ocrx_word' id='word_1_294' title='bbox 1344 4128 1490 4191; x_wconf 78' lang='lat' dir='ltr'><strong>parricidae</strong></span> <span class='ocrx_word' id='word_1_295' title='bbox 1506 4130 1538 4180; x_wconf 89' lang='lat' dir='ltr'><strong>ai</strong></span> <span class='ocrx_word' id='word_1_296' title='bbox 1550 4129 1681 4193; x_wconf 78' lang='grc'><strong>(4444444444</strong></span> 
     </span>
     <span class='ocr_line' id='line_1_34' title="bbox 358 4204 1680 4271; baseline -0.004 -10"><span class='ocrx_word' id='word_1_297' title='bbox 358 4209 441 4261; x_wconf 88' lang='lat' dir='ltr'><strong>habet</strong></span> <span class='ocrx_word' id='word_1_298' title='bbox 456 4208 510 4258; x_wconf 88' lang='lat' dir='ltr'><strong>iam</strong></span> <span class='ocrx_word' id='word_1_299' title='bbox 520 4206 564 4258; x_wconf 90' lang='lat' dir='ltr'><strong>ed.</strong></span> <span class='ocrx_word' id='word_1_300' title='bbox 576 4208 687 4258; x_wconf 75' lang='lat' dir='ltr'><strong>tacens.</strong></span> <span class='ocrx_word' id='word_1_301' title='bbox 699 4220 723 4257; x_wconf 88' lang='lat' dir='ltr'><strong>a.</strong></span> <span class='ocrx_word' id='word_1_302' title='bbox 737 4206 819 4271; x_wconf 75' lang='grc'><strong>4440.)</strong></span> <span class='ocrx_word' id='word_1_303' title='bbox 830 4231 857 4242; x_wconf 87' lang='grc'>-</span> <span class='ocrx_word' id='word_1_304' title='bbox 868 4205 1015 4268; x_wconf 77' lang='lat' dir='ltr'><strong>inpendente</strong></span> <span class='ocrx_word' id='word_1_305' title='bbox 1030 4206 1066 4254; x_wconf 86' lang='lat' dir='ltr'><strong>at</strong></span> <span class='ocrx_word' id='word_1_306' title='bbox 1078 4229 1104 4240; x_wconf 92' lang='lat'><em>-</em></span> <span class='ocrx_word' id='word_1_307' title='bbox 1123 4204 1148 4255; x_wconf 88' lang='lat'><strong>8.</strong></span> <span class='ocrx_word' id='word_1_308' title='bbox 1161 4204 1290 4255; x_wconf 76' lang='grc'><strong>4444444444</strong></span> <span class='ocrx_word' id='word_1_309' title='bbox 1305 4206 1317 4254; x_wconf 91' lang='grc'><strong>4</strong></span> <span class='ocrx_word' id='word_1_310' title='bbox 1329 4230 1356 4241; x_wconf 92' lang='lat'><em>-</em></span> <span class='ocrx_word' id='word_1_311' title='bbox 1375 4217 1424 4265; x_wconf 83' lang='lat' dir='ltr'><strong>quo</strong></span> <span class='ocrx_word' id='word_1_312' title='bbox 1436 4205 1490 4254; x_wconf 88' lang='lat' dir='ltr'><strong>t-</strong></span> <span class='ocrx_word' id='word_1_313' title='bbox 1506 4204 1531 4255; x_wconf 84' lang='grc'><strong>9.</strong></span> <span class='ocrx_word' id='word_1_314' title='bbox 1543 4206 1652 4267; x_wconf 79' lang='lat' dir='ltr'><strong>nefande</strong></span> <span class='ocrx_word' id='word_1_315' title='bbox 1664 4217 1680 4256; x_wconf 80' lang='lat' dir='ltr'><strong>a</strong></span> 
     </span>
     <span class='ocr_line' id='line_1_35' title="bbox 359 4278 1678 4349; baseline -0.005 -14"><span class='ocrx_word' id='word_1_316' title='bbox 359 4284 414 4336; x_wconf 83' lang='lat' dir='ltr'><strong>ht:</strong></span> <span class='ocrx_word' id='word_1_317' title='bbox 431 4283 584 4349; x_wconf 71' lang='lat' dir='ltr'><strong>mserieiO</strong></span> <span class='ocrx_word' id='word_1_318' title='bbox 604 4310 631 4321; x_wconf 95' lang='lat'>-</span> <span class='ocrx_word' id='word_1_319' title='bbox 655 4283 694 4334; x_wconf 98' lang='grc'><strong>40.</strong></span> <span class='ocrx_word' id='word_1_320' title='bbox 712 4296 738 4332; x_wconf 83' lang='lat' dir='ltr'><strong>es</strong></span> <span class='ocrx_word' id='word_1_321' title='bbox 754 4283 803 4332; x_wconf 89' lang='lat' dir='ltr'><strong>ai:</strong></span> <span class='ocrx_word' id='word_1_322' title='bbox 826 4283 883 4341; x_wconf 85' lang='grc'><strong>44;</strong></span> <span class='ocrx_word' id='word_1_323' title='bbox 907 4292 961 4331; x_wconf 90' lang='lat' dir='ltr'><strong>om.</strong></span> <span class='ocrx_word' id='word_1_324' title='bbox 979 4278 998 4329; x_wconf 91' lang='lat' dir='ltr'>b</span> <span class='ocrx_word' id='word_1_325' title='bbox 1017 4305 1044 4315; x_wconf 97' lang='lat'><em>-</em></span> <span class='ocrx_word' id='word_1_326' title='bbox 1069 4281 1109 4330; x_wconf 90' lang='grc'><strong>44.</strong></span> <span class='ocrx_word' id='word_1_327' title='bbox 1126 4281 1233 4329; x_wconf 81' lang='lat' dir='ltr'><strong>mortius</strong></span> <span class='ocrx_word' id='word_1_328' title='bbox 1249 4280 1260 4329; x_wconf 90' lang='grc'><strong>4</strong></span> <span class='ocrx_word' id='word_1_329' title='bbox 1278 4305 1305 4315; x_wconf 91' lang='grc'>-</span> <span class='ocrx_word' id='word_1_330' title='bbox 1332 4278 1372 4330; x_wconf 86' lang='grc'><strong>43.</strong></span> <span class='ocrx_word' id='word_1_331' title='bbox 1390 4279 1530 4329; x_wconf 74' lang='grc'><strong>4444444444</strong></span> <span class='ocrx_word' id='word_1_332' title='bbox 1555 4293 1608 4330; x_wconf 93' lang='lat' dir='ltr'><strong>om.</strong></span> <span class='ocrx_word' id='word_1_333' title='bbox 1626 4282 1678 4342; x_wconf 87' lang='lat' dir='ltr'><strong>at;</strong></span> 
     </span>
     <span class='ocr_line' id='line_1_36' title="bbox 358 4353 1679 4419; baseline -0.005 -8"><span class='ocrx_word' id='word_1_334' title='bbox 358 4360 449 4411; x_wconf 82' lang='grc'><strong>4444444</strong></span> <span class='ocrx_word' id='word_1_335' title='bbox 465 4360 502 4412; x_wconf 91' lang='grc'><strong>40</strong></span> <span class='ocrx_word' id='word_1_336' title='bbox 520 4361 581 4410; x_wconf 88' lang='lat' dir='ltr'><strong>ante</strong></span> <span class='ocrx_word' id='word_1_337' title='bbox 598 4358 737 4409; x_wconf 77' lang='grc'><strong>4444444444</strong></span> <span class='ocrx_word' id='word_1_338' title='bbox 752 4356 853 4409; x_wconf 87' lang='lat' dir='ltr'><strong>habent</strong></span> <span class='ocrx_word' id='word_1_339' title='bbox 868 4382 901 4393; x_wconf 89' lang='lat'><em>-</em></span> <span class='ocrx_word' id='word_1_340' title='bbox 922 4369 951 4406; x_wconf 88' lang='lat' dir='ltr'><strong>eo</strong></span> <span class='ocrx_word' id='word_1_341' title='bbox 968 4356 1034 4419; x_wconf 77' lang='lat' dir='ltr'><strong>qaod</strong></span> <span class='ocrx_word' id='word_1_342' title='bbox 1049 4368 1070 4405; x_wconf 85' lang='grc'><strong>4.</strong></span> <span class='ocrx_word' id='word_1_343' title='bbox 1089 4355 1165 4407; x_wconf 79' lang='lat' dir='ltr'><strong>occid.</strong></span> <span class='ocrx_word' id='word_1_344' title='bbox 1184 4367 1238 4405; x_wconf 93' lang='lat' dir='ltr'><strong>om.</strong></span> <span class='ocrx_word' id='word_1_345' title='bbox 1256 4356 1267 4403; x_wconf 90' lang='grc'><strong>4</strong></span> <span class='ocrx_word' id='word_1_346' title='bbox 1283 4378 1312 4391; x_wconf 95' lang='grc'><strong>-</strong></span> <span class='ocrx_word' id='word_1_347' title='bbox 1335 4353 1550 4406; x_wconf 67' lang='lat' dir='ltr'><strong>illacrimans</strong></span> <span class='ocrx_word' id='word_1_348' title='bbox 1569 4380 1596 4391; x_wconf 89' lang='lat'><strong>·-</strong></span> <span class='ocrx_word' id='word_1_349' title='bbox 1618 4368 1679 4418; x_wconf 80' lang='lat' dir='ltr'><strong>pop.</strong></span> 
     </span>
     <span class='ocr_line' id='line_1_37' title="bbox 359 4428 1679 4500; baseline -0.003 -15"><span class='ocrx_word' id='word_1_350' title='bbox 359 4435 400 4500; x_wconf 75' lang='lat' dir='ltr'><strong>a]</strong></span> <span class='ocrx_word' id='word_1_351' title='bbox 413 4449 441 4498; x_wconf 81' lang='lat' dir='ltr'><strong>p.</strong></span> <span class='ocrx_word' id='word_1_352' title='bbox 454 4449 478 4485; x_wconf 87' lang='lat' dir='ltr'><strong>r.</strong></span> <span class='ocrx_word' id='word_1_353' title='bbox 496 4436 520 4493; x_wconf 85' lang='lat' dir='ltr'><strong>i;</strong></span> <span class='ocrx_word' id='word_1_354' title='bbox 540 4448 572 4485; x_wconf 86' lang='lat' dir='ltr'><strong>.r.</strong></span> <span class='ocrx_word' id='word_1_355' title='bbox 587 4448 615 4497; x_wconf 82' lang='lat' dir='ltr'><strong>p.</strong></span> <span class='ocrx_word' id='word_1_356' title='bbox 633 4431 739 4483; x_wconf 88' lang='lat' dir='ltr'><strong>abt-</strong></span> <span class='ocrx_word' id='word_1_357' title='bbox 758 4435 798 4484; x_wconf 83' lang='lat' dir='ltr'><strong>to.</strong></span> <span class='ocrx_word' id='word_1_358' title='bbox 816 4446 881 4484; x_wconf 82' lang='lat' dir='ltr'><strong>coes.</strong></span> <span class='ocrx_word' id='word_1_359' title='bbox 895 4431 999 4495; x_wconf 70' lang='grc'><strong>4444444</strong></span> <span class='ocrx_word' id='word_1_360' title='bbox 1012 4431 1113 4494; x_wconf 81' lang='lat' dir='ltr'><strong>parenti</strong></span> <span class='ocrx_word' id='word_1_361' title='bbox 1127 4429 1316 4493; x_wconf 68' lang='grc' dir='ltr'><strong>4444444444ηά4</strong></span> <span class='ocrx_word' id='word_1_362' title='bbox 1334 4428 1393 4490; x_wconf 87' lang='lat' dir='ltr'><strong>(hoo</strong></span> <span class='ocrx_word' id='word_1_363' title='bbox 1409 4443 1458 4494; x_wconf 91' lang='lat' dir='ltr'><strong>pro</strong></span> <span class='ocrx_word' id='word_1_364' title='bbox 1474 4429 1679 4495; x_wconf 70' lang='lat' dir='ltr'><strong>inpensiscerdriil</strong></span> 
     </span>
     <span class='ocr_line' id='line_1_38' title="bbox 360 4504 1743 4567; baseline -0.007 -6"><span class='ocrx_word' id='word_1_365' title='bbox 360 4504 1679 4567; x_wconf 51' lang='lat' dir='ltr'><strong>t·tououmttamebtzuoteoeltemsadtcarumio-cuiclarescens-dueatur:</strong></span> <span class='ocrx_word' id='word_1_366' title='bbox 1738 4548 1743 4551; x_wconf 90' lang='lat'>.</span> 
     </span>
    </p>
   </div>
   <div class='ocr_carea' id='block_1_3' title="bbox 361 568 1912 4416">
    <p class='ocr_par' dir='ltr' id='par_1_9' title="bbox 361 146 1914 2941">
     <span class='ocr_line' id='line_1_39' title="bbox 361 568 1272 642; baseline 0.007 -7"><span class='ocrx_word' id='word_1_367' title='bbox 361 568 444 637; x_wconf 82' lang='grc'><strong>4388</strong></span> <span class='ocrx_word' id='word_1_368' title='bbox 772 574 923 641; x_wconf 73' lang='lat' dir='ltr'><strong>orario</strong></span> <span class='ocrx_word' id='word_1_369' title='bbox 943 572 1167 642; x_wconf 72' lang='lat' dir='ltr'><strong>emmeles</strong></span> <span class='ocrx_word' id='word_1_370' title='bbox 1187 577 1272 642; x_wconf 85' lang='lat' dir='ltr'><strong>lllll.</strong></span> 
     </span>
     <span class='ocr_line' id='line_1_40' title="bbox 362 742 1695 835; baseline 0.006 -28"><span class='ocrx_word' id='word_1_371' title='bbox 362 762 426 827; x_wconf 89' lang='lat' dir='ltr'><strong>que</strong></span> <span class='ocrx_word' id='word_1_372' title='bbox 452 742 590 808; x_wconf 82' lang='lat' dir='ltr'><strong>Hirtium</strong></span> <span class='ocrx_word' id='word_1_373' title='bbox 614 745 777 835; x_wconf 68' lang='lat' dir='ltr'><strong>consulem</strong></span> <span class='ocrx_word' id='word_1_374' title='bbox 803 764 864 809; x_wconf 89' lang='lat' dir='ltr'><strong>nec</strong></span> <span class='ocrx_word' id='word_1_375' title='bbox 889 751 1113 835; x_wconf 79' lang='lat' dir='ltr'><strong>propraetore</strong></span> <span class='ocrx_word' id='word_1_376' title='bbox 1135 744 1309 811; x_wconf 86' lang='lat' dir='ltr'><strong>Caesarem.</strong></span> <span class='ocrx_word' id='word_1_377' title='bbox 1354 747 1436 813; x_wconf 88' lang='lat' dir='ltr'><strong>Satis</strong></span> <span class='ocrx_word' id='word_1_378' title='bbox 1465 748 1525 814; x_wconf 87' lang='lat' dir='ltr'><strong>hoc</strong></span> <span class='ocrx_word' id='word_1_379' title='bbox 1546 751 1695 835; x_wconf 84' lang='lat' dir='ltr'><strong>quidem</strong></span> 
     </span>
     <span class='ocr_line' id='line_1_41' title="bbox 361 836 1693 923; baseline 0.006 -24"><span class='ocrx_word' id='word_1_380' title='bbox 361 836 454 902; x_wconf 86' lang='lat' dir='ltr'><strong>scite:</strong></span> <span class='ocrx_word' id='word_1_381' title='bbox 483 837 641 922; x_wconf 87' lang='lat' dir='ltr'><strong>deponere</strong></span> <span class='ocrx_word' id='word_1_382' title='bbox 668 838 806 903; x_wconf 88' lang='lat' dir='ltr'><strong>alienum</strong></span> <span class='ocrx_word' id='word_1_383' title='bbox 833 858 948 903; x_wconf 91' lang='lat' dir='ltr'><strong>nomen</strong></span> <span class='ocrx_word' id='word_1_384' title='bbox 975 838 1045 922; x_wconf 92' lang='lat' dir='ltr'><strong>ipse</strong></span> <span class='ocrx_word' id='word_1_385' title='bbox 1074 839 1184 903; x_wconf 89' lang='lat' dir='ltr'><strong>maluit</strong></span> <span class='ocrx_word' id='word_1_386' title='bbox 1211 859 1307 923; x_wconf 89' lang='lat' dir='ltr'><strong>quam</strong></span> <span class='ocrx_word' id='word_1_387' title='bbox 1335 841 1398 905; x_wconf 90' lang='lat' dir='ltr'><strong>illis</strong></span> <span class='ocrx_word' id='word_1_388' title='bbox 1420 862 1510 907; x_wconf 90' lang='lat' dir='ltr'><strong>suum</strong></span> <span class='ocrx_word' id='word_1_389' title='bbox 1531 844 1693 909; x_wconf 83' lang='lat' dir='ltr'><strong>reddere.</strong></span> 
     </span>
    </p>

    <p class='ocr_par' dir='ltr' id='par_1_10' title="bbox 1906 4309 1912 4416">
     <span class='ocr_line' id='line_1_42' title="bbox 1906 4309 1912 4416; baseline 0 0"><span class='ocrx_word' id='word_1_390' title='bbox 1906 4309 1912 4416; x_wconf 82' lang='lat' dir='ltr'><strong>l</strong></span> 
     </span>
    </p>
   </div>
   <div class='ocr_carea' id='block_1_4' title="bbox 358 4580 1773 4797">
    <p class='ocr_par' dir='ltr' id='par_1_11' title="bbox 358 4580 1773 4797">
     <span class='ocr_line' id='line_1_43' title="bbox 359 4580 1773 4645; baseline -0.003 -9"><span class='ocrx_word' id='word_1_391' title='bbox 359 4582 493 4643; x_wconf 58' lang='lat' dir='ltr'><strong>dilectum</strong></span> <span class='ocrx_word' id='word_1_392' title='bbox 512 4584 640 4643; x_wconf 76' lang='grc'><strong>444444444;</strong></span> <span class='ocrx_word' id='word_1_393' title='bbox 659 4582 806 4634; x_wconf 78' lang='grc'><strong>4444444440</strong></span> <span class='ocrx_word' id='word_1_394' title='bbox 822 4608 848 4617; x_wconf 94' lang='grc'>-</span> <span class='ocrx_word' id='word_1_395' title='bbox 869 4580 1235 4645; x_wconf 71' lang='grc'><strong>44444444444444444-</strong></span> <span class='ocrx_word' id='word_1_396' title='bbox 1254 4580 1391 4631; x_wconf 58' lang='lat' dir='ltr'><strong>luentem</strong></span> <span class='ocrx_word' id='word_1_397' title='bbox 1408 4583 1525 4631; x_wconf 73' lang='grc'><strong>44444-</strong></span> <span class='ocrx_word' id='word_1_398' title='bbox 1544 4582 1585 4633; x_wconf 81' lang='grc'><strong>40.</strong></span> <span class='ocrx_word' id='word_1_399' title='bbox 1603 4595 1682 4632; x_wconf 76' lang='lat' dir='ltr'><strong>carun</strong></span> <span class='ocrx_word' id='word_1_400' title='bbox 1768 4586 1773 4596; x_wconf 87' lang='lat'>&#39;</span> 
     </span>
     <span class='ocr_line' id='line_1_44' title="bbox 358 4656 1678 4721; baseline -0.001 -11"><span class='ocrx_word' id='word_1_401' title='bbox 358 4662 419 4710; x_wconf 89' lang='grc'><strong>4-</strong></span> <span class='ocrx_word' id='word_1_402' title='bbox 446 4659 487 4710; x_wconf 73' lang='lat' dir='ltr'><strong>ll.</strong></span> <span class='ocrx_word' id='word_1_403' title='bbox 510 4656 712 4709; x_wconf 71' lang='grc'><strong>4444444444)1</strong></span> <span class='ocrx_word' id='word_1_404' title='bbox 737 4684 764 4695; x_wconf 94' lang='lat'><em>-</em></span> <span class='ocrx_word' id='word_1_405' title='bbox 789 4656 971 4718; x_wconf 74' lang='grc'><strong>4444444444·</strong></span> <span class='ocrx_word' id='word_1_406' title='bbox 991 4657 1000 4706; x_wconf 89' lang='grc'><strong>4</strong></span> <span class='ocrx_word' id='word_1_407' title='bbox 1023 4681 1051 4693; x_wconf 89' lang='grc'><strong>-</strong></span> <span class='ocrx_word' id='word_1_408' title='bbox 1079 4656 1119 4707; x_wconf 74' lang='grc'><strong>44.</strong></span> <span class='ocrx_word' id='word_1_409' title='bbox 1141 4659 1185 4705; x_wconf 83' lang='lat' dir='ltr'><strong>out</strong></span> <span class='ocrx_word' id='word_1_410' title='bbox 1208 4656 1218 4704; x_wconf 96' lang='grc'><strong>4</strong></span> <span class='ocrx_word' id='word_1_411' title='bbox 1241 4680 1268 4691; x_wconf 94' lang='grc'><strong>-</strong></span> <span class='ocrx_word' id='word_1_412' title='bbox 1295 4656 1419 4718; x_wconf 80' lang='lat' dir='ltr'><strong>apellata</strong></span> <span class='ocrx_word' id='word_1_413' title='bbox 1440 4682 1467 4692; x_wconf 97' lang='lat'><em>-</em></span> <span class='ocrx_word' id='word_1_414' title='bbox 1492 4656 1534 4708; x_wconf 75' lang='lat'><strong>23.</strong></span> <span class='ocrx_word' id='word_1_415' title='bbox 1555 4670 1627 4721; x_wconf 81' lang='lat' dir='ltr'><strong>eques</strong></span> <span class='ocrx_word' id='word_1_416' title='bbox 1646 4672 1678 4709; x_wconf 85' lang='lat' dir='ltr'><strong>.r.</strong></span> 
     </span>
     <span class='ocr_line' id='line_1_45' title="bbox 359 4728 1681 4797; baseline -0.001 -13"><span class='ocrx_word' id='word_1_417' title='bbox 359 4734 391 4785; x_wconf 90' lang='lat' dir='ltr'><strong>b:</strong></span> <span class='ocrx_word' id='word_1_418' title='bbox 413 4748 447 4797; x_wconf 86' lang='lat' dir='ltr'><strong>.q.</strong></span> <span class='ocrx_word' id='word_1_419' title='bbox 464 4747 488 4783; x_wconf 86' lang='lat' dir='ltr'><strong>r.</strong></span> <span class='ocrx_word' id='word_1_420' title='bbox 507 4735 531 4793; x_wconf 86' lang='lat' dir='ltr'><strong>t;</strong></span> <span class='ocrx_word' id='word_1_421' title='bbox 555 4733 658 4794; x_wconf 74' lang='grc'><strong>44444444</strong></span> <span class='ocrx_word' id='word_1_422' title='bbox 678 4733 711 4782; x_wconf 89' lang='lat' dir='ltr'><strong>ai</strong></span> <span class='ocrx_word' id='word_1_423' title='bbox 739 4758 765 4769; x_wconf 93' lang='lat'>—</span> <span class='ocrx_word' id='word_1_424' title='bbox 793 4731 833 4783; x_wconf 74' lang='grc'><strong>44.</strong></span> <span class='ocrx_word' id='word_1_425' title='bbox 851 4732 998 4795; x_wconf 81' lang='lat' dir='ltr'><strong>cuiusquam</strong></span> <span class='ocrx_word' id='word_1_426' title='bbox 1018 4730 1060 4781; x_wconf 87' lang='lat' dir='ltr'><strong>ed.</strong></span> <span class='ocrx_word' id='word_1_427' title='bbox 1079 4730 1144 4781; x_wconf 90' lang='lat' dir='ltr'><strong>Ven.</strong></span> <span class='ocrx_word' id='word_1_428' title='bbox 1164 4728 1241 4780; x_wconf 80' lang='lat' dir='ltr'><strong>llil:</strong></span> <span class='ocrx_word' id='word_1_429' title='bbox 1268 4731 1386 4793; x_wconf 74' lang='lat' dir='ltr'><strong>oulmque</strong></span> <span class='ocrx_word' id='word_1_430' title='bbox 1402 4730 1480 4781; x_wconf 85' lang='lat' dir='ltr'><strong>sbti</strong></span> <span class='ocrx_word' id='word_1_431' title='bbox 1498 4758 1525 4769; x_wconf 90' lang='lat'><em>-</em></span> <span class='ocrx_word' id='word_1_432' title='bbox 1552 4734 1681 4784; x_wconf 67' lang='lat' dir='ltr'><strong>exrema</strong></span> 
     </span>
    </p>
   </div>
   <div class='ocr_carea' id='block_1_5' title="bbox 348 4810 1681 5348">
    <p class='ocr_par' dir='ltr' id='par_1_12' title="bbox 348 4810 1681 5348">
     <span class='ocr_line' id='line_1_46' title="bbox 359 4810 1681 4890; baseline -0.004 -9"><span class='ocrx_word' id='word_1_433' title='bbox 359 4829 507 4881; x_wconf 85' lang='lat' dir='ltr'><strong>Ferrarius:</strong></span> <span class='ocrx_word' id='word_1_434' title='bbox 532 4840 565 4877; x_wconf 80' lang='lat' dir='ltr'><strong>ac</strong></span> <span class='ocrx_word' id='word_1_435' title='bbox 579 4827 654 4877; x_wconf 79' lang='lat' dir='ltr'><strong>codic</strong></span> <span class='ocrx_word' id='word_1_436' title='bbox 670 4840 700 4888; x_wconf 89' lang='lat' dir='ltr'><strong>a;</strong></span> <span class='ocrx_word' id='word_1_437' title='bbox 723 4840 757 4877; x_wconf 81' lang='lat' dir='ltr'><strong>ec</strong></span> <span class='ocrx_word' id='word_1_438' title='bbox 772 4840 803 4877; x_wconf 85' lang='lat' dir='ltr'><strong>ea</strong></span> <span class='ocrx_word' id='word_1_439' title='bbox 819 4827 859 4877; x_wconf 77' lang='lat' dir='ltr'><strong>die</strong></span> <span class='ocrx_word' id='word_1_440' title='bbox 874 4825 926 4882; x_wconf 72' lang='lat' dir='ltr'><strong>bt:</strong></span> <span class='ocrx_word' id='word_1_441' title='bbox 950 4840 983 4875; x_wconf 82' lang='grc'><strong>44</strong></span> <span class='ocrx_word' id='word_1_442' title='bbox 999 4826 1085 4876; x_wconf 75' lang='lat' dir='ltr'><strong>codun</strong></span> <span class='ocrx_word' id='word_1_443' title='bbox 1100 4824 1108 4874; x_wconf 88' lang='grc'><strong>4</strong></span> <span class='ocrx_word' id='word_1_444' title='bbox 1127 4850 1156 4861; x_wconf 93' lang='lat'>-</span> <span class='ocrx_word' id='word_1_445' title='bbox 1174 4825 1216 4874; x_wconf 77' lang='grc'><strong>45.</strong></span> <span class='ocrx_word' id='word_1_446' title='bbox 1234 4829 1269 4875; x_wconf 83' lang='lat' dir='ltr'><strong>est</strong></span> <span class='ocrx_word' id='word_1_447' title='bbox 1283 4838 1344 4875; x_wconf 84' lang='lat' dir='ltr'><strong>uero</strong></span> <span class='ocrx_word' id='word_1_448' title='bbox 1361 4825 1417 4883; x_wconf 85' lang='lat' dir='ltr'><strong>ab;</strong></span> <span class='ocrx_word' id='word_1_449' title='bbox 1435 4838 1496 4876; x_wconf 86' lang='lat' dir='ltr'><strong>uero</strong></span> <span class='ocrx_word' id='word_1_450' title='bbox 1511 4810 1604 4878; x_wconf 61' lang='lat' dir='ltr'><strong>Zet-</strong></span> <span class='ocrx_word' id='word_1_451' title='bbox 1623 4828 1681 4890; x_wconf 71' lang='grc'><strong>444-</strong></span> 
     </span>
     <span class='ocr_line' id='line_1_47' title="bbox 348 4898 1681 4966; baseline -0.003 -10"><span class='ocrx_word' id='word_1_452' title='bbox 348 4905 419 4956; x_wconf 80' lang='grc'><strong>4444</strong></span> <span class='ocrx_word' id='word_1_453' title='bbox 432 4932 459 4942; x_wconf 91' lang='grc'>-</span> <span class='ocrx_word' id='word_1_454' title='bbox 472 4907 590 4954; x_wconf 62' lang='lat' dir='ltr'><strong>emaum</strong></span> <span class='ocrx_word' id='word_1_455' title='bbox 606 4902 649 4953; x_wconf 92' lang='lat' dir='ltr'><strong>ed.</strong></span> <span class='ocrx_word' id='word_1_456' title='bbox 663 4903 761 4966; x_wconf 73' lang='lat' dir='ltr'><strong>(tryph.</strong></span> <span class='ocrx_word' id='word_1_457' title='bbox 780 4902 856 4953; x_wconf 76' lang='grc'><strong>444504</strong></span> <span class='ocrx_word' id='word_1_458' title='bbox 875 4906 992 4952; x_wconf 75' lang='lat' dir='ltr'><strong>metam</strong></span> <span class='ocrx_word' id='word_1_459' title='bbox 1008 4914 1058 4951; x_wconf 85' lang='grc'><strong>4444</strong></span> <span class='ocrx_word' id='word_1_460' title='bbox 1074 4898 1152 4951; x_wconf 91' lang='lat' dir='ltr'><strong>codd.</strong></span> <span class='ocrx_word' id='word_1_461' title='bbox 1171 4900 1320 4951; x_wconf 86' lang='lat' dir='ltr'><strong>Cohaerent</strong></span> <span class='ocrx_word' id='word_1_462' title='bbox 1336 4901 1373 4951; x_wconf 88' lang='lat' dir='ltr'><strong>sio</strong></span> <span class='ocrx_word' id='word_1_463' title='bbox 1390 4899 1485 4951; x_wconf 85' lang='lat' dir='ltr'><strong>verba:</strong></span> <span class='ocrx_word' id='word_1_464' title='bbox 1510 4906 1546 4963; x_wconf 87' lang='lat' dir='ltr'><strong>te,</strong></span> <span class='ocrx_word' id='word_1_465' title='bbox 1564 4908 1681 4952; x_wconf 82' lang='grc'><strong>44444444</strong></span> 
     </span>
     <span class='ocr_line' id='line_1_48' title="bbox 360 4975 1681 5045; baseline -0.003 -15"><span class='ocrx_word' id='word_1_466' title='bbox 360 4980 480 5045; x_wconf 66' lang='lat' dir='ltr'><strong>impetis</strong></span> <span class='ocrx_word' id='word_1_467' title='bbox 495 4978 622 5039; x_wconf 81' lang='grc'><strong>04444444,</strong></span> <span class='ocrx_word' id='word_1_468' title='bbox 639 4978 666 5027; x_wconf 75' lang='lat' dir='ltr'><strong>id</strong></span> <span class='ocrx_word' id='word_1_469' title='bbox 681 4990 755 5041; x_wconf 71' lang='lat' dir='ltr'><strong>apere</strong></span> <span class='ocrx_word' id='word_1_470' title='bbox 770 4982 799 5027; x_wconf 87' lang='grc'><strong>44</strong></span> <span class='ocrx_word' id='word_1_471' title='bbox 815 4979 866 5028; x_wconf 87' lang='lat' dir='ltr'><strong>cet.</strong></span> <span class='ocrx_word' id='word_1_472' title='bbox 885 4991 912 5042; x_wconf 93' lang='lat' dir='ltr'><strong>p.</strong></span> <span class='ocrx_word' id='word_1_473' title='bbox 931 4976 1003 5037; x_wconf 84' lang='grc'><strong>4389,</strong></span> <span class='ocrx_word' id='word_1_474' title='bbox 1023 4976 1047 5027; x_wconf 87' lang='lat'><strong>8.</strong></span> <span class='ocrx_word' id='word_1_475' title='bbox 1068 5002 1095 5013; x_wconf 92' lang='lat'><em>-</em></span> <span class='ocrx_word' id='word_1_476' title='bbox 1119 4975 1160 5025; x_wconf 77' lang='lat'><strong>27.</strong></span> <span class='ocrx_word' id='word_1_477' title='bbox 1178 4976 1219 5024; x_wconf 82' lang='lat' dir='ltr'><strong>sed</strong></span> <span class='ocrx_word' id='word_1_478' title='bbox 1235 4987 1288 5026; x_wconf 94' lang='lat' dir='ltr'><strong>om.</strong></span> <span class='ocrx_word' id='word_1_479' title='bbox 1307 4980 1317 5026; x_wconf 91' lang='grc'><strong>4</strong></span> <span class='ocrx_word' id='word_1_480' title='bbox 1336 5003 1363 5013; x_wconf 90' lang='grc'><strong>-</strong></span> <span class='ocrx_word' id='word_1_481' title='bbox 1381 4979 1443 5041; x_wconf 88' lang='lat' dir='ltr'><strong>post</strong></span> <span class='ocrx_word' id='word_1_482' title='bbox 1458 4977 1503 5027; x_wconf 82' lang='grc'><strong>4444</strong></span> <span class='ocrx_word' id='word_1_483' title='bbox 1519 4978 1545 5028; x_wconf 87' lang='lat' dir='ltr'><strong>ln</strong></span> <span class='ocrx_word' id='word_1_484' title='bbox 1561 4976 1579 5027; x_wconf 88' lang='lat' dir='ltr'>b</span> <span class='ocrx_word' id='word_1_485' title='bbox 1597 4977 1681 5027; x_wconf 81' lang='grc'><strong>444444</strong></span> 
     </span>
     <span class='ocr_line' id='line_1_49' title="bbox 360 5053 1681 5120; baseline -0.004 -14"><span class='ocrx_word' id='word_1_486' title='bbox 360 5069 420 5120; x_wconf 89' lang='lat' dir='ltr'><strong>sup.</strong></span> <span class='ocrx_word' id='word_1_487' title='bbox 436 5054 481 5106; x_wconf 89' lang='lat' dir='ltr'><strong>lin.</strong></span> <span class='ocrx_word' id='word_1_488' title='bbox 499 5067 536 5104; x_wconf 91' lang='lat' dir='ltr'><strong>m.</strong></span> <span class='ocrx_word' id='word_1_489' title='bbox 554 5054 580 5103; x_wconf 77' lang='grc'><strong>4,</strong></span> <span class='ocrx_word' id='word_1_490' title='bbox 597 5078 632 5091; x_wconf 91' lang='grc'><strong>-</strong></span> <span class='ocrx_word' id='word_1_491' title='bbox 655 5057 678 5102; x_wconf 87' lang='lat' dir='ltr'><strong>et</strong></span> <span class='ocrx_word' id='word_1_492' title='bbox 693 5054 720 5115; x_wconf 68' lang='lat' dir='ltr'><strong>{n</strong></span> <span class='ocrx_word' id='word_1_493' title='bbox 736 5053 859 5103; x_wconf 70' lang='lat' dir='ltr'><strong>ledesma</strong></span> <span class='ocrx_word' id='word_1_494' title='bbox 874 5053 883 5102; x_wconf 91' lang='grc'><strong>4</strong></span> <span class='ocrx_word' id='word_1_495' title='bbox 903 5080 929 5091; x_wconf 97' lang='grc'>-</span> <span class='ocrx_word' id='word_1_496' title='bbox 947 5054 989 5104; x_wconf 76' lang='grc'><strong>48.</strong></span> <span class='ocrx_word' id='word_1_497' title='bbox 1009 5056 1125 5103; x_wconf 83' lang='lat' dir='ltr'><strong>ornatum</strong></span> <span class='ocrx_word' id='word_1_498' title='bbox 1136 5056 1251 5113; x_wconf 79' lang='lat' dir='ltr'><strong>--petn</strong></span> <span class='ocrx_word' id='word_1_499' title='bbox 1266 5064 1319 5103; x_wconf 92' lang='lat' dir='ltr'><strong>om.</strong></span> <span class='ocrx_word' id='word_1_500' title='bbox 1339 5055 1350 5102; x_wconf 89' lang='grc'><strong>4</strong></span> <span class='ocrx_word' id='word_1_501' title='bbox 1367 5078 1393 5089; x_wconf 88' lang='grc'>-</span> <span class='ocrx_word' id='word_1_502' title='bbox 1413 5053 1455 5103; x_wconf 86' lang='grc'><strong>30.</strong></span> <span class='ocrx_word' id='word_1_503' title='bbox 1471 5064 1681 5115; x_wconf 70' lang='grc'><strong>44444--44444</strong></span> 
     </span>
     <span class='ocr_line' id='line_1_50' title="bbox 361 5126 1678 5195; baseline -0.003 -14"><span class='ocrx_word' id='word_1_504' title='bbox 361 5144 390 5181; x_wconf 89' lang='lat' dir='ltr'><strong>a:</strong></span> <span class='ocrx_word' id='word_1_505' title='bbox 408 5132 499 5195; x_wconf 81' lang='lat' dir='ltr'><strong>leoque</strong></span> <span class='ocrx_word' id='word_1_506' title='bbox 510 5141 633 5191; x_wconf 84' lang='lat' dir='ltr'><strong>--ecquo</strong></span> <span class='ocrx_word' id='word_1_507' title='bbox 649 5128 673 5186; x_wconf 82' lang='grc'><strong>4;</strong></span> <span class='ocrx_word' id='word_1_508' title='bbox 691 5127 830 5190; x_wconf 75' lang='grc'><strong>444444--</strong></span> <span class='ocrx_word' id='word_1_509' title='bbox 841 5128 932 5190; x_wconf 75' lang='lat' dir='ltr'><strong>hecquo</strong></span> <span class='ocrx_word' id='word_1_510' title='bbox 948 5126 980 5184; x_wconf 85' lang='lat' dir='ltr'><strong>b;</strong></span> <span class='ocrx_word' id='word_1_511' title='bbox 1006 5131 1078 5189; x_wconf 81' lang='lat' dir='ltr'><strong>etque</strong></span> <span class='ocrx_word' id='word_1_512' title='bbox 1089 5150 1124 5162; x_wconf 92' lang='lat'><strong>--</strong></span> <span class='ocrx_word' id='word_1_513' title='bbox 1136 5130 1208 5188; x_wconf 83' lang='lat' dir='ltr'><strong>etque</strong></span> <span class='ocrx_word' id='word_1_514' title='bbox 1224 5127 1233 5175; x_wconf 90' lang='grc'><strong>4</strong></span> <span class='ocrx_word' id='word_1_515' title='bbox 1252 5152 1278 5163; x_wconf 93' lang='grc'><strong>-</strong></span> <span class='ocrx_word' id='word_1_516' title='bbox 1297 5128 1423 5192; x_wconf 61' lang='lat' dir='ltr'><strong>inpensam</strong></span> <span class='ocrx_word' id='word_1_517' title='bbox 1440 5128 1507 5178; x_wconf 88' lang='lat' dir='ltr'><strong>coni.</strong></span> <span class='ocrx_word' id='word_1_518' title='bbox 1526 5128 1632 5180; x_wconf 88' lang='lat' dir='ltr'><strong>Urslnus</strong></span> <span class='ocrx_word' id='word_1_519' title='bbox 1649 5152 1678 5163; x_wconf 92' lang='lat'><strong>·-</strong></span> 
     </span>
     <span class='ocr_line' id='line_1_51' title="bbox 360 5202 1681 5267; baseline -0.004 -7"><span class='ocrx_word' id='word_1_520' title='bbox 360 5210 389 5260; x_wconf 83' lang='lat' dir='ltr'><strong>lo</strong></span> <span class='ocrx_word' id='word_1_521' title='bbox 404 5208 489 5257; x_wconf 71' lang='grc'><strong>444444</strong></span> <span class='ocrx_word' id='word_1_522' title='bbox 504 5207 548 5256; x_wconf 83' lang='lat' dir='ltr'><strong>ti:</strong></span> <span class='ocrx_word' id='word_1_523' title='bbox 566 5204 669 5256; x_wconf 77' lang='grc'><strong>44444444</strong></span> <span class='ocrx_word' id='word_1_524' title='bbox 684 5202 726 5253; x_wconf 88' lang='lat' dir='ltr'><strong>ab</strong></span> <span class='ocrx_word' id='word_1_525' title='bbox 741 5228 767 5241; x_wconf 92' lang='lat'>-</span> <span class='ocrx_word' id='word_1_526' title='bbox 787 5202 827 5253; x_wconf 86' lang='grc'><strong>34.</strong></span> <span class='ocrx_word' id='word_1_527' title='bbox 845 5204 1033 5266; x_wconf 69' lang='lat' dir='ltr'><strong>resumpsere</strong></span> <span class='ocrx_word' id='word_1_528' title='bbox 1047 5207 1102 5267; x_wconf 74' lang='lat' dir='ltr'><strong>atq·</strong></span> <span class='ocrx_word' id='word_1_529' title='bbox 1118 5215 1169 5253; x_wconf 84' lang='lat' dir='ltr'><strong>nen</strong></span> <span class='ocrx_word' id='word_1_530' title='bbox 1184 5202 1257 5256; x_wconf 87' lang='lat' dir='ltr'><strong>modo</strong></span> <span class='ocrx_word' id='word_1_531' title='bbox 1272 5202 1358 5256; x_wconf 77' lang='grc'><strong>444444</strong></span> <span class='ocrx_word' id='word_1_532' title='bbox 1375 5203 1470 5255; x_wconf 87' lang='lat' dir='ltr'><strong>mediis</strong></span> <span class='ocrx_word' id='word_1_533' title='bbox 1486 5216 1539 5255; x_wconf 92' lang='lat' dir='ltr'><strong>cm.</strong></span> <span class='ocrx_word' id='word_1_534' title='bbox 1556 5203 1607 5255; x_wconf 78' lang='lat' dir='ltr'><strong>t-</strong></span> <span class='ocrx_word' id='word_1_535' title='bbox 1620 5216 1681 5255; x_wconf 85' lang='lat' dir='ltr'><strong>con·</strong></span> 
     </span>
     <span class='ocr_line' id='line_1_52' title="bbox 360 5278 1002 5348; baseline -0.008 -13"><span class='ocrx_word' id='word_1_536' title='bbox 360 5284 500 5348; x_wconf 73' lang='grc' dir='ltr'><strong>44444ρεὶ444</strong></span> <span class='ocrx_word' id='word_1_537' title='bbox 516 5284 550 5347; x_wconf 82' lang='lat' dir='ltr'><strong>(es</strong></span> <span class='ocrx_word' id='word_1_538' title='bbox 566 5283 592 5333; x_wconf 88' lang='lat' dir='ltr'><strong>in</strong></span> <span class='ocrx_word' id='word_1_539' title='bbox 609 5279 673 5346; x_wconf 79' lang='lat' dir='ltr'><strong>ras.)</strong></span> <span class='ocrx_word' id='word_1_540' title='bbox 689 5294 746 5331; x_wconf 84' lang='grc'><strong>4444</strong></span> <span class='ocrx_word' id='word_1_541' title='bbox 761 5284 790 5330; x_wconf 88' lang='lat' dir='ltr'><strong>ut</strong></span> <span class='ocrx_word' id='word_1_542' title='bbox 803 5278 915 5343; x_wconf 71' lang='grc'><strong>[4444444</strong></span> <span class='ocrx_word' id='word_1_543' title='bbox 930 5281 958 5330; x_wconf 75' lang='lat' dir='ltr'><strong>tn</strong></span> <span class='ocrx_word' id='word_1_544' title='bbox 973 5278 1002 5330; x_wconf 83' lang='grc'><strong>44.</strong></span> 
     </span>
    </p>
   </div>
   <div class='ocr_carea' id='block_1_6' title="bbox 0 0 2010 6149">
    <p class='ocr_par' dir='ltr' id='par_1_13' title="bbox 0 0 2010 6149">
     <span class='ocr_line' id='line_1_53' title="bbox 0 0 2010 6149; baseline 0 0"><span class='ocrx_word' id='word_1_545' title='bbox 0 0 2010 6149; x_wconf 95' lang='lat' dir='ltr'><strong> </strong></span> 
     </span>
    </p>
   </div>
  </div>
 </body>
</html>
