4009 6159
398 583 483 650 tito
706 587 856 654 ORATIO
878 587 957 654 PRO
980 587 1014 652 C.
1036 584 1199 653 RABIRIO
1220 587 1412 653 rosifluo

398 758 434 820 in
456 777 528 820 eum
549 757 621 822 lites
642 758 835 822 aestimares.
857 791 899 806 -
919 759 960 822 At
981 778 1064 823 nunc
1086 759 1191 823 audio.
1205 793 1246 805 -
1268 759 1351 822 Reus
1372 758 1469 843 igitur
1489 757 1656 822 Postumus
1672 766 1723 823 est

399 872 438 916 ea
459 852 545 935 lege,
568 872 632 936 qua
652 872 718 915 non
740 852 835 916 modo
856 855 942 938 ipse,
963 854 1019 916 sed
1042 859 1127 917 totus
1150 853 1244 917 etiam
1266 852 1344 916 ordo
1367 851 1488 915 solutus
1510 872 1547 916 ac
1567 852 1648 918 liber
1662 861 1722 918 est.

398 947 450 1010 vi.
473 941 523 1009 l3.
545 946 604 1009 llic
625 966 684 1029 ego
705 967 791 1010 nunc
811 966 876 1009 non
897 968 954 1010 vos
980 948 1069 1031 prius
1090 947 1284 1030 implorabo,
1316 946 1441 1030 equites
1461 947 1611 1024 Romani,
1641 969 1722 1033 quo-

396 1059 466 1103 rum
493 1039 544 1103 ius
572 1039 694 1103 iudicio
715 1046 871 1115 tentatur,
902 1061 996 1124 quam
1018 1061 1074 1104 vos
1097 1049 1275 1116 senatores,
1305 1059 1441 1125 quorum
1463 1041 1565 1124 agitur
1585 1040 1664 1106 tides
1686 1041 1720 1104 in

373 1134 481 1197 ihunc
509 1134 670 1198 ordinem:
700 1155 782 1218 quae
811 1134 939 1217 quidem
968 1155 1040 1198 cum
1068 1154 1162 1217 saepe
1189 1143 1279 1208 ante,
1307 1141 1374 1198 tum
1403 1133 1436 1196 in
1457 1133 1517 1197 hac
1537 1134 1607 1219 ipsa
1627 1154 1721 1199 causa

395 1247 498 1311 nuper
519 1234 568 1291 est
581 1229 716 1312 cognita.
738 1231 818 1292 Nam
833 1247 920 1302 cnm,
943 1228 1063 1311 optimo
1080 1235 1111 1290 et
1125 1228 1394 1312 praestantissimo
1411 1227 1541 1312 consule
1558 1227 1614 1293 Cn.
1628 1231 1721 1292 Pom·

394 1323 469 1404 peio
492 1321 532 1385 de
553 1322 613 1385 liae
634 1323 704 1406 ipsa
726 1323 913 1413 quaestione
933 1321 1107 1397 referente,
1129 1323 1319 1386 exsisterent
1340 1341 1404 1385 non
1426 1322 1548 1398 nullae,
1571 1322 1627 1386 sed
1649 1343 1721 1406 per-

394 1435 514 1499 paucae
535 1422 640 1479 tamen
655 1417 786 1480 acerbae
801 1416 993 1491 sententiae,
1017 1435 1099 1500 quae
1115 1424 1282 1480 censerent
1295 1423 1331 1480 ut
1350 1416 1486 1492 tribuni,
1509 1422 1545 1479 ut
1558 1415 1721 1499 praefecti,

215 1533 278 1611 c?
346 1544 362 1607 s
395 1514 433 1571 ut
453 1509 591 1584 scribae,
612 1516 647 1572 ut
662 1511 791 1573 comites
807 1529 918 1572 omnes
934 1509 1171 1591 magistratuum
1187 1509 1257 1593 lege
1272 1510 1331 1573 hac
1346 1516 1544 1600 tenerentur,
1557 1509 1633 1592 (vos,
1654 1531 1721 1580 uos,

261 1951 281 2054 l

346 1602 541 1687 utinquam,
563 1603 625 1687 ipsi
647 1610 680 1667 et
700 1612 829 1668 senatus
842 1604 995 1687 frequens
1010 1593 1149 1692 restitit}
1167 1610 1199 1666 et
1212 1623 1403 1687 quamquam
1418 1596 1484 1667 tum
1499 1611 1627 1687 propter
1641 1603 1722 1666 mul-

395 1703 500 1759 torum
528 1696 643 1761 delicta
670 1699 766 1760 etiam
796 1697 836 1760 ad
864 1698 1080 1761 innocentium
1101 1695 1278 1780 periculum
1299 1704 1423 1780 tempus
1445 1697 1525 1760 illud
1547 1705 1721 1773 exarserat,

396 1796 516 1865 nmen,
544 1810 617 1853 cum
644 1790 754 1854 odium
782 1799 927 1854 nostrum
955 1791 1212 1874 restingueretis,
1242 1790 1318 1854 lruic
1346 1791 1450 1854 ordini
1477 1792 1582 1874 ignem
1604 1813 1721 1856 novum

395 1883 506 1947 subiici
528 1904 594 1947 non
616 1885 745 1949 sivistis.
789 1881 839 1947 ti.
861 1886 931 1949 Hoc
951 1885 1057 1949 animo
1078 1885 1175 1968 igitur
1197 1891 1334 1948 senatus.
1375 1884 1482 1961 Quid?
1503 1905 1576 1962 ros,
1599 1885 1721 1970 equites

394 1977 546 2054 Romani,
569 1978 646 2063 quid
667 1981 794 2043 tandem
816 1981 892 2043 estis
913 1980 1037 2043 acturi?
1059 1979 1187 2042 Glaucia
1205 1977 1344 2054 solebat,
1364 1978 1460 2064 homo
1482 1979 1640 2064 impurus,
1663 1979 1721 2044 sed

342 2080 500 2136 'solamen
522 2079 650 2148 acutus,
672 2074 825 2156 populum
847 2094 976 2138 monere
999 2080 1050 2148 ut,
1073 2093 1144 2136 cum
1167 2073 1219 2136 lex
1240 2073 1349 2157 aliqua
1361 2073 1562 2150 recitaretur,
1584 2075 1721 2166 primum

396 2187 521 2232 versum
543 2167 738 2231 attenderet:
760 2169 788 2232 si
809 2176 894 2232 esset
914 2187 1069 2232 nrcrnron
1091 2186 1206 2231 cossus
1227 2186 1373 2231 rnrnron
1393 2183 1553 2231 urarsrnn
1567 2187 1721 2243 namura,

395 2281 436 2325 no
459 2260 633 2337 laboraret;
655 2261 750 2325 sciret
764 2262 841 2326 nihil
857 2262 897 2325 ad
912 2283 946 2326 se
960 2264 1137 2345 pertinere:
1160 2261 1208 2325 sin
1230 2267 1314 2325 esset
1334 2279 1516 2335 ovrcruorr
1537 2281 1615 2325 rosr
1636 2279 1719 2325 narn

395 2374 515 2429 annau,
536 2352 661 2418 rideret
679 2373 796 2438 nequa
814 2374 899 2419 nora
912 2357 1101 2439 quaestione
1115 2354 1304 2438 alligaretur.
1338 2351 1388 2418 ld.
1402 2357 1493 2420 Nunc
1507 2375 1573 2431 ros,
1596 2357 1720 2440 equites

395 2449 545 2524 liomani,
576 2447 692 2513 videte.
730 2449 823 2512 Scitis
852 2470 903 2513 me
926 2457 1029 2513 ortum
1053 2449 1202 2524 euobis,
1231 2449 1336 2513 omnia
1357 2468 1481 2533 semper
1503 2451 1639 2514 sensisse
1660 2468 1719 2534 pro

360 2544 501 2607 aorobis:
530 2541 613 2605 nihil
639 2543 753 2606 horum
784 2543 853 2606 sine
882 2563 994 2626 magna
1023 2563 1099 2607 cura
1127 2549 1158 2606 et
1184 2562 1306 2607 summa
1327 2545 1456 2607 caritate
1478 2545 1575 2607 uestri
1598 2543 1719 2607 ordinis

395 2639 520 2722 loquor.
551 2637 640 2701 Alius
661 2637 741 2700 alios
762 2637 907 2702 homines
929 2643 963 2701 et
983 2636 1126 2712 ordines,
1148 2657 1208 2720 ego
1224 2657 1280 2700 uos
1298 2657 1422 2721 semper
1437 2636 1622 2722 complexus
1638 2657 1719 2701 sum.

394 2733 510 2797 Moneo
533 2737 565 2794 et
585 2730 747 2815 praedico,
768 2731 892 2815 integra
913 2751 947 2794 re
969 2751 1127 2814 causaque
1147 2731 1317 2806 denuntio,
1340 2752 1449 2795 omnes
1465 2732 1610 2795 homines
1626 2730 1718 2794 deos·

396 2847 458 2911 que
479 2832 593 2896 testor:
615 2824 690 2890 dum
712 2826 863 2909 potestis,
886 2826 960 2890 dum
982 2825 1072 2899 licet,
1103 2825 1268 2908 providete
1289 2846 1330 2889 ne
1352 2825 1509 2890 duriorem
1531 2826 1620 2892 rolris
1643 2845 1719 2889 con·

396 2921 550 2985 ditionem
571 2919 716 2984 statuatis
738 2919 905 3003 ordinique
928 2926 1051 2994 vestro,
1074 2938 1168 3002 quam
1189 2918 1272 2983 ieme
1294 2920 1405 3004 possit.
1441 2920 1554 3004 Serpet
1575 2919 1636 2984 hoc
1653 2941 1719 2985 ma·

358 3016 478 3091 tolum,
499 3014 577 3080 mihi
598 3015 733 3088 credite,
755 3014 880 3096 longius
896 3034 990 3096 quam
1012 3013 1141 3096 putatis.
1183 3013 1250 3076 Vll.
1267 3008 1317 3076 lo.
1338 3014 1559 3077 Potentissimo
1576 3021 1608 3078 et
1628 3015 1719 3080 nohi-

394 3111 516 3174 lissimo
538 3108 742 3199 tribunopl,
764 3111 805 3172 ll.
819 3109 939 3182 Druso,
961 3127 1075 3170 novam
1092 3107 1125 3168 in
1141 3114 1320 3190 equestrem
1336 3107 1479 3172 ordinem
1496 3106 1716 3191 quaestionem

394 3204 508 3268 ferenti
536 3223 564 3266 si
592 3222 664 3276 ovis
694 3222 734 3265 on
759 3222 826 3266 nnn
854 3221 1049 3264 runrcsanau
1077 3218 1239 3264 rneruiau
1265 3220 1425 3276 nnrrssar,
1459 3208 1565 3284 aperte
1593 3202 1718 3286 equites

394 3299 527 3362 Romani
549 3297 743 3362 restiterunt.
780 3295 888 3372 Quini
915 3296 977 3358 hoc
998 3294 1094 3358 licere
1121 3294 1291 3358 volebant?
1319 3296 1465 3370 minime;
1487 3313 1593 3379 neque
1615 3295 1718 3359 solum

393 3392 455 3456 hoc
484 3413 583 3476 genus
613 3390 768 3475 pecuniae
795 3391 965 3474 capiendae
986 3398 1097 3471 turpe,
1125 3389 1180 3451 sed
1203 3389 1296 3451 etiaim
1318 3389 1473 3453 nefarium
1496 3409 1566 3452 esse
1587 3389 1719 3453 arbitra-

319 3494 323 3498 ’
357 3486 518 3549 solantur.
552 3486 598 3549 Ac
619 3491 724 3547 tamen
746 3484 791 3546 ita
812 3484 1014 3568 disputabant
1029 3503 1082 3546 eos
1097 3482 1198 3545 teneri
1211 3483 1335 3565 legibus
1350 3484 1390 3546 iis
1404 3489 1566 3566 oportere,
1589 3483 1645 3567 qui
1659 3503 1718 3546 suo

393 3579 512 3643 iudicio
541 3584 648 3643 essent
672 3577 758 3642 illam
781 3577 996 3640 conditionem
1019 3576 1101 3639 vitae
1123 3577 1232 3639 secuti.
1270 3557 1329 3650 (Te
1350 3576 1484 3668 delectat
1505 3576 1718 3661 amplissimus

394 3670 530 3735 civitatis
552 3669 684 3754 medus,
714 3669 792 3734 sella
820 3670 951 3745 cumlis,
977 3669 1095 3744 fasces,
1124 3671 1273 3752 imperia,
1302 3659 1499 3755 provinciae,
1530 3669 1717 3744 sacerdotia,
1811 3695 1814 3701 ¹
1914 3707 1915 3710 =

278 3810 292 3832 ·.
393 3765 559 3851 triumphi,
592 3764 729 3849 denique
762 3765 867 3847 imago
896 3754 1032 3856 ipsa)ad
1068 3763 1260 3847 posteritatis
1290 3765 1476 3828 memoriam
1502 3759 1719 3852 proditath

266 3822 291 3886 ἦ
393 3859 487 3924 simul
510 3861 603 3923 etiam
625 3858 803 3923 sollicitudo
824 3858 934 3943 aliqua
955 3866 986 3921 et
1007 3857 1113 3940 legum
1136 3865 1168 3920 et
1187 3857 1374 3922 iudiciomm
1394 3861 1492 3923 maior
1508 3857 1636 3943 quidam
1651 3878 1717 3921 me·

394 3944 476 4053 tus.)
494 3949 545 4017 ti.
566 3955 632 4017 Nos
658 3955 719 4017 ista
743 3972 915 4037 numquam
933 3952 1184 4035 contempsimus
1205 3985 1247 4000 -
1268 3951 1313 4017 ita
1335 3951 1419 4016 enim
1442 3952 1645 4036 disputabant
1664 3985 1716 4029 -,

391 4234 550 4299 Madvigius:
569 4233 635 4297 quod
649 4232 677 4282 to
693 4232 724 4283 G.
741 4231 819 4282 tudere
833 4243 896 4282 esses
911 4233 980 4294 (esset
992 4231 1020 4292 G)
1037 4231 1100 4282 cidit
1114 4231 1215 4296 peticio
1231 4231 1290 4282 doto
1307 4231 1354 4293 (sic
1369 4232 1444 4283 EGS
1461 4233 1489 4283 et
1505 4233 1611 4294 dorm
1629 4233 1716 4286 worn

393 4310 452 4373 UVl
469 4323 526 4360 cum
541 4308 569 4359 is
584 4321 641 4359 caso
655 4307 710 4357 lites
725 4307 869 4357 aestimaret
885 4306 991 4358 codices
1008 4309 1106 4366 nostri3
1125 4321 1200 4370 quom
1215 4309 1242 4359 in
1257 4321 1283 4372 p.
1300 4307 1378 4359 iudam
1394 4321 1455 4358 seres
1472 4322 1547 4371 quarn
1563 4309 1586 4361 ei
1601 4309 1655 4360 litos
1670 4321 1716 4360 no-

391 4386 555 4436 stimorssstur
569 4384 632 4433 silit
645 4381 743 4433 reditio
758 4383 846 4431 dotano
861 4394 918 4431 mon
935 4385 986 4434 cet.
1006 4381 1086 4440 Ciot.;
1110 4395 1184 4446 quom
1199 4384 1228 4433 io
1244 4383 1274 4433 G.
1292 4385 1310 4433 i.
1329 4395 1403 4446 snos,
1424 4384 1486 4434 citit
1503 4385 1533 4434 de
1549 4383 1651 4451 lindiam
1666 4397 1716 4434 ou·

392 4461 483 4522 ditm,
505 4460 568 4510 cidit
587 4471 662 4522 quom
682 4458 779 4509 sititor
798 4458 991 4507 oestaoomtur
1010 4459 1128 4508 Muretus
1148 4457 1165 4508 l.
1186 4457 1294 4520 c.,=ubi
1312 4459 1456 4510 verborum
1472 4459 1715 4523 transpositionem,

393 4547 474 4599 quam
490 4535 516 4585 in
533 4533 593 4585 cod.
612 4532 676 4584 Ciol.
695 4533 846 4593 invenerat,
864 4531 983 4596 prolerre
1002 4529 1123 4594 neglexit.
1145 4557 1170 4568 -
1197 4532 1220 4581 t.
1238 4535 1273 4582 ert
1289 4544 1342 4582 om.
1362 4533 1382 4583 Ε
1401 4559 1428 4568 -
1450 4533 1474 4583 3.
1485 4533 1598 4596 ‘implebo
1613 4534 1648 4593 E3
1666 4535 1717 4584 im·

389 4612 463 4674 ploro
479 4609 540 4661 cod.
559 4611 650 4660 Frano.
670 4635 698 4646 -
721 4607 747 4659 l.
764 4608 856 4657 iudicio
873 4609 919 4658 loe
935 4608 1061 4658 Patricius
1081 4633 1108 4644 -
1132 4612 1245 4657 motor
1261 4607 1280 4658 U
1301 4633 1327 4644 -·
1352 4607 1377 4658 8.
1392 4620 1492 4670 poscae
1508 4609 1553 4659 ed.
1572 4608 1665 4660 lamb.
1685 4634 1713 4646 -

392 4699 456 4749 quoe
472 4685 516 4748 qui
530 4688 655 4735 cesama
670 4683 722 4732 EV
740 4706 767 4718 -
790 4683 815 4732 9.
832 4683 1011 4745 mugientum
1028 4682 1047 4731 E
1067 4709 1094 4720 -·
1120 4683 1160 4734 tt.
1178 4687 1291 4732 coruom
1308 4682 1424 4746 iladvig:
1442 4697 1493 4733 ooo
1509 4683 1589 4734 codd.
1607 4685 1635 4735 et
1652 4682 1714 4734 edd.

394 4786 423 4797 -
442 4759 482 4810 ta.
499 4758 577 4809 mdtci
592 4759 622 4818 S;
640 4757 694 4808 scot
710 4757 771 4807 E·
791 4757 830 4806 t'l.
848 4757 921 4806 sciret
937 4770 967 4805 v:
985 4757 1122 4819 scirrCG,
1141 4758 1232 4808 tour.
1247 4783 1275 4794 -
1293 4758 1332 4807 sia
1348 4763 1408 4809 eost
1425 4759 1493 4809 CG:
1510 4758 1550 4809 sio
1567 4763 1650 4809 ouum
1666 4758 1715 4808 bo

394 4857 422 4872 -
441 4834 483 4885 2⁴.
500 4834 627 4894 loquorll
646 4861 674 4872 -
691 4830 733 4882 ii.
748 4832 847 4894 possitis
862 4833 977 4882 coniecit
992 4832 1119 4883 Patricius
1138 4859 1166 4869 —
1189 4831 1230 4882 26.
1248 4845 1340 4882 nouom
1356 4833 1472 4897 iladvig:
1495 4847 1575 4884 soom
1592 4832 1670 4884 codd.
1688 4834 1717 4884 et

393 4908 456 4961 edd.
475 4934 504 4945 -
521 4909 563 4958 27.
579 4908 672 4971 [warte
687 4907 710 4955 V
725 4919 766 4970 pr.
784 4919 820 4957 m.
841 4931 869 4942 -
889 4907 1050 4958 induendum
1066 4907 1206 4958 Patricius:
1229 4907 1368 4957 iudicatam
1385 4907 1465 4958 codd.
1484 4911 1512 4959 et
1527 4909 1557 4959 0.
1581 4907 1620 4959 Ct.
1637 4907 1715 4959 verr.

391 4985 492 5046 sct.1‚
511 4983 542 5048 55
559 4984 600 5035 38.
619 4982 659 5033 39.
677 4980 723 5031 lib.
741 4979 778 5046 lif,
802 4981 875 5045 578.
893 4983 954 5033 l'no.
972 4985 1039 5032 Anu.
1059 4982 1105 5042 Ν,
1124 4981 1164 5030 34.
1189 4978 1293 5041 Quintil.
1311 4981 1343 5043 V,
1362 4982 1402 5044 tt),
1421 4983 1452 5034 87
1470 4986 1522 5035 oet.
1543 5009 1570 5020 -
1588 4982 1629 5034 28.
1646 4982 1717 5033 ocle-

392 5061 456 5112 dotis
471 5060 506 5123 E,
524 5058 540 5110 l
557 5060 620 5110 oxu.
640 5083 669 5094 -·
690 5069 770 5119 osque
785 5058 851 5106 onim
865 5058 945 5107 solam
961 5056 1088 5107 Patricius
1107 5080 1135 5093 -
1158 5055 1199 5106 29.
1218 5069 1268 5107 esso
1283 5055 1373 5107 urbia.
1392 5057 1482 5106 Gsv:
1505 5057 1595 5108 crum
1613 5069 1662 5108 esso
1678 5057 1713 5117 E;

392 5150 442 5189 esse
458 5148 512 5187 om.
532 5135 579 5187 UO
599 5160 626 5171 -
648 5132 689 5183 3⁰.
708 5145 739 5182 oc
756 5137 839 5182 tamea
854 5133 974 5193 EGSV‚
997 5132 1012 5182 3
1031 5132 1108 5183 Oxx.:
1134 5137 1242 5184 ottomeo
1261 5134 1309 5186 UO
1328 5158 1356 5170 -
1378 5134 1409 5184 lis
1428 5133 1528 5186 addidit
1544 5133 1670 5184 Patricius
1687 5135 1716 5181 et

393 5224 419 5261 v.
433 5210 460 5260 tt
481 5210 513 5261 Te
529 5236 555 5246 -
576 5207 617 5259 33.
631 5207 749 5270 prodito:
765 5206 799 5256 rit
813 5206 887 5274 dmm
897 5207 1100 5258 Mommsenins:
1116 5207 1226 5271 prodita.
1245 5208 1289 5260 Est
1303 5209 1377 5260 amul
1393 5209 1472 5262 codd.
1485 5210 1543 5262 etO
1556 5235 1583 5247 -
1602 5208 1644 5262 34.
1655 5220 1715 5259 mo·

392 5285 477 5337 tonsa
493 5282 587 5346 codd.;
606 5294 676 5335 corr.
693 5281 858 5333 Hotomanus
876 5308 903 5319 -
922 5283 1046 5345 quosdam
1062 5283 1090 5334 ll.
