4009 6159
437 520 522 590 ⁴280
856 523 1009 592 oalrlo
1031 523 1258 592 PHILIPPICA
1276 526 1331 592 111.

437 695 562 762 barbari
591 695 711 760 amati.
756 693 929 761 Sonabant
958 695 1101 779 auspicia
1126 715 1233 780 reges;
1246 680 1349 784 (quae
1378 693 1431 760 bic
1457 695 1571 760 consul
1599 716 1781 781 augurque

436 773 599 881 neglexit)
614 808 719 873 neque
741 787 845 854 solum
864 788 987 873 legibus
1002 797 1112 854 contra
1125 789 1269 873 auspicia
1281 789 1438 864 ferendis,
1459 789 1517 854 sed
1532 789 1627 853 etiam
1641 790 1781 873 collega

435 906 499 949 una
519 885 639 948 ferento
661 903 716 958 eo,
738 903 834 966 quem
855 883 924 967 ipse
947 883 1105 947 ementitis
1126 884 1274 967 auspiciis
1295 882 1445 948 vitiosum
1458 883 1587 948 lecerat.
1618 879 1671 948 dt).
1689 885 1782 961 Quis

436 985 541 1042 autem
562 997 620 1042 rex
640 995 791 1061 umquam
812 974 872 1040 fuit
891 983 955 1040 mm
978 977 1125 1059 insignite
1147 978 1333 1060 impudens,
1355 983 1390 1041 ut
1410 978 1543 1042 baberet
1556 978 1663 1042 omnia
1680 997 1782 1042 com·

413 1073 547 1148 amada,
568 1070 738 1145 beneficia,
761 1070 830 1134 iura
850 1070 940 1153 regni
962 1070 1111 1135 44444444
1135 1072 1238 1162 Quam
1258 1071 1311 1134 bic
1331 1071 1577 1147 immunitatem,
1600 1092 1701 1156 quam
1732 1075 1782 1137 ci·

266 1145 292 1240 7
436 1168 580 1242 vitatem,
609 1164 696 1249 quod
725 1164 900 1248 praemium
922 1182 987 1228 non
1010 1163 1060 1229 vel
1081 1167 1214 1248 singulis
1236 1165 1419 1229 bominibus
1440 1166 1492 1230 sel
1514 1167 1696 1230 civitatibus
1723 1167 1781 1230 vel
1818 1233 1824 1246 ,

435 1262 592 1324 universis
614 1251 785 1344 provinciis
806 1257 973 1322 vendidit?
996 1257 1081 1320 Nihil
1103 1259 1223 1323 humile
1241 1258 1282 1322 de
1297 1260 1485 1344 Tarquinio,
1506 1258 1585 1324 nibil
1600 1260 1780 1325 sordidum

435 1354 626 1438 accepimus:
652 1359 780 1416 atvero
803 1351 900 1414 buius
922 1350 1009 1416 domi
1031 1352 1115 1416 inter
1135 1352 1272 1436 quasilla
1292 1352 1489 1435 pendebatur
1506 1373 1633 1428 aurum,
1655 1373 1781 1418 nume·

435 1447 562 1512 sabatur
584 1445 735 1530 pecunia3
758 1464 822 1507 una
836 1445 869 1506 in
884 1443 979 1508 domo
994 1466 1122 1520 omnes,
1144 1465 1277 1528 quorum
1293 1446 1459 1521 intererat,
1480 1455 1582 1510 totum
1597 1447 1780 1530 imperium

399 1558 428 1607 44
436 1541 548 1625 populi
575 1539 708 1604 Romani
737 1538 1005 1603 nundinabantur.
1046 1539 1208 1625 Supplicia
1235 1559 1310 1602 vero
1336 1539 1369 1604 in
1391 1543 1475 1604 cives
1498 1540 1657 1605 Romanos
1677 1543 1779 1605 nulla

436 1634 600 1718 Tarquinii
622 1633 818 1714 accepimus:
841 1631 945 1695 albic
967 1640 999 1695 et
1014 1633 1150 1696 Suessae
1172 1634 1327 1716 iugularit
1341 1653 1410 1709 eoa,
1434 1653 1514 1718 quos
1536 1635 1570 1697 in
1589 1635 1779 1698 custodiam

437 1727 585 1803 dederat,
619 1733 651 1790 et
682 1725 842 1789 Brundisii
871 1724 911 1788 ad
941 1733 1100 1790 trecentos
1128 1726 1318 1792 fortissimos
1347 1729 1432 1793 siros
1454 1729 1605 1812 civesque
1626 1729 1777 1811 optimos

436 1821 613 1888 trucidavit.
657 1815 708 1882 ll.
731 1820 892 1883 Postremo
913 1819 1108 1903 Tarquinius
1129 1840 1187 1902 pro
1209 1822 1330 1905 populo
1344 1823 1485 1886 llomano
1502 1821 1620 1886 bellum
1635 1823 1777 1905 gerebat

436 1925 518 1992 tom,
547 1935 618 1980 cum
641 1921 690 1978 est
711 1912 881 1997 expulsus:
910 1914 1067 1978 Antonius
1088 1923 1198 1979 contm
1217 1915 1370 2000 populum
1392 1918 1567 1980 Romanum
1589 1917 1775 1980 exercitum

399 2028 428 2075 44
436 2009 614 2073 adducebat
634 2017 718 2082 tum,
740 2027 812 2070 oum
834 2027 853 2070 a
874 2004 1053 2090 legionibus
1075 2008 1203 2072 relictos
1226 2028 1340 2074 nomen
1362 2010 1505 2073 Caesaris
1527 2012 1774 2094 exercitumque

437 2103 600 2187 pertimuit
627 2101 843 2185 neglectisque
873 2100 1034 2164 sacrificiis
1055 2101 1263 2166 sollemnibus
1284 2111 1358 2165 ante
1380 2103 1481 2166 lucem
1504 2112 1652 2179 setosa,
1682 2124 1773 2187 quae

438 2216 609 2281 numquam
637 2195 789 2268 solveret,
816 2196 1027 2278 nuncupavit,
1058 2204 1090 2259 et
1110 2197 1172 2262 boc
1201 2204 1343 2282 tempore
1372 2199 1405 2261 io
1434 2197 1631 2280 provinciam
1652 2197 1773 2281 populi

437 2291 569 2356 Romani
597 2296 731 2355 conatur
757 2288 917 2353 invadere.
960 2291 1064 2354 Maius
1084 2293 1180 2374 igitur
1200 2310 1220 2354 a
1241 2293 1278 2354 l).
1299 2294 1396 2356 Bruto
1416 2288 1604 2355 beneficium
1627 2291 1771 2374 populus

437 2386 598 2450 Romanus
627 2393 658 2450 et
686 2383 783 2448 babet
810 2389 841 2447 et
872 2392 1049 2466 exspectat,
1079 2405 1174 2469 quam
1196 2387 1331 2449 maiores
1353 2386 1454 2450 nostri
1476 2391 1667 2466 acceperunt
1687 2402 1708 2445 a
1730 2384 1771 2445 1.

264 2483 283 2574 ζ
397 2497 428 2547 ao
438 2481 544 2555 Bruto,
566 2479 710 2562 principe
725 2477 820 2541 huius
837 2478 972 2542 maxime
988 2477 1196 2543 conservandi
1211 2479 1335 2562 generis
1350 2487 1383 2542 et
1396 2478 1540 2543 nominis.
1566 2479 1603 2540 V.
1618 2472 1670 2539 ⁴2.
1686 2478 1771 2541 Cum

438 2579 542 2637 autem
574 2572 674 2636 omnis
696 2571 830 2636 servitus
853 2579 902 2634 est
922 2572 1053 2647 misera,
1083 2579 1149 2636 tum
1171 2591 1245 2635 sero
1267 2571 1475 2637 intolerabilis
1496 2580 1545 2636 est
1566 2571 1685 2634 servire
1706 2573 1771 2635 im-

437 2687 534 2752 puro,
555 2664 731 2750 impudico,
753 2665 950 2740 effeminato,
973 2685 1145 2748 numquam
1167 2686 1208 2728 nc
1230 2665 1264 2728 in
1285 2674 1371 2729 metu
1387 2666 1515 2749 quidem
1532 2666 1649 2730 sobrio.
1671 2667 1771 2730 Hunc

437 2760 533 2844 igitur
562 2761 616 2844 qui
645 2759 748 2822 Gallia
776 2759 940 2842 probibet,
971 2761 1091 2842 privato
1117 2760 1302 2842 praesertim
1325 2760 1475 2834 consilio,
1498 2759 1618 2822 iudicat
1640 2761 1771 2824 seussi-

438 2874 553 2939 meque
581 2854 700 2919 iudicat
723 2873 788 2916 non
811 2873 880 2916 esse
904 2854 1076 2917 consulem.
1115 2852 1307 2916 Faciendum
1328 2861 1379 2916 est
1399 2853 1496 2936 igitur
1516 2853 1628 2928 nobis,
1658 2860 1769 2936 patres

399 2947 624 3032 soconscripti,
644 2955 679 3011 ut
700 2948 737 3011 ll.
759 2949 846 3010 Bruti
867 2947 1024 3030 privatum
1043 2947 1210 3011 consilium
1231 2948 1417 3011 auctoritate
1439 2947 1565 3030 publica
1578 2946 1770 3030 comprobe-

437 3063 518 3108 mus.
551 3044 616 3106 Nec
637 3060 712 3105 sero
736 3043 777 3105 ll.
792 3041 963 3104 Antonium
986 3040 1149 3104 consulem
1171 3050 1245 3123 post
1264 3041 1453 3124 Lupercalia
1467 3040 1621 3106 debuistis
1642 3049 1768 3126 putare.

437 3136 510 3212 Quo
532 3136 615 3201 enim
637 3135 691 3200 ille
713 3135 766 3198 die
787 3135 905 3218 populo
927 3136 1069 3199 Romano
1091 3136 1288 3216 inspectante
1307 3134 1422 3210 nudus,
1444 3143 1574 3211 unctus,
1596 3136 1702 3199 ebrius
1716 3143 1769 3200 est

436 3231 637 3294 contionatus
668 3236 701 3294 et
733 3228 765 3293 id
795 3230 860 3313 egit
889 3235 926 3292 ut
952 3228 1093 3312 collegae
1116 3227 1262 3292 diadema
1281 3228 1475 3312 imponeret,
1507 3249 1546 3293 eo
1568 3228 1620 3292 die
1642 3248 1676 3292 se
1697 3249 1768 3293 non

436 3323 532 3388 modo
559 3323 744 3400 consulatu,
774 3323 830 3386 sed
859 3323 952 3388 etiam
982 3323 1126 3387 libertate
1154 3321 1321 3388 abdicarit.
1363 3324 1457 3388 Esset
1484 3323 1569 3388 euim
1593 3323 1657 3406 ipsi
1678 3330 1766 3388 certo

503 3707 527 3758 4.
546 3705 651 3771 4444444
669 3705 699 3757 44
717 3731 745 3742 -
768 3705 871 3773 4444434
887 3705 909 3758 V
927 3731 955 3745 —
975 3706 1001 3759 9.
1018 3706 1178 3771 4444444441)
1198 3733 1225 3744 -
1244 3718 1273 3758 44
1289 3719 1376 3769 coneo
1392 3707 1427 3767 44;
1449 3707 1671 3773 44444-·4444444
1686 3707 1767 3760 affert

436 3783 584 3835 Priscianus
601 3783 670 3843 4444,
688 3780 720 3842 4,
738 3781 753 3844 5
771 3781 811 3832 49.
826 3809 853 3819 -
873 3783 929 3845 ooo
945 3784 1016 3834 mei:
1035 3784 1078 3846 qut
1094 3784 1114 3834 0
1128 3810 1156 3820 —
1174 3782 1199 3834 4.
1217 3781 1424 3848 coaffluant-
1442 3785 1564 3846 44444444
1578 3783 1665 3846 443-
1683 3785 1767 3835 4444-

434 3870 575 3921 44443-
594 3856 768 3909 6.4444444444
784 3856 911 3907 omb-
929 3856 1143 3909 444444444-
1162 3854 1766 3923 444-444444444144444444444444ηυα·

435 3932 568 3982 4444444444
578 3944 608 3995 3;
626 3933 693 3983 44444
708 3927 809 3993 aava
828 3931 971 3984 lectionem
980 3935 998 3983 4.
1013 3932 1121 3996 44444444
1129 3933 1283 3994 4444444444
1294 3935 1400 3986 firmant
1410 3936 1518 3988 Servius
1529 3936 1565 3987 ad
1575 3936 1652 4000 Verg.
1664 3934 1717 3988 Eol.
1728 3939 1763 4000 44,

435 4009 477 4062 lt·
495 4007 611 4060 Isidorus
623 4009 708 4072 origg.
722 4007 787 4070 xlx,
798 4007 840 4068 99,
853 4008 878 4059 3.
896 4008 1016 4060 Valerius
1027 4007 1129 4060 Probus
1147 4007 1181 4058 de
1199 4022 1270 4060 nom.
1284 4009 1299 4073 g
1311 4009 1342 4060 32
1359 4011 1385 4061 ln
1397 4009 1470 4061 4444.
1489 4024 1601 4075 gramm.
1620 4025 1647 4075 p.
1660 4013 1716 4063 4444.
1731 4038 1760 4051 -

434 4083 621 4148 appendebatur
636 4095 697 4148 g-
711 4081 910 4134 nomoaoonmr
920 4085 943 4133 V
954 4084 1118 4149 (4444444444
1127 4097 1233 4146 oanan,
1251 4099 1302 4135 444
1316 4085 1499 4136 444444αὸ4444
1509 4098 1563 4136 om.
1573 4087 1681 4148 44444444
1690 4087 1762 4139 4444.

436 4160 535 4222 Cobet,
561 4162 591 4210 ut
606 4161 658 4210 iam
677 4157 756 4209 Curio
772 4156 893 4209 voluerat
909 4173 941 4210 er
957 4173 997 4210 or.
1016 4161 1053 4221 44,
1071 4157 1086 4224 5
1104 4159 1145 4220 94,
1167 4158 1217 4210 sed
1233 4161 1336 4210 rotomo
1350 4159 1468 4222 44444444)
1487 4185 1513 4196 -
1538 4159 1563 4210 9.
1582 4161 1662 4210 444444
1677 4163 1713 4225 34
1731 4188 1761 4198 -

434 4237 619 4289 444444444-
644 4233 891 4298 lupambulus
918 4262 945 4273 -
968 4233 1199 4285 owdtoobotwll
1222 4259 1250 4270 -
1272 4234 1435 4296 444444444;
1459 4235 1620 4286 444444-
1647 4238 1764 4287 lctus·-

435 4332 546 4395 qotatt;
568 4327 755 4390 444444444-
773 4327 902 4388 4444444);
920 4324 1056 4379 moisiaco
1075 4341 1137 4392 a·
1157 4329 1311 4392 eoaqaoV¹
1329 4354 1356 4364 -
1375 4328 1416 4380 44.
1434 4327 1546 4379 44444444
1564 4330 1758 4382 44420944-

435 4403 1142 4468 aaom.o—ctooqoov-⁴apro.p.sat-
1167 4403 1432 4468 44444444444444)
1453 4395 1760 4469 -44444444444444441

437 4508 466 4520 -
485 4483 525 4532 tt.
544 4495 562 4531 4
577 4479 712 4545 4434444444
727 4478 839 4529 amoos
855 4479 885 4540 V,
905 4491 973 4542 quae
990 4491 1066 4530 mera
1083 4481 1224 4541 geminatio
1241 4480 1354 4531 videtur.
1375 4505 1401 4516 -
1419 4485 1456 4530 ort
1471 4481 1571 4530 44444444
1587 4493 1603 4544 3
1621 4507 1648 4516 -
1667 4481 1708 4530 to.
1725 4481 1761 4531 o·-

435 4557 499 4608 oaa't
514 4553 559 4616 V¹;
574 4555 704 4618 pertimuit
719 4558 787 4604 4444.
806 4557 830 4604 ct
844 4553 890 4604 boc
906 4559 1016 4618 44444444
1032 4553 1128 4606 mediis
1144 4567 1198 4605 om.
1217 4557 1229 4605 t
1246 4581 1274 4592 -
1291 4555 1451 4617 caelatisque
1465 4555 1488 4604 V
1507 4581 1535 4591 -
1552 4560 1614 4604 asoto
1629 4567 1661 4605 44
1676 4555 1711 4604 V:
1729 4567 1760 4606 44

433 4637 495 4684 uota
511 4630 580 4694 abg
597 4657 625 4668 -
644 4629 685 4680 44.
702 4629 952 4692 4444444444-
972 4629 1013 4680 48.
1030 4629 1117 4694 4444444]
1134 4633 1292 4680 4444444-
1308 4630 1386 4695 444]
1403 4629 1517 4680 444-
1536 4628 1756 4693 4444444444-

432 4708 520 4773 popalt
536 4705 674 4758 4444444444
693 4728 720 4741 -
744 4703 785 4755 49.
803 4709 827 4756 ot
846 4709 940 4770 apcctot
955 4704 978 4754 4
996 4732 1025 4742 -
1050 4711 1199 4768 acceperant
1215 4719 1267 4757 om.
1286 4709 1298 4756 t
1315 4731 1342 4742 -
1362 4707 1402 4771 L.]
1419 4706 1473 4755 444
1493 4731 1520 4741 -
1538 4705 1579 4755 44.
1598 4705 1678 4754 444444
1692 4700 1757 4754 aaa.

434 4788 470 4834 444
486 4783 537 4846 gt:
565 4785 599 4832 444
615 4780 694 4830 omna
708 4792 775 4830 4444.
793 4779 831 4842 44;
855 4782 935 4831 emata
950 4785 985 4832 cat
999 4792 1066 4831 44444.
1084 4780 1127 4831 ab
1145 4808 1173 4818 —
1191 4781 1354 4832 444444444444
1370 4782 1439 4831 VD:
1462 4779 1617 4830 444444444444
1633 4778 1706 4840 edd„
1731 4779 1759 4828 ut

436 4859 477 4910 est
493 4857 520 4908 in
537 4853 596 4906 cod.
609 4855 626 4905 i.
645 4855 678 4904 44
694 4853 786 4917 quidni
804 4858 940 4918 repetatur
955 4857 1081 4906 4444444449
1097 4883 1126 4892 -
1143 4857 1235 4918 teporo
1251 4857 1298 4920 443
1312 4884 1338 4895 -
1357 4857 1397 4908 44.
1416 4855 1533 4919 44444444
1549 4854 1615 4917 4134
1632 4879 1660 4889 -
1677 4851 1759 4902 sobrio

435 4933 563 4983 om.t-
586 4931 817 4992 napaoctoom.
836 4932 914 4982 444·-
936 4933 1165 4984 4444444444444-
1190 4931 1391 4993 4444444444
1410 4930 1756 4994 -44444444444444-

433 5007 544 5070 444444.
562 5019 584 5056 c.
603 5005 628 5055 d.
647 5007 702 5069 (sic)
719 5005 756 5066 V3
772 5019 800 5068 p.
817 5021 840 5056 c.
858 5007 1008 5058 444444)-
1026 5010 1067 5060 2¹5.
1083 5009 1251 5059 444444444-
1270 5007 1343 5057 44444
1360 5006 1418 5057 b-
1434 5005 1643 5070 4444444444-
1661 5003 1759 5054 44444-

435 5083 520 5134 batalia
536 5085 628 5144 344444
643 5081 709 5131 VD:
728 5085 821 5144 portora
837 5081 952 5133 4444444444
967 5083 1005 5134 40
1025 5111 1052 5123 -
1074 5085 1115 5134 44.
1131 5083 1218 5146 pepedi
1238 5083 1339 5134 4444444·
1354 5082 1386 5132 41ι
1405 5109 1432 5119 -
1455 5079 1656 5142 4444444444444
1675 5103 1702 5114 -
1724 5081 1760 5128 cst

434 5163 500 5210 4444.
518 5155 582 5209 Vb:
602 5161 668 5207 4444.
686 5161 721 5206 cst
737 5158 810 5220 434,
828 5161 858 5208 ut
874 5161 915 5209 est
931 5157 996 5208 Phil.
1015 5159 1050 5220 44,
1068 5156 1153 5220 3444.
1167 5183 1194 5192 -
1214 5157 1254 5208 48.
1267 5157 1394 5221 44443444
1410 5156 1454 5215 444,
1471 5155 1580 5220 collegas
1594 5167 1626 5204 44
1640 5145 1673 5202 V’
1688 5164 1758 5202 corr.

436 5243 474 5284 m.
492 5233 516 5284 4.
536 5258 564 5270 -
582 5244 607 5283 sc
622 5233 684 5284 4444
701 5229 988 5284 accumularent.
1007 5257 1035 5269 —
1057 5233 1099 5284 29.
1117 5223 1231 5286 libertati
1247 5233 1304 5284 t-
1322 5235 1388 5284 44444
1403 5232 1465 5296 post
1478 5243 1542 5282 4444.
1559 5227 1644 5280 babet
1658 5228 1677 5278 t.
