4009 6159
1030 975 1073 1035 θ’

990 1093 1007 1124 t
1037 1058 1170 1134 [Urs.

828 1213 870 1304 ll.
897 1213 1041 1304 TULLII
1067 1213 1298 1306 CICERONIS

612 1440 798 1532 Plio
867 1443 996 1534 GN.
1063 1443 1515 1536 PLANCIO

852 1675 1003 1738 ORATIO
1026 1677 1079 1740 Ab
1102 1676 1271 1740 lUDlCES.

961 1890 1163 1940 esscoonovlr

757 2069 819 2130 10.
843 2067 1096 2131 aposolus
1116 2068 1370 2131 teleneus.

833 2502 1015 2562 Nouellum
1035 2501 1279 2561 exenterato,

398 2647 419 2698 V
438 2669 461 2687 ε
480 2645 640 2698 Scholiastae
657 2641 796 2696 Boblenele
812 2657 875 2710 pere
892 2645 1027 2695 Vaticana.
1051 2644 1118 2695 vide
1134 2646 1168 2696 bl.
1181 2641 1255 2694 Tullii
1272 2643 1408 2693 Ciceronis
1425 2640 1629 2694 Scholiastarum
1647 2647 1675 2696 P.
1689 2646 1720 2696 ll,

478 2737 504 2788 p.
522 2723 571 2773 252
588 2733 648 2786 sqq.

396 2807 415 2852 ll
436 2824 460 2842 =
479 2797 639 2850 scholiastae
658 2796 795 2847 Bobiensls
811 2808 875 2860 pers
891 2794 1075 2846 Arnbroslnna.

396 2879 415 2928 T
435 2895 461 2915 ==
479 2873 540 2925 eod.
558 2873 621 2923 ollm
637 2873 856 2935 Tegernseensle‚
876 2883 946 2921 nunc
960 2871 1125 2923 Monacensis
1141 2869 1215 2929 (Cod.
1230 2871 1283 2920 Lat.
1298 2870 1396 2931 estet),
1414 2871 1489 2921 seeo.
1503 2871 1549 2928 xl,
1568 2880 1649 2932 quent
1660 2869 1718 2932 ipse

477 2946 587 3007 coatull,
606 2947 670 2997 darn
688 2959 764 2998 meae
781 2949 847 2997 erat.
871 2946 945 2996 conl.
965 2960 991 3009 p.
1010 2945 1066 2996 753.

397 3026 415 3076 E
434 3052 458 3072 ε
477 3023 536 3075 cod.
555 3023 723 3082 Erlurtensis,
742 3035 812 3073 nunc
826 3020 1013 3081 Berollnensie,
1032 3018 1102 3084 apud
1114 3018 1281 3071 Wunderum
1293 3019 1362 3097 (vioe
1373 3031 1452 3083 supra
1464 3032 1490 3083 p.
1503 3021 1560 3079 blot
1572 3031 1598 3082 p.
1611 3017 1645 3069 st
1654 3031 1716 3082 sqq.

477 3102 504 3151 et
520 3097 679 3150 Freundlum
696 3109 723 3162 p.
741 3097 773 3148 43
790 3109 830 3162 sq.

434 3193 460 3214 ·--
478 3175 521 3226 ed.
540 3171 667 3224 Orelllana
688 3185 712 3224 a.
731 3173 803 3224 ⁴826.

478 3460 502 3522 l.
525 3453 555 3519 l.
577 3455 655 3520 Cum
684 3459 813 3536 propter
840 3453 995 3535 egregiam
1024 3460 1057 3517 et
1077 3453 1269 3535 singularem
1292 3451 1347 3516 Cn.
1370 3453 1503 3526 Planoii,
1524 3454 1659 3531 iudices,
1681 3455 1716 3517 in

393 3577 464 3620 mee
496 3552 597 3616 salute
629 3545 838 3612 custodienda
866 3544 959 3608 fidem
992 3553 1054 3609 tam
1083 3547 1199 3610 multos
1229 3556 1261 3610 et
1282 3548 1384 3611 bonos
1406 3549 1492 3611 viros
1514 3549 1582 3612 eius
1603 3548 1716 3613 honori

393 3649 532 3714 viderem
555 3662 625 3707 esse
645 3640 795 3716 fautores,
815 3640 978 3723 capiebam
992 3643 1098 3704 animo
1112 3661 1178 3704 non
1194 3641 1381 3709 mediocrem
1396 3641 1600 3725 voluptatem,
1616 3643 1714 3726 quod,

393 3741 483 3806 cuius
505 3733 643 3801 officium
666 3733 743 3798 mibi
765 3733 857 3797 saluti
879 3733 1008 3807 fuisset,
1034 3735 1064 3798 ei
1086 3755 1226 3799 meorum
1248 3743 1425 3819 temporum
1448 3738 1629 3801 memoriam
1650 3737 1715 3800 sul·

368 3834 506 3918 strepeti
527 3830 688 3896 ridebam:
711 3849 781 3891 cum
802 3834 908 3892 autem
930 3828 1073 3892 audirem
1096 3848 1185 3891 meos
1205 3829 1319 3912 partim
1340 3829 1504 3904 inimicos,
1531 3830 1643 3913 partim
1667 3832 1714 3893 in-

392 3929 483 3994 vidos
503 3926 578 3990 bule
598 3921 791 3988 accusationi
813 3941 883 3986 esse
903 3920 1043 3986 fautores
1065 3921 1263 4006 eandemque
1284 3943 1351 3988 rem
1371 3923 1581 3987 adversariam
1596 3942 1666 3986 esse
1679 3925 1712 3987 in

392 4022 510 4087 iudicio
530 4019 586 4084 Cn.
601 4016 743 4090 Plancio,
766 4036 848 4100 quae
869 4017 901 4079 in
923 4016 1077 4101 petitione
1094 4016 1207 4080 luisset
1222 4016 1376 4092 adiutrix,
1399 4016 1562 4091 dolebam,
1583 4017 1712 4092 iudices,

392 4127 425 4181 et
446 4114 558 4179 acerbe
579 4110 734 4186 ferebam,
757 4111 784 4174 si
806 4109 902 4173 huius
924 4109 1012 4172 salus
1027 4111 1068 4173 ob
1089 4129 1160 4174 eam
1181 4111 1282 4194 ipram
1304 4130 1432 4174 cauum
1454 4118 1537 4175 esset
1558 4111 1712 4185 infestior,

392 4211 478 4296 quod
500 4209 527 4271 is
550 4224 650 4269 meam
672 4203 805 4267 sulutem
826 4211 923 4287 atque
944 4203 1041 4266 vitam
1062 4223 1120 4266 sna
1141 4203 1363 4267 benevolentia
1380 4204 1540 4288 praesidio
1554 4208 1713 4270 custodia·

262 4335 268 4346 ·
354 4325 454 4390 ioque
482 4301 623 4366 texisset.
666 4294 696 4360 2.
718 4301 808 4363 Nunc
834 4285 1471 4387 autem[vesterffiudicemr‘conspectus
1492 4307 1524 4362 et
1545 4317 1712 4362 consessus

233 4467 237 4478 ,
267 4429 276 4463 r
390 4399 450 4464 iste
476 4393 576 4460 reiicit
597 4401 629 4456 et
656 4399 777 4456 recreat
797 4399 934 4456 mentem
956 4397 1089 4476 meam,)
1104 4411 1175 4454 cum
1196 4391 1325 4454 intueor
1345 4400 1377 4454 et
1398 4392 1596 4477 contemplor
1615 4413 1711 4456 unum

266 4470 272 4514 Γ
390 4508 550 4577 quemque
570 4493 719 4552 vestrum.
733 4479 851 4550 'video
874 4485 958 4549 enim
978 4484 1094 4548 hocin
1115 4504 1248 4548 numero
1267 4485 1443 4561 neminem,
1465 4487 1515 4550 oui
1535 4507 1607 4551 mes
1627 4487 1713 4550 selus

390 4605 456 4648 non
477 4580 683 4656 emoluerit,
703 4579 794 4644 cuius
815 4599 881 4643 non
903 4585 1008 4642 exstet
1028 4579 1061 4642 in
1081 4598 1132 4642 me
1146 4597 1304 4641 summum
1318 4578 1483 4656 meritum,
1505 4581 1557 4642 eui
1572 4600 1637 4645 non
1651 4580 1711 4643 sim

453 4886 590 4937 insensato
606 4882 748 4932 Omrroure.
772 4879 862 4943 incipit
874 4891 923 4942 pro
941 4875 994 4930 ert.
1010 4878 1102 4941 plesco
1118 4877 1153 4938 E;
1174 4879 1344 4943 inscriptione
1361 4882 1435 4931 earet
1450 4882 1479 4932 Τ.

454 4969 568 5032 l.Q'l;
587 4962 691 5030 Qui&
710 4966 822 5027 utraque
839 4962 1213 5026 noteslgnlllcatqaoslaer-
1231 4959 1416 5029 cmlpeail-
1432 4965 1609 5027 plaette-
1628 4965 1711 5016 zeu-

388 5037 1241 5103 rudtudoenE—ss.tcucteresT-l.rnlml'llablque)-
1264 5041 1518 5104 suffroqarel'll-
1538 5041 1710 5103 lamuel

390 5148 417 5158 -
434 5119 590 5186 peticloee'l
609 5145 636 5156 -
659 5113 1089 5168 dobbatn-uelreetlrabentl.
1107 5112 1204 5164 Gellius
1220 5115 1251 5164 N.
1269 5117 1299 5165 Α.
1317 5113 1364 5175 lx,
1383 5116 1429 5177 η,
1446 5116 1464 5164 e
1483 5116 1511 5165 et
1527 5115 1710 5168 contuller-

389 5196 471 5250 cellue
487 5210 514 5263 p.
532 5195 590 5258 let,
607 5193 649 5244 te.
669 5218 696 5229 -
721 5191 746 5242 9.
763 5190 927 5243 mannetis
942 5191 962 5242 'l'
979 5192 1008 5241 et
1022 5187 1128 5240 Gellius.
1149 5215 1177 5228 -·
1199 5189 1239 5240 le.
1257 5203 1309 5240 eos
1323 5202 1389 5240 coro
1404 5189 1467 5242 'l'llz
1489 5203 1554 5240 earo
1574 5191 1661 5242 noso
1681 5215 1706 5229 -

390 5277 458 5326 oete
472 5271 536 5335 TE,
555 5271 583 5323 et
598 5271 638 5324 sle
655 5268 755 5334 abique
772 5265 849 5321 deest
863 5280 876 5318 e
891 5268 952 5334 post
967 5280 988 5318 oe
1003 5267 1098 5329 antep
1114 5267 1142 5316 et
1157 5271 1176 5315 t.
