4009 6159
393 495 456 564 8ll
679 510 830 576 ORATIO
854 513 937 578 CUM
959 513 1131 579 sensnm
1152 509 1326 580 GRATIAS
1345 513 1442 579 EGIT

394 677 585 762 templorum
607 689 697 746 erant
716 702 780 747 non
802 682 903 746 solum
924 683 1091 766 praesidiis
1105 691 1137 748 et
1153 703 1259 758 manu,
1280 703 1388 748 rernm
1404 683 1721 768 etiamudemolitions

396 772 521 835 sublati.
555 775 640 839 Alter
662 777 790 851 consul,
812 787 848 840 ut
869 797 919 841 me
941 787 973 841 et
993 798 1061 841 rem
1081 778 1241 860 publicam
1262 797 1327 840 non
1349 776 1444 840 modo
1466 777 1641 852 desereret,
1664 782 1722 843 sed

397 866 492 930 etiam
512 867 656 933 hostibus
677 871 724 933 rei
745 871 891 952 publicae
910 871 1077 954 proderet,
1100 871 1298 953 pactionibus
1313 890 1348 932 se
1363 891 1491 935 suorum
1509 872 1723 954 praemiorum

396 960 558 1043 obligarat.
593 964 668 1027 Erat
689 963 769 1028 alius
791 963 831 1027 ad
853 973 957 1047 portas
979 985 1050 1028 cum
1072 965 1207 1047 imperio
1229 966 1262 1027 in
1283 964 1400 1028 multos
1421 985 1522 1028 annos
1542 985 1722 1049 magnoque

372 1055 556 1131 lexercitu,
579 1077 674 1142 quem
697 1077 755 1140 ego
779 1058 940 1122 inimicum
963 1058 1040 1122 mibi
1061 1057 1161 1122 luisse
1183 1079 1246 1122 non
1269 1057 1357 1132 dico,
1379 1058 1526 1134 tacuisse,
1548 1080 1620 1123 cum
1639 1061 1723 1122 dioe-

396 1155 483 1210 retur
504 1169 573 1214 esse
594 1153 760 1226 inimicus,
783 1153 859 1216 scio.
902 1148 953 1215 33.
975 1154 1065 1218 Duae
1093 1161 1199 1235 partes
1222 1172 1291 1216 esse
1312 1154 1345 1216 in
1366 1172 1400 1214 re
1422 1152 1548 1235 publica
1570 1173 1641 1216 cum
1663 1175 1723 1236 pu·

396 1247 546 1318 urentur,
568 1245 666 1310 altera
688 1265 738 1308 me
761 1245 932 1328 deposcere
955 1255 1083 1330 propter
1097 1247 1287 1320 inimicitias,
1309 1247 1410 1310 altera
1424 1247 1534 1310 timido
1550 1246 1722 1312 defendere

395 1344 524 1419 propter
545 1339 758 1422 suspicionem
779 1340 885 1403 caedis
907 1341 1086 1421 putabatur.
1115 1341 1177 1416 Qui
1199 1346 1302 1404 autern
1319 1360 1370 1402 me
1386 1340 1555 1423 deposcere
1571 1340 1723 1428 videban-

396 1437 464 1504 tur,
486 1431 547 1496 boo
569 1441 727 1496 auxerunt
749 1434 961 1498 dimicationis
976 1443 1110 1507 metum,
1133 1434 1220 1518 quod
1242 1452 1415 1518 numquam
1432 1432 1598 1498 infitiando
1618 1436 1723 1517 suspi-

356 1524 518 1587 tteionern
549 1526 715 1590 bominum
749 1546 919 1611 curamque
953 1529 1144 1592 minuerunt.
1181 1527 1287 1603 Quare
1315 1548 1386 1590 cum
1415 1527 1555 1592 viderem
1577 1536 1722 1592 senatum

395 1618 527 1684 ducibus
556 1621 717 1697 orbatum,
746 1643 796 1686 me
820 1642 839 1686 a
861 1622 1095 1705 magistratibus
1118 1621 1230 1705 partim
1252 1628 1484 1705 oppugnatum,
1514 1623 1627 1705 partim
1648 1642 1723 1705 pro·

394 1710 508 1787 dium,
531 1714 644 1796 partim
668 1715 862 1791 derelictum,
886 1737 993 1782 servos
1009 1716 1212 1780 simulatione
1228 1714 1434 1797 collegiorum
1450 1717 1636 1781 nominatim
1651 1737 1722 1780 esse

394 1809 605 1891 conscriptos,
627 1811 735 1892 copias
756 1829 865 1873 omnes
889 1810 1043 1876 Catilinae
1065 1829 1166 1893 paene
1187 1810 1287 1872 isdem
1303 1809 1436 1873 ducibus
1458 1809 1498 1872 ad
1513 1830 1603 1893 spem
1617 1812 1723 1876 caedis

395 1907 426 1963 et
446 1901 665 1966 incendiorum
688 1921 757 1970 csse
779 1911 948 1979 revocatas,
961 1887 1097 1988 (equites
1111 1905 1267 1967 Romanos
1281 1904 1530 1985 proscriptionis,
1553 1906 1722 1989 municipia

259 2034 265 2047 .
357 1994 564 2070 revestitatis,
595 2015 706 2060 omnes
727 1998 833 2061 caedis
856 2007 942 2062 metu
963 2019 1036 2062 esse
1056 1987 1244 2108 permotosz)
1264 1996 1371 2080 potui,
1394 1997 1500 2079 potui,
1522 2007 1627 2081 patres
1649 2019 1722 2063 oon-

394 2089 516 2170 scripti,
539 2090 647 2154 multis
668 2091 850 2155 auctoribus
873 2090 1052 2156 fortissimis
1069 2089 1144 2154 viris
1167 2111 1217 2153 me
1232 2090 1261 2152 vi
1277 2089 1437 2174 armisque
1452 2089 1640 2169 detendere3
1662 2113 1723 2157 nec

394 2179 471 2245 mibi
493 2182 557 2266 ipsi
578 2184 633 2246 ille
655 2184 780 2248 animus
803 2185 886 2250 idem
909 2206 997 2250 meus
1013 2186 1104 2250 robis
1126 2205 1191 2248 non
1213 2183 1393 2266 incognitus
1408 2183 1518 2248 delerit.
1551 2188 1613 2250 Sed
1634 2187 1723 2250 ride·

393 2276 476 2352 bam,
497 2279 524 2341 si
546 2278 692 2343 vicissem
714 2287 913 2361 praesentem
934 2279 1161 2352 adversarium,
1183 2279 1317 2343 nimium
1333 2279 1449 2342 multos
1464 2279 1543 2343 mibi
1557 2281 1637 2344 alios
1653 2301 1723 2345 esse

394 2371 585 2448 vincendos3
608 2373 635 2435 si
659 2373 758 2436 victus
782 2393 901 2447 essem,
924 2374 1033 2438 multis
1054 2373 1147 2436 bonis
1169 2380 1200 2436 et
1220 2393 1279 2455 pro
1293 2393 1344 2437 me
1359 2380 1392 2435 et
1404 2393 1527 2435 mecum
1543 2373 1639 2436 etiam
1653 2383 1724 2456 post

356 2476 385 2524 2⁰
396 2487 446 2531 me
467 2486 537 2532 esse
560 2467 767 2549 pereundum,
789 2467 1014 2551 tribuniciique
1029 2468 1192 2549 sanguinis
1206 2468 1327 2530 ultores
1342 2486 1412 2530 esse
1428 2473 1620 2550 praesentes,
1634 2488 1724 2532 meae

395 2561 503 2626 mortis
526 2580 646 2644 poenas
667 2562 785 2626 iudicio
801 2570 834 2624 et
854 2563 1034 2644 posteritati
1056 2563 1219 2624 reservari.
1263 2561 1346 2624 XlV.
1362 2556 1414 2622 al.
1430 2561 1540 2635 Nolui,
1562 2581 1633 2623 cum
1649 2581 1724 2624 con·

394 2655 445 2719 sul
473 2674 671 2720 communem
700 2656 833 2720 salutem
865 2657 933 2720 sine
961 2656 1046 2720 terro
1075 2654 1304 2729 defendissem,
1334 2673 1436 2718 meam
1463 2655 1606 2736 privatus
1627 2653 1723 2716 armis

395 2747 582 2824 defendere,
604 2749 772 2833 bonosque
794 2750 878 2814 viros
901 2750 1011 2832 lugere
1033 2748 1129 2812 malui
1151 2766 1238 2812 meas
1259 2749 1402 2813 fortunas
1419 2768 1513 2831 quam
1528 2747 1595 2810 suis
1610 2746 1723 2830 despe-

394 2863 481 2908 rare:
510 2863 567 2919 ae,
598 2843 625 2907 si
652 2844 740 2908 solus
770 2864 872 2908 essem
900 2843 1101 2918 interfectus,
1129 2842 1208 2907 mibi
1235 2850 1340 2928 turpe,
1371 2844 1397 2906 si
1429 2862 1500 2906 eum
1521 2840 1646 2915 multis,
1676 2841 1723 2904 rei

356 2950 386 3000 at
394 2937 541 3024 publicae
562 2937 723 3002 lamestum
742 2937 812 3002 lore
827 2937 1003 3003 videbatur.
1035 2937 1130 3014 Quod
1146 2937 1173 3000 si
1186 2936 1264 2999 mibi
1279 2943 1440 3001 aeternam
1455 2955 1526 2999 esse
1541 2953 1723 2998 aerumnam

395 3034 591 3117 propositam
620 3032 805 3108 arbitrarer,
835 3040 937 3096 morte
963 3053 1015 3095 me
1042 3032 1112 3116 ipse
1138 3031 1245 3115 potius
1273 3049 1368 3114 quam
1398 3030 1591 3111 sempiterno
1614 3027 1723 3093 dolore

395 3127 587 3192 multassem.
624 3127 687 3190 Sed
710 3147 781 3191 cum
804 3127 961 3202 viderem,
990 3145 1042 3190 me
1062 3145 1129 3188 non
1151 3124 1271 3188 diutius
1293 3143 1389 3207 quam
1410 3125 1511 3206 ipsam
1533 3144 1600 3188 rem
1620 3123 1723 3206 publi-

395 3241 463 3284 cam
490 3240 531 3284 ex
559 3221 619 3285 bac
639 3221 718 3284 urbe
740 3219 917 3295 afuturum,
947 3240 1053 3304 neque
1075 3240 1135 3303 ego
1159 3217 1214 3282 illa
1235 3219 1442 3282 exterminata
1463 3217 1539 3284 milri
1559 3236 1724 3280 remanen-

395 3314 471 3378 dum
492 3315 618 3397 putari,
643 3323 675 3378 et
696 3315 773 3389 illa,
795 3315 889 3377 simul
911 3320 1008 3398 atque
1029 3320 1176 3378 revocata
1191 3319 1254 3388 est,
1277 3331 1327 3374 me
1349 3332 1456 3375 secum
1476 3311 1596 3394 pariter
1616 3329 1723 3393 repor-

461 3558 483 3607 t.
502 3562 641 3620 temporum
656 3558 676 3607 P
693 3569 733 3620 pr.
748 3569 784 3606 m.
800 3559 826 3605 et
842 3555 862 3605 E
881 3581 908 3589 -
927 3569 978 3605 non
994 3556 1075 3605 sotum
1088 3555 1252 3618 praedatione
1268 3553 1356 3604 EF—
1375 3553 1400 3602 t.
1419 3553 1504 3602 caeru
1519 3551 1571 3602 mei
1590 3554 1616 3601 ot
1632 3551 1722 3614 Lagg.:

394 3633 505 3684 comm:
521 3635 541 3684 0
559 3646 590 3684 er
609 3633 677 3684 coni.
697 3633 837 3682 Hotomani
856 3633 882 3680 et
898 3631 1034 3694 Augustini
1052 3633 1080 3682 et
1096 3631 1155 3682 cod.
1174 3629 1301 3681 Gudiano.
1320 3655 1348 3665 -
1366 3628 1659 3690 desereret·-prcderst
1675 3629 1723 3676 PG

395 3711 412 3758 S
430 3711 457 3760 et
474 3711 567 3773 begga
586 3709 723 3760 assant
735 3707 974 3770 --procsrsntso
986 3707 1116 3768 (desumi
1130 3719 1181 3756 sors
1196 3706 1270 3756 modo
1281 3705 1320 3766 G).
1335 3730 1362 3738 -
1381 3703 1406 3754 3.
1418 3717 1444 3752 ss
1459 3703 1568 3767 scripsi:
1587 3718 1628 3754 sos
1643 3703 1721 3754 cedd.

395 3782 474 3834 Orelli
491 3787 519 3833 et
535 3783 597 3836 edd.
615 3783 760 3850 pleraeque
777 3786 863 3836 totum
880 3780 968 3834 locum
985 3783 1025 3832 sic
1042 3781 1157 3834 babent:
1175 3781 1243 3832 Alter
1254 3779 1370 3843 {Clodius
1381 3778 1447 3843 scil.)
1458 3779 1582 3840 cossam,
1598 3785 1724 3829 aime--

391 3859 538 3922 proderent,
553 3859 711 3922 aaronitas
726 3871 767 3908 eos
781 3871 885 3907 noram
898 3869 996 3919 praesis.
1015 3855 1150 3921 obligarat.
1177 3862 1209 3908 At
1225 3859 1337 3922 apparet
1352 3853 1465 3906 alterum
1482 3854 1631 3916 consulem,
1650 3857 1724 3905 Piso-

395 3947 471 3996 nem,
490 3935 640 4000 significari.
662 3964 689 3972 -
708 3934 733 3986 l.
751 3935 786 3985 ad
799 3935 904 3997 parthos
920 3934 937 3983 S
955 3958 983 3968 -
1010 3934 1035 3982 t.
1054 3933 1134 3998 quem]
1152 3947 1201 3995 quc
1216 3935 1290 3984 modo
1306 3933 1326 3983 E
1345 3958 1372 3968 -
1391 3931 1522 3981 inimicit)
1542 3955 1568 3966 -
1587 3929 1612 3980 6.
1629 3932 1723 3979 sssstP

397 4037 423 4048 -
443 4011 566 4062 inorata.
585 4011 641 4064 Scio
658 4011 835 4063 armenis
848 4013 876 4059 et
889 4011 967 4072 lagg.
986 4008 1060 4070 (duas
1077 4007 1198 4071 babetP)
1217 4008 1325 4058 somnis
1343 4007 1410 4056 baec
1427 4005 1460 4056 de
1473 4004 1577 4056 duabus
1593 4004 1722 4070 partibus,

396 4099 461 4148 qaas
474 4092 626 4149 putarentur
642 4099 701 4147 sess,
720 4087 746 4136 in
763 4086 911 4148 marginem
929 4083 1028 4134 reiecta
1042 4082 1137 4134 vellem
1153 4098 1201 4148 pro
1220 4083 1407 4147 glossemate.»
1425 4083 1515 4132 Wonr.
1529 4107 1556 4116 -
1572 4086 1725 4144 putarentur

395 4164 429 4211 P:
445 4166 578 4223 paeteretur
589 4164 608 4212 G
619 4163 664 4212 Es
676 4165 704 4212 et
715 4163 792 4224 lagg.
807 4185 833 4196 -
847 4161 863 4209 8
875 4162 902 4209 et
913 4159 937 4208 9.
950 4160 1108 4221 mettim
1119 4160 1138 4209 P
1148 4161 1165 4208 S
1179 4185 1206 4194 —
1220 4161 1312 4221 auum]
1326 4160 1359 4208 .lt.
1373 4160 1402 4214 S;
1422 4159 1487 4208 caim
1498 4157 1550 4207 Erl.
1566 4181 1593 4192 —
1608 4155 1725 4206 αἰοοὸοο-

394 4241 437 4286 tor
448 4237 494 4288 EF
510 4234 568 4287 soli.
584 4263 610 4274 -
630 4237 654 4287 9.
667 4237 712 4286 boc
724 4236 752 4296 F,
766 4237 795 4286 ut
805 4232 916 4286 Woltius
934 4233 1076 4296 flagitavit:
1095 4233 1122 4282 in
1138 4235 1183 4284 troc
1199 4237 1247 4284 PG
1260 4238 1287 4284 et
1296 4233 1427 4299 plerique,
1440 4234 1474 4292 0;
1492 4233 1518 4281 tii
1534 4233 1650 4288 batur&
1664 4230 1723 4280 tort.

393 4313 413 4362 ii
429 4312 482 4362 boc.
497 4336 524 4346 -
543 4310 717 4365 intimator:
735 4310 870 4376 inficiando
888 4308 962 4358 GES
976 4334 1003 4342 -
1023 4308 1063 4358 ta.
1082 4308 1231 4359 relictamE
1252 4335 1277 4345 -
1297 4307 1449 4372 kpiosams
1463 4332 1489 4340 -
1508 4307 1665 4356 nominatum
1676 4317 1725 4354 ssss

394 4386 575 4449 coemptas
590 4411 618 4423 -
638 4385 677 4435 ra.
697 4387 805 4436 amase
819 4410 845 4418 -
865 4367 1045 4433 isannes:
1062 4384 1196 4444 isam&
1214 4384 1331 4435 termo
1346 4411 1373 4420 -
1393 4382 1433 4434 u.
1451 4383 1652 4444 musmonem.
1666 4381 1683 4429 s
1696 4405 1722 4414 -

395 4463 435 4513 ts.
454 4462 534 4512 omnis
549 4461 643 4522 PGE3
666 4473 720 4511 om.
739 4461 756 4510 S
780 4486 806 4495 —
827 4459 973 4522 perterritos
990 4459 1007 4507 S
1033 4485 1059 4494 -
1081 4460 1152 4522 potui
1165 4459 1238 4522 potat
1254 4461 1290 4510 P:
1311 4459 1383 4520 potat
1405 4455 1462 4507 rell.
1481 4456 1534 4507 mei
1552 4458 1580 4505 et
1597 4455 1675 4517 Lagg.
1694 4479 1721 4488 -

395 4538 435 4588 te.
454 4538 480 4589 oi
496 4542 570 4599 atque
586 4537 665 4586 annis
681 4537 702 4585 G
721 4560 748 4571 -
769 4535 808 4585 li.
826 4535 875 4596 ipsi
892 4535 1080 4584 Heumannus:
1100 4534 1151 4596 ipso
1168 4532 1246 4584 codd.
1260 4535 1287 4583 et
1298 4534 1326 4582 0.
1354 4532 1393 4584 ct.
1411 4531 1445 4582 de
1462 4530 1521 4582 loco
1538 4533 1645 4594 praeter
1655 4525 1726 4578 Wol-

396 4613 461 4664 lium
479 4613 559 4663 etiam
575 4612 697 4662 Benecke
721 4610 755 4660 ad
778 4623 815 4659 or.
834 4611 864 4658 dc
880 4609 940 4671 imp.
959 4610 1003 4659 Cn.
1022 4611 1106 4672 Pomp.
1126 4611 1140 4676 fi
1158 4610 1190 4662 lt
1208 4623 1234 4675 p.
1253 4611 1302 4660 255
1319 4612 1347 4660 et
1362 4609 1466 4671 Reisigii
1485 4597 1650 4669 Vortaaiaqsn
1665 4603 1727 4652 aber

398 4689 442 4738 tat.
461 4686 695 4750 Spracbwioeascb.
715 4698 775 4751 pag.
793 4684 850 4736 375.
870 4711 897 4720 -
915 4683 984 4734 vobis
1000 4698 1055 4736 om.
1074 4687 1120 4736 EF
1140 4711 1167 4720 —
1192 4686 1231 4736 ⁴8.
1251 4686 1340 4734 mattos
1356 4685 1407 4735 atio
1422 4684 1497 4733 meti
1512 4695 1563 4733 sess
1577 4681 1598 4732 E
1617 4706 1644 4716 -
1662 4677 1726 4728 alios

397 4764 460 4814 miti
477 4765 494 4813 S
513 4788 540 4798 -
560 4763 601 4814 49.
619 4763 734 4812 sacerdos
751 4763 769 4812 Ρ
789 4788 816 4802 -
834 4760 864 4825 ss]
882 4764 925 4824 qai
943 4761 975 4821 E;
994 4763 1033 4812 sia
1049 4759 1142 4812 bamb.
1161 4761 1188 4811 ln
1205 4774 1289 4824 marg.
1309 4785 1336 4796 -
1355 4766 1379 4810 et
1392 4773 1471 4824 prope
1485 4772 1525 4810 mc
1541 4757 1576 4818 Ἐς
1594 4761 1617 4806 st
1630 4766 1727 4816 procae

397 4852 437 4890 ors
453 4839 471 4889 F
491 4865 518 4875 -
536 4839 578 4888 ec.
597 4837 652 4901 qus]
671 4837 713 4900 qai
730 4839 749 4886 P
766 4849 807 4900 pr.
826 4848 861 4886 m.
883 4861 910 4872 -
927 4837 1151 4898 matematicos
1167 4837 1229 4892 PS;
1251 4835 1448 4898 praesentissime
1464 4835 1510 4884 EF
1531 4860 1557 4869 —
1575 4831 1616 4882 2³.
1634 4829 1725 4879 saasS

401 4942 427 4951 —
446 4913 488 4966 ai.
509 4926 541 4964 ac
558 4913 619 4964 PE:
638 4919 666 4963 at
682 4914 728 4964 GS
747 4939 775 4949 -
794 4913 835 4962 25.
852 4910 984 4975 fucatum]
1001 4912 1115 4974 sanctum
1130 4912 1191 4962 E-
1211 4911 1253 4961 26.
1270 4916 1375 4960 mortem
1391 4915 1415 4960 st
1430 4910 1481 4972 ipss
1497 4908 1566 4969 Erl.;
1584 4910 1663 4955 morte
1677 4902 1727 4952 rasi

397 4987 538 5052 ipsusne
558 5013 586 5024 -
608 4988 649 5039 28.
668 4988 799 5051 aticum
815 4988 851 5036 P:
877 4987 1018 5049 affuturam
1035 4989 1054 5036 G
1077 4999 1118 5051 pr.
1137 4998 1173 5035 m.
1192 4989 1220 5036 et
1242 4986 1277 5044 E;
1303 4983 1381 5047 attat
1400 4987 1420 5034 G
1438 4998 1506 5036 corr.
1525 4983 1584 5033 etS
1603 5007 1630 5016 -
1648 4992 1727 5039 arque

398 5079 458 5130 erpo
475 5064 495 5115 E
514 5089 541 5100 -
558 5063 738 5112 resonandam
754 5075 803 5112 sess
819 5061 871 5112 Erl.
891 5074 959 5111 corr.
981 5061 1107 5113 Additum
1125 5063 1166 5110 est
1182 5061 1242 5123 post
1257 5071 1354 5110 ranan
1368 5059 1393 5108 in
1410 5059 1444 5120 F,
1463 5056 1517 5108 Pal.
1529 5057 1563 5108 ix
1580 5057 1606 5106 et
1617 5057 1653 5104 0:
1673 5066 1727 5102 am·

395 5141 476 5204 pltris,
498 5137 570 5202 quod
586 5137 663 5189 abest
679 5152 695 5189 a
712 5135 829 5201 reliquis.
849 5163 876 5172 —
901 5137 941 5188 29.
956 5136 1046 5200 potavi
1067 5141 1091 5186 st
1112 5136 1158 5184 itta
1173 5133 1247 5184 simut
1262 5132 1346 5197 atque]
1364 5134 1424 5196 quia
1439 5133 1513 5184 simut
1527 5132 1574 5182 itta
1589 5135 1664 5190 atqac
1680 5127 1726 5177 EF

402 5243 429 5254 —
449 5215 490 5267 30.
508 5219 545 5266 cst
560 5227 613 5266 om.
632 5215 666 5276 F;
685 5212 745 5264 lort.
763 5217 798 5264 cst
813 5218 940 5264 revocato.
961 5239 988 5249 -
1006 5212 1132 5262 revocavit
1148 5211 1204 5263 EF.
