4009 6159
417 553 499 622 ⁴200
826 557 978 625 ORATIO
999 559 1078 625 PRO
1101 561 1140 637 Q.
1162 560 1326 627 alsamo

416 728 514 792 heroi
536 727 615 791 curi
636 728 700 792 Isto
721 729 805 791 enim
826 731 953 793 nornine
974 729 1030 794 illa
1050 729 1152 794 adhuc
1174 749 1270 794 causa
1287 729 1396 793 caruit
1431 727 1494 792 IIII
1516 750 1655 795 errorem
1677 753 1732 816 ap-

415 823 548 906 pellant,
576 821 631 886 alii
652 823 811 899 timorem;
844 824 900 907 qui
923 823 1050 900 durius,
1080 846 1185 909 spem,
1207 825 1428 908 cupiditatem,
1450 823 1574 901 adium,
1595 826 1734 909 pertina-

415 918 512 992 ciam;
541 918 594 999 qui
619 917 816 1001 gravissime,
843 919 1067 983 temeritatem:
1094 919 1197 982 scelus
1224 925 1400 1002 praetante
1422 917 1526 981 adhuc
1548 938 1651 983 nemo.
1687 921 1733 982 Ac

416 1011 493 1074 mihi
514 1011 657 1096 quidem,
680 1012 706 1075 si
727 1012 888 1096 proprium
909 1019 941 1076 et
962 1033 1070 1077 vemm
1091 1033 1209 1076 nomen
1224 1012 1323 1076 nostri
1338 1013 1413 1075 mali
1430 1013 1608 1097 quaeritur,
1629 1011 1733 1076 fatalia

393 1105 569 1189 squaedam
592 1105 752 1169 calamitas
774 1104 923 1169 incidisse
945 1106 1069 1170 videtur
1090 1114 1122 1170 et
1142 1105 1331 1190 improvidas
1352 1105 1517 1170 hominum
1538 1113 1660 1169 mentes
1681 1125 1734 1168 ac·

414 1201 593 1284 cupavisse,
615 1207 650 1264 ut
670 1220 762 1263 nemo
784 1201 890 1263 mirari
906 1200 1018 1264 debeat
1037 1202 1174 1265 humana
1189 1200 1321 1264 consilia
1335 1199 1440 1264 divina
1461 1199 1648 1264 necessitate
1663 1219 1733 1263 esse

414 1301 569 1377 superata.
613 1289 663 1355 l8.
693 1293 801 1358 Liceat
833 1313 903 1357 essa
935 1295 1085 1358 miseras:
1119 1313 1310 1379 quamquam
1342 1293 1404 1357 hae
1431 1297 1548 1359 victore
1576 1313 1646 1357 esse
1668 1314 1734 1358 non

360 1424 362 1434 ,
413 1383 591 1471 possumus.
635 1388 696 1451 Sed
724 1408 789 1452 non
818 1387 931 1471 loquor
953 1387 991 1451 de
1021 1389 1129 1452 nobis:
1158 1389 1198 1451 de
1220 1388 1283 1450 illis
1305 1387 1434 1471 loquor,
1462 1391 1519 1472 qni
1541 1389 1734 1452 occiderunt.

413 1484 545 1547 Fuerint
573 1483 695 1566 cupidi,
721 1483 850 1547 fuerint'
865 1484 954 1559 irati,
983 1481 1100 1545 suerint
1122 1484 1318 1565 pertinaces:
1348 1483 1475 1547 sceleris
1496 1503 1571 1547 vero
1593 1483 1734 1556 crimine,

377 1575 542 1652 laiuroais,
564 1574 723 1661 parricidii
745 1575 839 1639 liceat
860 1577 915 1640 Cu.
939 1577 1089 1660 Pompeia
1111 1584 1250 1650 mortua,
1280 1576 1375 1640 liceat
1396 1577 1503 1640 multis
1524 1578 1594 1640 aliis
1617 1595 1733 1639 carere.

415 1670 551 1747 Quando
572 1671 633 1734 hoc
654 1671 821 1754 quisquam
844 1691 883 1734 ex
905 1677 952 1746 te,
975 1670 1105 1745 Caesar,
1132 1671 1268 1744 audivit,
1290 1678 1345 1733 aut
1366 1678 1420 1734 trra
1441 1671 1517 1756 quid
1540 1669 1627 1736 alind
1649 1690 1734 1736 arma

414 1765 584 1828 voluerant
614 1765 675 1828 nisi
708 1785 727 1828 a
758 1772 787 1828 te
816 1765 1038 1828 contumeliam
1064 1765 1271 1849 propulsaret
1305 1765 1381 1848 quid
1410 1765 1476 1848 egit
1505 1772 1577 1829 tuns
1598 1767 1733 1831 invictus

415 1860 589 1934 exercitus,
611 1861 673 1921 nisi
693 1865 730 1922 ut
751 1878 842 1922 suum
864 1859 915 1922 ius
934 1864 1077 1923 tueretur
1091 1866 1123 1921 et
1136 1857 1319 1940 dignitatem
1334 1862 1444 1921 tuam?
1467 1857 1574 1934 Quini
1595 1865 1640 1932 tu,
1662 1880 1732 1923 cam

414 1974 524 2037 pacem
547 1949 625 2016 'esso
655 1953 819 2036 capiebas,
851 1954 926 2016 idne
948 1953 1077 2036 agebas,
1109 1959 1144 2015 ut
1163 1951 1221 2015 tibi
1245 1971 1315 2016 curn
1338 1951 1512 2027 sceleratis,
1544 1973 1586 2016 an
1606 1962 1642 2018 ut
1662 1974 1732 2018 cum

378 2048 506 2113 lobonis
535 2048 653 2110 civibus
680 2048 886 2110 conveniret?
928 2041 979 2109 49.
1001 2047 1079 2110 Mihi
1106 2065 1198 2120 vero,
1228 2046 1357 2119 Caesar,
1388 2054 1442 2110 tua
1470 2048 1503 2109 in
1525 2069 1575 2112 me
1598 2049 1733 2112 maxima

415 2145 525 2208 merita
545 2149 631 2206 tanta
652 2149 737 2206 certe
757 2161 822 2206 non
844 2142 1042 2215 viderentur,
1065 2141 1091 2203 si
1116 2161 1166 2203 me
1179 2147 1215 2203 ut
1230 2140 1417 2204 sceleratum
1431 2161 1449 2204 a
1464 2148 1496 2205 te
1513 2150 1732 2206 conservatum

414 2246 567 2321 putarem.
603 2234 675 2311 Quo
703 2235 797 2299 modo
825 2245 929 2300 antem
961 2243 996 2298 tu
1020 2234 1059 2297 de
1080 2255 1115 2297 re
1137 2233 1262 2316 publica
1283 2233 1364 2297 bene
1387 2235 1516 2299 meritus
1538 2257 1640 2310 esses,
1662 2258 1731 2300 enm

414 2339 463 2395 tot
488 2329 658 2394 sceleratos
687 2330 838 2394 incolumi
868 2331 1019 2414 dignitate
1045 2349 1114 2392 esse
1135 2328 1314 2392 voluisses?
1352 2329 1569 2394 Secessionem
1590 2339 1624 2395 tu
1646 2332 1731 2395 iliam

415 2423 645 2499 existimavisti,
667 2425 791 2500 Caesar,
813 2424 915 2498 initio,
937 2443 1003 2486 uon
1024 2422 1153 2495 bellum,
1175 2441 1281 2505 neque
1302 2421 1418 2486 hostile
1433 2425 1550 2499 odium,
1573 2427 1629 2488 sed
1643 2414 1732 2489 civile

377 2518 596 2592 iadiacidium,
618 2519 762 2604 utrisque
777 2519 976 2603 cupientibus
989 2536 1056 2580 rem
1072 2515 1229 2600 publicam
1245 2516 1373 2590 salvam,
1388 2517 1443 2580 sed
1459 2519 1570 2601 partim
1585 2519 1732 2594 consiliis,

414 2612 526 2697 partim
548 2613 661 2676 studiis
683 2633 702 2678 a
723 2613 882 2676 communi
903 2610 1038 2673 utilitate
1059 2610 1287 2674 aberrantibus.
1322 2611 1501 2696 Principum
1516 2611 1652 2695 dignitas
1665 2620 1733 2674 erat

414 2725 515 2788 paene
537 2725 610 2789 par,
633 2725 696 2770 non
718 2726 776 2789 par
795 2705 928 2770 fortasse
952 2724 1080 2779 eorum,
1103 2704 1159 2788 qui
1180 2704 1407 2786 sequebantur3
1430 2725 1524 2769 causa
1545 2715 1610 2770 tum
1628 2704 1731 2781 dubia,

414 2798 501 2882 quod
524 2806 591 2862 erat
612 2799 733 2884 aliquid
754 2802 787 2864 in
809 2807 943 2884 utraque
967 2805 1072 2882 parte,
1102 2796 1187 2880 quod
1210 2796 1337 2880 probari
1360 2807 1482 2882 passet3
1515 2819 1599 2863 0000
1621 2800 1732 2862 melior

414 2913 452 2956 ea
472 2890 639 2957 iudicanda
661 2900 726 2969 est,
749 2913 843 2978 quam
866 2895 957 2958 etiam
980 2892 1012 2955 di
1034 2891 1231 2957 adiuverunt.
1262 2891 1395 2973 Cognita
1408 2913 1483 2957 vero
1499 2893 1663 2957 clementia
1677 2901 1731 2956 tua

376 2988 485 3069 saquis
513 3005 579 3050 non
607 3007 674 3050 eam
703 2988 866 3050 victoriam
895 2985 1020 3069 prabet,
1052 2986 1086 3047 in
1116 3004 1180 3068 qua
1201 2984 1352 3048 occiderit
1373 3005 1466 3049 nemo
1487 2985 1549 3048 nisi
1570 2990 1730 3050 armatus?

413 3082 480 3145 VII.
503 3078 553 3144 20.
582 3080 643 3144 Sed
676 3087 713 3144 ut
740 3082 878 3144 omittam
910 3097 1107 3142 communem
1136 3098 1282 3154 causam,
1312 3080 1475 3143 veniamus
1508 3081 1549 3143 ad
1581 3089 1730 3156 nostram,

412 3185 517 3241 utrum
549 3174 674 3240 tandem
706 3175 867 3238 existimas
895 3171 1018 3236 facilius
1049 3171 1164 3246 inisse,
1196 3173 1339 3249 Tubero,
1371 3173 1529 3256 Ligarium
1558 3195 1599 3238 ex
1625 3175 1730 3238 Africa

413 3273 515 3347 exire,
537 3291 578 3334 an
598 3289 656 3332 vos
677 3267 712 3331 in
732 3266 869 3330 Africam
891 3286 955 3329 non
977 3267 1108 3330 veniret
1134 3268 1366 3341 Poteramusne,
1388 3269 1524 3351 inquies,
1546 3289 1617 3333 eum
1640 3289 1731 3333 sena-

412 3372 463 3429 tus
485 3364 684 3429 censuisset?
717 3362 750 3425 Si
776 3381 827 3424 ma
849 3360 1006 3434 consulis,
1035 3359 1123 3424 nulla
1146 3359 1252 3423 modo.
1292 3362 1354 3424 Sed
1376 3369 1480 3425 tanam
1502 3361 1659 3445 Ligarium
1682 3384 1731 3427 se·

375 3467 506 3525 conatus
528 3459 611 3522 idem
633 3457 807 3538 legaverat;
830 3461 925 3539 atque
947 3454 1001 3518 illa
1023 3475 1061 3518 eo
1085 3461 1227 3537 tempore
1248 3458 1367 3538 paruit,
1389 3477 1460 3520 oum
1481 3476 1591 3541 parere
1607 3457 1729 3520 senatui

478 3770 502 3819 I.
520 3769 566 3819 talo
583 3768 648 3819 00440
664 3763 730 3816 GE:
755 3763 820 3815 caim
836 3764 882 3814 islo
899 3763 932 3825 (ἔς
956 3763 1003 3814 tato
1021 3764 1082 3826 lom.
1100 3763 1172 3827 00400)
1190 3761 1277 3814 Sahal.
1296 3764 1402 3814 Lucani.
1423 3791 1449 3800 -
1468 3764 1493 3814 3.
1511 3764 1542 3814 Aa
1556 3765 1617 3814 mill
1633 3764 1731 3828 ommia

411 3839 865 3907 cinomiam-Latmum]
884 3840 1526 3890 acueriC-aomaaacsleimaliaamaoc-
1547 3841 1727 3903 gammth:

412 3925 550 3986 quaeratur
567 3917 655 3968 GEO.
682 3914 720 3966 cl.
739 3912 897 3977 Madvigium
914 3913 1002 3976 Opasc.
1021 3914 1095 3964 0004.
1113 3914 1137 3975 I,
1161 3927 1188 3977 p.
1206 3913 1262 3963 499.
1281 3914 1317 3977 44,
1335 3927 1361 3978 p.
1380 3913 1437 3964 30I.
1458 3941 1484 3949 -
1505 3915 1530 3964 o.
1547 3915 1729 3978 inprouidaat}

415 4021 442 4033 -
461 3993 618 4056 occupantem
634 3991 699 4042 GE:
718 4001 848 4051 occupasse
865 3989 884 4039 0
902 4014 929 4024 -
953 3989 994 4038 40.
1011 3988 1145 4050 panictdtt
1160 3987 1241 4053 liceat]
1262 4001 1314 4039 om.
1333 3989 1407 4039 440004
1423 3991 1444 4039 G
1460 3990 1486 4040 in
1503 3989 1555 4041 flue
1571 4004 1665 4042 versus
1681 4004 1729 4041 vo-

407 4068 507 4121 'cahulo
524 4081 572 4120 sex
588 4064 643 4117 iere
661 4063 805 4114 litterarum
823 4076 912 4120 erasm
927 4063 1070 4126 posteinie
1087 4063 1204 4113 40040000
1216 4067 1407 4124 parcentem.
1425 4063 1509 4114 Liceat
1524 4065 1544 4114 Ε
1558 4092 1584 4101 -
1604 4063 1651 4116 Gai.
1668 4065 1726 4116 E-

413 4141 622 4194 alttsom.li-
642 4139 681 4188 44.
700 4137 952 4201 magancenses
972 4164 998 4174 -
1018 4138 1245 4188 talamum:
1270 4137 1465 4188 400044400-
1486 4139 1525 4190 43.
1543 4140 1679 4192 utalaae
1699 4167 1727 4176 -

412 4218 453 4271 44.
471 4231 506 4268 aa
522 4212 707 4278 comtemnit)
726 4212 745 4262 C
771 4238 795 4249 -
825 4212 864 4262 aa.
883 4210 1045 4263 04044οι040.
1064 4213 1084 4262 c
1109 4239 1137 4248 -
1164 4212 1326 4263 caesaram
1345 4213 1365 4263 C
1388 4239 1415 4248 -
1443 4213 1483 4264 46.
1501 4219 1572 4264 tacta
1589 4228 1642 4265 om.
1661 4216 1680 4265 C
1699 4241 1726 4250 -

412 4297 453 4347 tl.
471 4306 532 4345 casca
548 4303 600 4342 om.
619 4290 639 4340 C
659 4315 686 4325 -
708 4301 765 4338 cam
781 4287 877 4339 GEC:
895 4289 916 4337 at
932 4289 961 4338 0.
981 4287 1019 4338 CI.
1037 4285 1195 4350 Madvigium
1214 4288 1302 4350 00000.
1321 4290 1394 4339 acad.
1407 4289 1431 4350 I,
1449 4301 1476 4352 p.
1496 4289 1552 4339 4944.
1568 4316 1594 4325 -
1614 4290 1654 4338 ie.
1672 4290 1730 4338 wt-

411 4367 543 4421 stimaaislt
559 4365 624 4416 GE:
643 4361 790 4414 catsttmaslt
807 4364 826 4413 0
845 4389 871 4398 -
889 4362 916 4412 40
931 4361 1002 4412 initio
1020 4361 1039 4411 C
1060 4385 1087 4397 -
1105 4374 1184 4423 pegae
1200 4363 1265 4412 GE:
1283 4375 1328 4413 nce
1344 4363 1380 4421 C;
1397 4376 1447 4412 000
1463 4363 1523 4412 0—
1542 4363 1583 4414 2⁰.
1600 4363 1730 4414 4400444400

412 4445 504 4495 GEC:
522 4440 649 4492 dimidiam
665 4438 685 4488 0
703 4464 730 4474 -
749 4437 846 4488 salvam
863 4437 930 4488 GE:
953 4437 1050 4487 salvam
1065 4449 1115 4487 asae
1131 4437 1151 4487 C
1169 4461 1197 4470 -
1222 4437 1264 4488 It.
1280 4437 1648 4501 catapan-sequanmur
1663 4437 1730 4487 alle·

411 4520 473 4570 mat
489 4517 659 4578 Quintilianus
676 4513 723 4577 IX,
742 4513 767 4574 3,
784 4513 828 4575 36;
847 4513 964 4564 Isidorus
981 4513 1053 4577 IIisp.
1071 4511 1155 4575 origg.
1173 4513 1209 4573 II,
1227 4513 1272 4574 It,
1290 4513 1320 4574 l;
1339 4514 1438 4565 Auctor
1453 4514 1569 4564 incertus
1585 4515 1612 4564 in
1628 4511 1727 4564 Iuecd.

410 4597 491 4647 Paris.
510 4593 552 4646 ed.
570 4591 658 4642 Eclrst.
675 4601 703 4652 p.
721 4589 762 4650 45,
779 4587 821 4638 49.
841 4615 869 4625 -
885 4586 1038 4651 principum
1054 4586 1162 4651 dignitas
1176 4589 1274 4638 Auctor
1289 4588 1420 4647 Incertus;
1435 4590 1588 4652 principiam
1603 4587 1730 4652 4400440440

410 4670 536 4722 Isidorus.
555 4693 581 4703 -
606 4665 647 4715 44.
666 4675 730 4726 qaae
749 4661 912 4725 aequabantur
934 4663 1020 4720 idcm3
1042 4674 1106 4724 qaae
1128 4662 1275 4725 sequebatur
1290 4666 1388 4714 auctor
1407 4663 1531 4714 incertus.
1552 4691 1578 4701 -
1600 4676 1729 4713 caasa--

409 4745 558 4796 0440000004
581 4739 658 4790 alleri
679 4735 849 4798 Quintilianus
869 4737 905 4798 V,
924 4734 969 4797 44,
994 4738 1022 4796 4;
1045 4751 1111 4788 auae
1131 4737 1268 4786 melior--
1280 4739 1429 4790 adiwcruat
1450 4737 1537 4790 schol.
1560 4739 1656 4789 Lucani
1672 4735 1727 4797 vn,

409 4819 457 4871 259
475 4820 502 4869 04
517 4817 586 4878 VIII,
603 4812 664 4870 486ς
683 4811 769 4863 matter
785 4825 815 4863 ca
831 4823 909 4862 00000
923 4810 1060 4861 induenda
1071 4837 1108 4848 --
1120 4811 1268 4862 adiawmaat
1288 4812 1360 4863 idem
1377 4811 1411 4862 ad
1428 4813 1454 4874 I,
1472 4813 1529 4863 428.
1550 4839 1576 4848 -
1589 4811 1636 4884 43.
1653 4810 1727 4875 alme]

409 4895 477 4946 Nica
492 4895 514 4944 G
532 4918 559 4928 -
584 4887 673 4939 metim
693 4887 785 4951 GEC,
813 4885 995 4949 Quintilianus,
1019 4885 1105 4937 Schol.
1124 4887 1221 4937 Lucani
1241 4885 1341 4950 (tribus
1357 4885 1445 4948 locisl:
1471 4887 1559 4938 4004400
1579 4886 1679 4937 camo
1698 4909 1725 4919 —

410 4964 736 5028 al.taaicaaca1vocaaaa
752 4963 813 5014 C-
831 4962 915 5027 ettam]
932 4961 1046 5012 0040406
1060 4985 1088 4998 -
1107 4960 1179 5010 dtG:
1198 4958 1234 5009 aa
1249 4959 1340 5010 ΕΟ-
1355 4960 1398 5010 25.
1416 4961 1535 5012 accideret
1552 4963 1572 5012 G
1586 4987 1613 4998 -
1630 4959 1672 5010 26.
1683 4972 1728 5009 aa·

409 5045 479 5096 04000
498 5039 641 5093 Lambinus
661 5039 689 5090 in
708 5051 792 5103 marg.
810 5038 852 5090 ed.
871 5052 895 5088 a.
915 5035 992 5097 44484,
1014 5035 1063 5087 sed
1084 5048 1111 5085 v.
1129 5033 1287 5098 Madvigium
1306 5035 1342 5085 ad
1358 5036 1413 5086 Cic.
1432 5035 1465 5086 de
1483 5037 1556 5088 Finn.
1573 5037 1597 5100 I,
1616 5034 1680 5100 §It
1702 5038 1729 5084 et

410 5115 545 5171 IiaIqum,
564 5116 591 5168 in
610 5113 653 5166 ed.
671 5114 741 5179 Lips.
758 5140 785 5150 -
803 5119 928 5174 nostram,
945 5117 1031 5162 alm
1046 5110 1190 5174 Madvigius
1207 5111 1304 5174 (Opasc.
1324 5112 1397 5161 0004.
1419 5113 1445 5175 I,
1464 5125 1490 5176 p.
1512 5110 1581 5174 ⁴59i²
1604 5115 1726 5160 maa-am

412 5185 1728 5256 vimmo-28.aalvelE-aaa]nobivc-29.ccoaataaamG-aoaatiatdemlaa-

408 5269 505 5323 040000
520 5267 550 5320 G.
