4009 6159
560 1184 840 1304 muium
875 1184 950 1303 ET
989 1184 1357 1306 eutulanum.

869 1470 1057 1482 *ιιι-ι

363 1694 409 1742 04.
424 1704 475 1751 pro
489 1692 625 1755 thetio.
645 1682 661 1748 S
678 1682 719 1735 44.
737 1696 797 1747 444.
816 1682 845 1747 4,
863 1682 905 1734 st.
924 1683 1157 1734 Charisius-tostii.
1174 1689 1310 1749 4444444444.
1328 1685 1364 1746 44,
1383 1682 1423 1746 44,
1441 1684 1503 1736 200:
1523 1686 1618 1748 lioper-

297 1770 349 1821 tiso
365 1782 415 1835 pro
431 1774 530 1833 repente
547 1770 656 1830 Cicero,
673 1769 704 1817 ut
719 1766 835 1819 statilius
850 1769 979 1819 Maximus
996 1768 1077 1818 notat.

362 1853 435 1918 344.
454 1866 481 1918 4.
499 1853 525 1916 t,
543 1853 585 1904 43.
602 1858 678 1914 utque
693 1864 776 1916 spem
790 1852 913 1902 4444444444
929 1854 998 1903 coni.
1011 1854 1145 1915 Kayserus
1162 1854 1189 1903 44
1206 1864 1319 1905 censura
1335 1851 1379 1903 ed.
1397 1854 1503 1904 4444444
1521 1854 1555 1917 (v.
1567 1855 1618 1905 Ge-

297 1938 372 1989 lelirte
388 1938 512 2003 ,44444444
528 1939 573 1988 der
587 1936 613 1987 lc.
631 1936 717 1999 boyer.
734 1936 814 1987 Akcd.
828 1937 853 1985 d.
868 1937 942 1986 Wirs.
961 1936 1034 1988 484444.
1054 1935 1150 1989 Philus.
1163 1936 1252 2003 philol.
1273 1935 1311 1989 cl.
1324 1934 1382 1987 Vol.
1395 1936 1423 1989 44
1445 1939 1506 1989 ltro.
1519 1937 1536 1989 4
1547 1939 1617 2004 sqq.)

297 2020 356 2073 coll.
374 2036 401 2087 p.
420 2021 481 2083 ets,
499 2021 545 2082 td,
564 2020 611 2071 ubi
628 2018 715 2071 0444444
732 2021 914 2072 coniecturam
930 2020 1025 2072 44444444
1044 2022 1101 2085 (444
1117 2022 1218 2083 inhibet,
1239 2021 1370 2073 4444444
1387 2021 1478 2085 codd.)
1493 2021 1598 2086 probat.

362 2106 377 2170 5
394 2106 435 2157 34.
453 2118 481 2171 4.
493 2106 518 2167 8,
537 2106 561 2157 9.
580 2107 666 2156 Locus
679 2104 809 2156 4444444444
823 2105 852 2154 de
865 2106 908 2169 444.
921 2110 982 2155 serit
995 2110 1019 2155 et
1029 2105 1088 2156 eloe.
1102 2106 1160 2170 5⁴8
1177 2119 1193 2156 a
1209 2106 1363 2157 Ruhnkenio
1380 2106 1419 2157 sic
1436 2107 1550 2173 scriptus
1562 2109 1616 2160 est:

297 2189 444 2241 «Dolabella
460 2196 544 2240 cutem
560 2190 768 2251 remediandum
783 2189 892 2239 homiues
907 2190 1012 2251 4444444,
1030 2203 1130 2255 usque,
1150 2190 1272 2240 4444444444
1286 2192 1419 2254 [4444444444
1433 2196 1600 2253 peremerat„

363 2273 378 2337 4
395 2274 437 2325 db.
454 2288 482 2339 p.
500 2275 524 2336 9,
544 2276 585 2325 tt.
604 2271 707 2325 Grillius
724 2274 751 2323 in
768 2274 960 2325 commentario
979 2272 1078 2325 inedito
1095 2273 1129 2326 ad
1146 2275 1200 2326 Cic.
1219 2272 1263 2325 lib.
1283 2274 1316 2325 da
1333 2276 1390 2326 inu.
1407 2273 1451 2326 iol.
1469 2276 1513 2328 at·
1529 2275 1618 2329 locum

296 2358 336 2409 sic
352 2358 443 2409 affert:
461 2359 617 2411 Hortensius
634 2356 851 2423 reprehenditur,
870 2359 932 2422 quia
949 2360 977 2408 et
991 2358 1019 2409 in
1031 2357 1195 2423 simplicibus
1207 2359 1293 2411 causis
1304 2359 1445 2424 partiatur,
1463 2361 1528 2412 utin
1540 2363 1619 2423 Quin·

297 2442 383 2494 bana:
401 2443 511 2506 seciam,
527 2447 556 2493 44
572 2447 596 2495 te
610 2455 707 2506 serrper
722 2442 890 2495 osinodverti
904 2444 1000 2507 fucere,
1018 2442 1147 2495 4444444444
1163 2448 1242 2495 rorem
1257 2456 1351 2495 444444
1365 2457 1437 2497 meoe
1447 2445 1576 2497 dictionem
1591 2448 1619 2497 ts

294 2531 381 2591 perus
396 2528 516 2578 dividam.
1161 2584 1164 2592 ,

363 2610 378 2675 5
395 2610 436 2662 44.
454 2624 481 2676 4.
501 2612 547 2672 ta,
566 2612 607 2664 48.
624 2612 655 2662 44
672 2611 840 2662 adnotatione
856 2608 943 2662 littera
960 2614 980 2663 Ρ
996 2612 1126 2677 significat
1141 2613 1344 2679 palimpsestum
1359 2611 1573 2681 Ambrosianum.

362 2694 378 2759 4
395 2695 436 2747 48.
454 2709 481 2760 p.
500 2695 541 2758 43,
559 2695 600 2747 44.
619 2696 650 2747 Ut
665 2694 750 2759 figura
767 2696 980 2749 commutationis
994 2690 1239 2764 (ἀντιμταβολῆς)
1256 2698 1391 2761 servetur,
1409 2698 1528 2762 Kaysero
1543 2698 1617 2753 locus

297 2781 336 2831 sic
352 2778 512 2832 scribendus
528 2779 648 2832 videtur:
665 2780 764 2831 Etenim
779 2794 848 2830 mors
862 2781 964 2833 4444444
979 2794 1053 2845 coepe
1067 2783 1253 2845 coemptoque
1268 2787 1366 2845 trapam
1376 2787 1498 2835 4444444444
1517 2788 1551 2833 ut
1565 2784 1619 2837 citu

296 2865 377 2928 tarpio
398 2878 488 2929 saepe
509 2878 542 2915 sc
561 2865 638 2915 morti
658 2866 757 2928 quiden
777 2865 892 2918 44444444
913 2866 1136 2931 comsumpsit.
1165 2867 1258 2919 Eidem
1279 2866 1358 2933 poulo
1379 2868 1440 2933 4444
1460 2866 1524 2932 §itt
1541 2880 1567 2919 v.
1585 2868 1617 2921 23

295 2948 380 3001 verba
396 2955 425 3000 ut
440 2950 570 3015 4444444444
585 2948 719 3014 glossema
734 2950 868 3001 uidentur.

362 3034 377 3098 fi
394 3035 435 3086 tt.
453 3048 481 3099 p.
495 3033 536 3096 43,
548 3034 590 3085 34.
608 3035 780 3085 4444444444
791 3048 998 3098 conmemorare,
1017 3049 1055 3098 se,
1073 3049 1130 3087 cum
1142 3040 1225 3099 posset
1237 3036 1354 3099 perdere,
1370 3034 1515 3100 pepercisse,
1530 3048 1616 3100 44444,

297 3131 355 3169 mart
371 3131 480 3181 parcere
496 3119 618 3181 potuerit,
633 3120 778 3182 perdidisse.
800 3121 857 3171 tloc
874 3120 983 3185 quidem
1000 3120 1113 3173 altorum
1129 3122 1186 3186 4444
1204 3122 1462 3173 commemoraturus
1480 3132 1533 3171 non
1551 3124 1617 3173 4444.

295 3204 348 3254 Sed
364 3204 450 3267 agitur
466 3217 520 3255 non
537 3203 571 3256 de
588 3206 671 3268 ipsius
688 3205 801 3257 hominis
818 3206 1085 3267 commemoratione,
1108 3204 1157 3257 sad
1174 3205 1209 3256 de
1226 3206 1377 3255 ceterorum
1394 3206 1423 3257 44
1439 3205 1473 3256 de
1490 3204 1560 3257 tamn
1576 3208 1618 3257 at-

296 3300 350 3352 que
368 3288 500 3353 opinione.
527 3289 638 3354 Scripsit
655 3289 761 3339 Cicero:
779 3290 876 3340 mauult
891 3290 957 3341 44444
972 3291 1223 3353 commemorari,
1240 3302 1266 3341 se
1282 3291 1344 3353 cet,
1363 3288 1455 3353 idest,
1474 3289 1545 3341 bunc
1556 3303 1616 3342 esse

296 3372 435 3423 bominum
452 3372 486 3423 de
503 3385 533 3424 se
550 3386 713 3425 sermonem.
730 3374 841 3426 4444444.

282 3487 286 3495 -
362 3457 436 3521 gii.
454 3471 482 3522 p.
501 3458 542 3520 44,
560 3460 601 3509 444.
622 3458 654 3509 st
674 3459 729 3520 qais
748 3464 804 3510 4444
821 3459 993 3523 procreator?
1015 3459 1093 3510 044444
1113 3458 1221 3522 aliquem
1243 3458 1346 3509 44444444
1361 3457 1483 3509 imbirem
1498 3463 1618 3523 rpentes,

296 3541 444 3607 4444444444,
466 3542 607 3605 inprobam
628 3545 680 3595 cei.
712 3542 811 3594 Eiectos
830 3544 911 3596 bomo
931 3545 978 3595 aut
998 3541 1072 3596 exsul
1093 3545 1147 3606 esi,
1170 3543 1215 3607 qui
1232 3555 1298 3594 sene
1313 3542 1470 3607 procurator
1486 3554 1547 3594 asse
1563 3556 1617 3595 444

296 3627 417 3692 poterat,
443 3628 489 3677 444
512 3627 655 3691 naufragus
680 3628 708 3679 44
729 3629 830 3679 terram
851 3629 964 3691 eiectus,
990 3628 1063 3692 quod
1084 3625 1224 3679 ridiculum
1245 3629 1294 3679 est.
1320 3623 1369 3677 Vel
1389 3626 1455 3678 ordo
1471 3626 1617 3679 uerborum

296 3710 426 3763 mendum
442 3712 572 3774 ostendit,
596 3712 668 3777 quod
686 3723 748 3762 cum
764 3712 870 3777 pridem
886 3714 1038 3765 coniectura
1055 3711 1235 3775 sustulissem,
1256 3712 1310 3763 vidi
1325 3713 1419 3777 postea
1435 3710 1519 3763 tribus
1535 3710 1616 3764 codd.

297 3798 410 3859 04444,
434 3808 505 3847 nuno
527 3794 617 3848 mullis
639 3794 736 3847 Kelleri
756 3796 890 3861 redargui.
920 3797 1030 3863 Scripsit
1052 3798 1123 3847 enim
1140 3796 1246 3848 Cicero:
1274 3796 1352 3849 Crede
1368 3795 1477 3859 44444444
1492 3795 1618 3848 electam

298 3882 367 3945 lesse
384 3879 446 3931 data
462 3892 545 3946 opera
563 3882 591 3933 et
605 3880 745 3934 fraudandi
761 3880 880 3945 consilto)
896 3882 1018 3933 bominem
1033 3886 1143 3947 epentesis
1160 3882 1211 3932 cet.
1230 3881 1339 3934 44444444.

363 3965 378 4030 S
395 3965 436 4018 64.
454 3978 482 4031 p.
501 3966 546 4029 48,
564 3965 580 4016 3
596 3978 657 4031 sqq.
673 3964 716 4017 td
731 3966 855 4017 codicum
871 3966 967 4018 indicia
983 3966 1088 4019 accedit
1103 3966 1251 4017 sententiae
1267 3964 1456 4017 testimonium.
1483 3962 1528 4015 4414
1545 3964 1617 4017 anim

296 4049 367 4101 ouius
385 4056 538 4114 procmoeor
555 4065 607 4101 444
628 4050 714 4101 misto
734 4050 830 4101 iudicio
848 4052 972 4115 occeperit
987 4054 1039 4103 444.
1062 4052 1101 4103 444
1117 4050 1253 4112 dicuutur,
1275 4049 1352 4114 quasi
1367 4048 1475 4100 Alienus
1490 4048 1617 4101 iudicium

296 4133 403 4199 aliquod
420 4136 541 4201 accipere
558 4134 685 4196 notuerit,
704 4134 775 4199 quod
793 4137 885 4186 contra
901 4137 951 4186 cst.
973 4136 1033 4199 lpsn
1049 4137 1139 4186 sutem
1150 4134 1233 4185 oratio
1245 4134 1341 4185 miram
1351 4132 1433 4184 babet
1443 4132 1617 4186 offensionem

296 4221 324 4271 in
340 4220 392 4271 bac
411 4222 568 4285 repetitione
590 4220 661 4271 44444
678 4224 881 4283 procurator„
891 4220 962 4270 cuias
975 4224 1131 4281 procurator
1146 4220 1203 4270 siue
1219 4216 1271 4268 4414
1287 4218 1372 4282 figura
1388 4217 1528 4269 rhetorica.
1555 4219 1617 4271 tithi

297 4306 391 4358 Cicero
408 4305 477 4357 baec
493 4304 550 4357 sola
567 4305 706 4370 scripsisse
718 4302 836 4355 videtur:
855 4304 1110 4367 caedecatitae„
1120 4303 1165 4353 boc
1181 4304 1221 4353 tus
1236 4303 1263 4353 44
1279 4302 1378 4353 44444444
1388 4303 1530 4365 consideat,
1547 4303 1618 4354 euius

294 4395 448 4456 procwctcr
464 4403 482 4440 a
495 4394 614 4453 praetore
630 4389 742 4440 44444444
757 4389 885 4453 oppetiere
900 4401 977 4439 curus
991 4389 1036 4450 rit,
1055 4401 1111 4439 eum
1126 4401 1176 4438 eor
1193 4388 1289 4451 44444444
1305 4388 1356 4439 444.
1374 4388 1485 4439 mauro.

362 4476 378 4540 5
395 4475 437 4525 49.
455 4488 482 4539 p.
501 4474 542 4534 49,
559 4474 585 4526 8.
603 4474 643 4525 Ad
659 4472 801 4525 lectionem
816 4486 910 4524 4444444
924 4474 1014 4537 cupisti
1030 4472 1099 4525 coni.
1116 4486 1165 4537 pro
1182 4472 1276 4524 ilosoio
1291 4473 1381 4524 Amor.
1399 4471 1414 4536 5
1432 4471 1463 4523 43
1479 4485 1506 4537 4.
1519 4471 1560 4535 33,
1574 4472 1614 4523 43.

362 4560 379 4625 ς
395 4560 437 4611 44.
454 4572 481 4625 p.
493 4559 535 4620 ao,
548 4559 573 4608 t.
590 4560 791 4610 444444444ωά44
805 4559 883 4610 borae
897 4559 933 4609 od
948 4558 1083 4609 arbitriren
1099 4562 1219 4609 44444444.
1233 4582 1261 4593 -
1278 4556 1358 4607 ludere
1373 4555 1425 4619 ipse
1441 4555 1543 4609 4444444.
1560 4555 1616 4607 td-

297 4646 430 4697 versarius
445 4640 563 4709 superbe
580 4643 759 4707 iniquissimas
775 4642 870 4708 agendi
886 4641 959 4708 leges
976 4644 1097 4703 Quinctio
1113 4640 1286 4709 praescribii;
1312 4641 1356 4691 bic
1373 4653 1419 4693 ees
1436 4638 1527 4691 subire
1544 4640 1617 4704 cogi-

297 4733 349 4781 tur.
377 4728 430 4780 Sed
451 4726 569 4793 superbe
588 4728 699 4779 44444444
715 4742 770 4779 444
785 4727 910 4779 convenit
924 4728 1083 4792 gerundium
1096 4727 1308 4789 444444444ωά44,
1330 4724 1422 4775 timide
1439 4723 1545 4776 cedenti
1561 4737 1616 4777 non

298 4815 382 4879 magis
398 4814 466 4865 baec
483 4810 569 4864 4444444
584 4813 669 4877 parati
684 4812 795 4863 fiducia:
812 4813 889 4863 iadeer
903 4813 956 4876 ipse
970 4812 1078 4871 oroebm
1098 4810 1212 4862 verbum
1228 4811 1319 4861 444444
1335 4810 1423 4875 ipsum
1439 4809 1542 4860 arcendi
1558 4810 1615 4874 (444

298 4912 331 4951 44
348 4898 421 4963 quod
438 4900 493 4949 est:
516 4898 635 4959 resistet,
658 4896 766 4949 obviam
781 4896 829 4947 ibit
844 4899 949 4949 vestrae
966 4895 1117 4962 superbiae)
1135 4884 1253 4961 ineptum
1270 4898 1319 4947 est.
1349 4892 1432 4946 codd.
1449 4894 1617 4956 praestitueri-

299 4985 359 5035 dum
375 4984 403 5035 et
418 4970 552 5035 4444444444.
578 4982 671 5032 Omnia
687 4981 755 5033 baec
772 4980 911 5034 tribuendo
928 4982 1081 5033 adversario
1099 4982 1126 5031 ei
1135 4981 1175 5031 sic
1185 4978 1342 5031 scribenda:
1361 4977 1616 5029 Praestitueotur

297 5068 377 5119 beroe
392 5067 427 5117 cd
442 5066 576 5117 4444444444
590 5071 716 5129 emines,
734 5067 811 5117 tudes
825 5067 877 5130 ipre
891 5064 1090 5116 coercebitur.
1110 5063 1146 5128 (ld
1159 5064 1229 5114 enim
1246 5062 1334 5114 444444
1346 5064 1434 5114 444444
1445 5064 1521 5114 erant
1537 5061 1615 5127 833.)

298 5154 365 5204 Tum
381 5152 517 5212 Quinctius
534 5152 609 5215 quasi
627 5149 702 5216 plurs
717 5152 829 5217 imperis
845 5150 1017 5216 exspectans:
1042 5149 1107 5213 Quid
1122 5146 1194 5199 tren?
1210 5175 1243 5186 -
1260 5146 1413 5213 Respondet
1427 5146 1612 5199 aduersarius:

257 5269 259 5275 ι
298 5237 335 5289 444
350 5236 460 5300 diruere
474 5237 527 5289 cet.
544 5236 654 5289 4444444.
