4009 6159
667 606 741 670 cn.
764 604 988 669 rvr-xvir.
1015 600 1073 687 ss.
1094 599 1240 669 ra-rs.
1548 601 1611 665 roo

288 774 434 838 crudeles
450 774 580 839 insidias
595 773 641 837 rei
657 774 804 857 publicae
818 775 932 849 lactas,
955 782 987 837 et
1000 792 1052 835 me
1066 774 1268 857 potissimum
1282 772 1423 848 consule,
1446 774 1613 857 putarem?

288 868 382 945 Quod
406 869 434 932 si
455 868 519 931 iam
540 887 643 931 essem
666 867 784 931 oblitus
806 868 982 931 severitatis
997 875 1029 930 et
1043 868 1238 931 constantiae
1256 887 1361 942 meae,
1383 874 1489 930 tamne
1504 886 1613 931 amens

288 982 389 1037 eram,
411 969 463 1037 ut,
493 981 563 1025 oum
585 962 708 1025 litterae
730 962 924 1045 posteritatis
951 980 1046 1024 causa
1076 970 1220 1044 repertae
1250 965 1330 1038 sint,
1360 981 1443 1046 quae
1469 960 1613 1027 subsidio

287 1056 440 1120 oblivioni
462 1076 531 1119 esse
553 1063 699 1139 possent,
730 1075 788 1139 ego
810 1063 969 1119 recentem
991 1063 1136 1138 putarem
1157 1057 1339 1120 memoriam
1361 1060 1465 1121 cuncti
1485 1066 1615 1122 'senatus

287 1150 512 1213 commentario
533 1169 605 1213 meo
628 1170 721 1233 posse
744 1150 907 1234 superarit
942 1145 992 1212 ld.
1015 1151 1095 1215 Fero
1117 1170 1176 1233 ego
1201 1159 1251 1226 te,
1273 1154 1451 1235 Torquate,
1472 1154 1536 1217 iam
1557 1155 1638 1218 du-rs

287 1241 378 1319 dum,
400 1243 486 1319 lero,
509 1251 541 1307 et
561 1263 803 1328 nonnumquam
824 1244 964 1308 animum
979 1245 1143 1308 incitatum
1156 1246 1197 1309 ad
1210 1246 1424 1310 ulciscendam
1439 1248 1615 1311 orationem

287 1344 372 1400 tuam
393 1358 507 1402 revoco
528 1338 597 1423 ipse
620 1346 651 1401 ct
672 1340 818 1413 ressecto;
840 1340 988 1423 permitto
1010 1339 1132 1423 aliquid
1153 1340 1335 1404 iracundiae
1356 1349 1445 1416 tuae,
1475 1341 1516 1404 do
1539 1339 1616 1403 ado-

286 1431 473 1508 lescentiae,
495 1434 572 1496 cedo
594 1433 770 1508 amicitiae,
793 1433 897 1497 tribuo
920 1435 1055 1517 parenti.
1099 1435 1162 1497 Sed
1182 1436 1246 1498 nisi
1261 1436 1317 1498 tibi
1332 1435 1473 1519 aliquem
1488 1435 1616 1499 modum

287 1533 353 1590 tute
374 1527 597 1602 constitueris,
628 1546 722 1609 coges
745 1547 794 1590 me
824 1528 958 1591 oblitum
979 1538 1108 1591 nostrae
1136 1530 1293 1594 amicitiae
1322 1528 1439 1592 babere
1460 1531 1616 1592 rationem

288 1640 377 1684 meae
399 1620 568 1703 dignitatis.
611 1623 710 1685 Nemo
738 1642 890 1704 umquam
917 1642 968 1686 me
996 1624 1180 1686 tenuissima
1209 1623 1392 1707 suspicione
1421 1623 1616 1707 perstrinxit,
1626 1640 1654 1683 ro

287 1734 383 1798 quem
405 1734 470 1778 non
490 1716 697 1798 perverterim
718 1736 755 1778 ac
777 1714 995 1805 perfregerim
1039 1716 1103 1780 Sed
1124 1718 1202 1781 mibi
1217 1719 1279 1781 boc
1294 1717 1403 1781 credas
1418 1717 1530 1781 velim:
1550 1735 1616 1779 non

287 1808 326 1872 iis
348 1808 557 1873 libentissime
580 1810 669 1873 soleo
691 1807 903 1893 respondere,
925 1829 1008 1892 quos
1030 1813 1108 1875 mibi
1126 1813 1237 1875 videor
1249 1812 1399 1876 facillime
1414 1831 1509 1896 posse
1524 1832 1618 1895 supe-

287 1922 366 1967 rare.
409 1898 462 1965 ll.
495 1906 560 1979 Tu,
590 1904 742 1988 quoniam
764 1904 894 1968 minime
917 1905 1043 1987 ignoras
1069 1906 1331 1970 consuetudinem
1355 1905 1481 1970 dicendi
1503 1923 1618 1979 meam,

286 1998 352 2061 noli
385 1997 445 2060 bac
477 1997 607 2061 lenitate
639 2018 721 2062 nova
749 1999 835 2061 abuti
871 2020 957 2074 mea;
990 2000 1056 2064 noli
1087 2000 1213 2064 aculeos
1242 2001 1393 2065 orationis
1421 2021 1527 2076 meae,
1561 2003 1617 2084 qui

286 2091 443 2155 reconditi
472 2098 563 2167 sunt,
593 2112 745 2155 excussos
776 2093 938 2168 arbitrari;
970 2095 1038 2157 noli
1065 2095 1098 2157 id
1124 2096 1253 2159 omnino
1279 2114 1299 2158 a
1326 2116 1377 2159 me
1407 2104 1518 2179 putare
1546 2111 1656 2158 essere

286 2185 454 2260 amissum,
476 2186 504 2248 si
526 2186 604 2269 quid
627 2186 754 2250 esttibi
776 2188 942 2251 remissum
964 2195 1060 2271 atque
1081 2209 1276 2253 concessum.
1314 2188 1393 2254 Cum
1414 2188 1490 2253 illae
1511 2188 1619 2252 valent

286 2280 369 2363 apud
391 2300 443 2343 me
465 2281 686 2343 exeusationes
707 2281 842 2344 iniuriae
865 2289 953 2356 tuae,
976 2282 1075 2346 iratus
1096 2284 1221 2365 animus
1243 2291 1335 2360 brus,
1357 2291 1459 2360 aetas,
1482 2285 1619 2369 amicitia

286 2382 409 2449 noema,
432 2382 499 2437 turn
521 2373 661 2438 nondum
685 2381 789 2438 statuo
812 2382 842 2437 te
864 2376 978 2439 virium
1001 2378 1076 2440 satis
1098 2377 1233 2454 babere,
1255 2386 1292 2441 ut
1313 2398 1372 2461 ego
1387 2366 1493 2442 tecum
1506 2378 1619 2442 luctari

288 2474 320 2531 et
340 2468 491 2550 congredi
513 2467 655 2531 debeam.
699 2470 792 2545 Quod
824 2468 851 2531 si
873 2490 960 2533 esses
982 2492 1042 2533 usu
1064 2481 1161 2556 atque
1187 2479 1289 2537 aetate
1310 2473 1486 2548 robustior,
1517 2493 1620 2537 essem

287 2562 371 2625 idem
394 2562 450 2645 qui
472 2562 578 2636 soleo,
607 2584 680 2626 eum
702 2584 770 2627 sum
803 2564 983 2628 lacessitus:
1014 2586 1097 2629 nunc
1118 2574 1224 2630 tecum
1245 2569 1290 2631 sic
1312 2587 1420 2649 agam,
1453 2567 1563 2631 tulisse
1585 2574 1657 2629 utro

285 2657 394 2739 potius
417 2656 568 2721 iniuriam
591 2677 687 2740 quam
708 2660 868 2723 rettulisse
891 2661 1022 2742 gratiam
1043 2662 1160 2725 ridear.
1204 2662 1302 2725 XVII.
1328 2658 1379 2725 l8.
1401 2664 1512 2747 Neque
1533 2682 1620 2735 vero,

287 2750 365 2833 quid
388 2751 467 2814 mibi
489 2751 643 2827 irascare,
672 2752 850 2836 intelligere
873 2774 1013 2837 possum.
1058 2756 1109 2830 Si,
1140 2756 1322 2840 quodcum
1344 2756 1497 2831 delendo,
1525 2775 1620 2839 quem

286 2853 321 2907 tu
343 2864 491 2920 accusas,
522 2864 578 2908 cur
598 2846 656 2908 tibi
681 2868 739 2931 ego
762 2868 826 2911 non
849 2867 1038 2924 suscenseo,
1066 2850 1153 2933 quod
1174 2870 1303 2914 accusas
1325 2870 1413 2926 eum,
1443 2870 1539 2933 quem
1561 2869 1620 2932 ego

287 2939 448 3003 defendor
482 2938 648 3003 Inimicum
671 2960 748 3024 ego,
770 2942 892 3025 inquis,
916 2963 1031 3006 accuso
1046 2963 1161 3007 meum.
1194 2944 1235 3007 Et
1256 2945 1391 3007 amicum
1407 2964 1466 3029 ego
1483 2944 1620 3007 defendo

288 3052 403 3097 meum.
437 3034 509 3097 Non
531 3033 629 3097 debes
651 3041 686 3098 tu
709 3055 902 3119 quemquam
924 3038 957 3100 in
979 3037 1206 3101 coniurationis
1228 3039 1417 3120 quaestione
1439 3036 1658 3101 defenderem

287 3128 386 3190 lmmo
407 3147 502 3191 nemo
524 3129 624 3211 magis
647 3148 740 3204 eum,
763 3129 802 3192 de
826 3150 891 3213 quo
914 3131 994 3193 nibil
1016 3151 1167 3214 nmquam
1189 3140 1237 3196 est
1251 3132 1448 3215 suspicatus,
1471 3151 1568 3215 quam
1581 3132 1620 3206 is,

287 3222 342 3304 qui
366 3223 407 3286 de
431 3221 502 3312 aliis
533 3222 632 3287 multa
662 3223 820 3306 cogitavit.
864 3224 926 3287 Cur
956 3224 1064 3289 dixisti
1093 3226 1307 3289 testimonium
1333 3227 1366 3289 in
1393 3227 1494 3289 aliosi
1539 3226 1622 3303 Quia

288 3325 415 3381 coactus
445 3336 524 3380 sum.
577 3316 640 3380 Cur
673 3318 813 3381 damnati
847 3321 943 3382 sunt‘i
993 3318 1077 3394 Quia
1105 3319 1261 3383 creditum
1292 3327 1349 3384 est.
1401 3322 1545 3404 Regnum
1573 3329 1621 3384 est

289 3578 363 3630 cuins
386 3576 487 3642 reliqua
509 3576 588 3629 lectio
610 3579 698 3641 ignota
721 3580 776 3642 est,
804 3579 886 3632 luisse
908 3582 1029 3633 traditur.
1061 3584 1203 3634 Garatonio
1228 3596 1337 3647 quoque
1353 3583 1467 3649 probata
1484 3586 1525 3635 est
1540 3582 1620 3636 lectio

288 3654 348 3705 cod.
367 3655 387 3705 Τ
403 3656 431 3705 in
449 3654 510 3704 Cur.
529 3667 600 3715 seo,
622 3655 671 3705 nisi
689 3654 762 3717 quod
778 3668 827 3719 pro
845 3657 921 3706 etiam
937 3655 1081 3720 legendum
1098 3671 1159 3709 esse
1172 3660 1319 3709 existimat:
1339 3664 1362 3708 et
1378 3664 1438 3709 tum.
1466 3659 1619 3711 lectionem

287 3726 421 3793 vulgatam
437 3727 558 3792 pluribus
576 3728 728 3781 nominibus
746 3731 866 3782 vitiosam
883 3745 943 3783 esse
961 3735 1085 3797 apparet;
1103 3746 1166 3784 nam
1184 3734 1209 3794 4)
1223 3732 1287 3784 laisa
1298 3736 1341 3784 est
1350 3735 1445 3798 positio
1457 3748 1501 3784 vv.
1513 3740 1537 3785 et
1547 3737 1619 3785 aare.

286 3804 392 3854 iusidias
410 3817 460 3870 pro
480 3806 591 3855 cardeles
606 3806 711 3856 insidias
726 3811 749 3856 et
766 3806 807 3869 (cl.
826 3818 906 3871 supra
923 3806 938 3871 5
956 3808 997 3868 to,
1015 3822 1042 3873 p.
1060 3809 1118 3870 iol,
1136 3810 1165 3869 7,
1187 3807 1234 3859 ubi
1251 3808 1316 3858 item
1333 3807 1439 3872 vulgata
1456 3810 1548 3860 vitiosa
1565 3809 1621 3860 lue·

286 3880 350 3943 rati3
376 3878 400 3941 Β)
422 3877 540 3931 insoleus
562 3882 604 3931 est
624 3879 723 3931 locutio
745 3882 849 3931 iusidias
870 3883 898 3933 iv
913 3896 967 3933 rem
979 3897 1008 3945 p.
1026 3884 1123 3947 socae,
1150 3884 1233 3934 etiam
1248 3881 1402 3934 insolentior
1418 3882 1499 3934 altera
1517 3884 1621 3935 metatus

286 3959 446 4018 venelitatem
465 3957 489 4021 3)
501 3959 595 4009 vitiosa
606 3953 710 4022 partitio
721 3962 746 4009 et
755 3986 770 3995 -
778 3986 792 3996 -
802 3964 825 4009 et
831 3958 988 4021 potissimum
999 3970 1049 4021 pro
1059 3971 1117 4007 cmv
1126 3984 1142 3995 ·
1151 3984 1166 3995 -
1176 3963 1243 4019 tum;
1261 3957 1285 4021 l)
1297 3970 1423 4021 arrogans
1434 3959 1549 4025 denique
1560 3974 1621 4013 sen-

288 4034 383 4095 tentia,
401 4034 424 4084 si
438 4034 536 4084 Cicero
553 4033 654 4085 insidiis
671 4033 722 4085 sibi
739 4034 847 4084 abactis
863 4030 923 4096 plus
940 4031 1078 4082 tribuisset
1095 4046 1177 4096 quam
1195 4034 1226 4083 iis
1243 4044 1313 4095 quae
1328 4034 1369 4082 rei
1385 4047 1412 4098 p.
1431 4034 1517 4087 lectae
1534 4042 1618 4089 erant.

289 4134 316 4144 -
334 4109 359 4159 Β.
378 4109 400 4159 ei
416 4114 470 4159 tum
485 4109 506 4159 B
524 4135 552 4147 -
570 4106 595 4159 l.
610 4110 707 4172 possiet
722 4110 768 4160 Bs
786 4134 814 4144 -
834 4109 859 4158 6.
877 4108 1010 4157 incitatum
1025 4108 1044 4157 Β
1063 4112 1123 4172 post
1139 4114 1211 4159 tcum
1227 4107 1317 4157 babet.
1333 4134 1361 4146 -
1373 4109 1404 4159 Β.
1419 4114 1541 4171 prunido
1556 4112 1617 4162 Β-

287 4184 476 4235 emesenum.
494 4185 570 4235 coedo
584 4186 604 4235 Τ
621 4186 734 4248 (rovredo
751 4185 820 4237 coni.
832 4182 955 4247 Ernesti).
969 4208 997 4218 -
1017 4184 1134 4243 tutelli,
1153 4183 1218 4244 Ert,
1231 4181 1312 4233 codd.
1324 4181 1452 4234 Rubenii:
1470 4186 1539 4236 mter
1555 4186 1576 4237 Β
1590 4213 1617 4224 -

287 4258 312 4310 9.
330 4272 369 4311 me
385 4258 487 4310 oblitum
502 4261 537 4311 B:
563 4260 665 4312 oblitum
681 4275 734 4312 om.
754 4263 786 4323 T;
815 4260 917 4312 coldum
932 4271 973 4309 me
988 4258 1038 4309 ΒΟ
1057 4284 1085 4293 -
1113 4258 1153 4308 ro.
1170 4272 1284 4321 aequum
1300 4270 1340 4309 me
1355 4258 1390 4319 Ti
1415 4272 1456 4310 me
1470 4273 1584 4321 mrquum
1600 4262 1619 4311 B

289 4359 317 4373 -
333 4336 548 4398 perbimeit‘l
567 4360 593 4373 -
617 4338 658 4389 44.
674 4338 838 4401 peremtorias
854 4348 885 4385 ue
899 4334 1065 4398 perfregerim
1081 4333 1189 4397 scripsi:
1211 4334 1394 4396 promerterr'm
1410 4348 1442 4384 uc
1454 4337 1621 4401 perfregeris

287 4410 355 4473 Erl.;
378 4412 544 4474 perverterim
564 4417 609 4463 out
631 4412 796 4477 perfregerim
811 4414 844 4473 T,
868 4410 1019 4473 percuterem
1040 4406 1093 4471 (vel
1115 4408 1270 4471 praeterire)
1296 4422 1328 4459 cc
1348 4410 1514 4474 pertrepertm
1540 4410 1619 4463 codd.

288 4485 400 4539 liubenii
416 4488 445 4537 et
461 4488 614 4548 Parcensis3
630 4489 781 4550 percrrtrrtm
798 4492 873 4548 atqrre
888 4485 1053 4549 amfreputm
1069 4484 1089 4533 B
1108 4482 1149 4545 (cl.
1168 4482 1203 4533 ad
1220 4496 1280 4549 pag.
1299 4484 1362 4546 tit,
1381 4484 1436 4547 48);
1456 4488 1622 4548 perverterim

288 4561 306 4610 S
323 4564 350 4613 et
366 4560 447 4613 codd.
465 4560 602 4625 vulgarem
626 4565 807 4626 praeverterim
824 4563 854 4613 0.
887 4561 925 4612 Cl.
944 4559 1025 4623 Scyll.
1044 4572 1071 4623 p.
1090 4559 1122 4611 53
1139 4571 1180 4623 sq
1206 4586 1234 4596 -
1258 4559 1298 4609 lt.
1316 4558 1389 4610 birli
1413 4571 1440 4597 —
1467 4560 1507 4612 43.
1526 4563 1622 4613 emendi

288 4638 488 4699 emmretvdirrem
503 4638 523 4687 Β
543 4664 572 4674 -
590 4635 631 4688 rt.
650 4638 750 4689 bonate
765 4650 833 4688 nova
849 4638 882 4688 T:
906 4650 974 4687 aovo
991 4635 1091 4685 enimse
1107 4635 1156 4685 ΒΟ
1175 4636 1328 4691 -erotioeir
1343 4636 1363 4686 T
1382 4662 1410 4673 -
1428 4637 1470 4687 it.
1488 4638 1588 4687 omme
1605 4651 1622 4687 u

289 4712 877 4776 mepornrerzpmeremnmeeemeno-
897 4709 1412 4763 to.amtcemErr.r13:emmms-
1432 4712 1622 4762 tttvueiviv-

288 4787 493 4839 mormil-
511 4787 693 4839 ⁴8.cvmli-
714 4786 1134 4839 l9.vrvom.T-ti.retutiere
1149 4786 1397 4837 mei-verrii·
1416 4786 1620 4853 rectoreque:

289 4861 816 4926 tibiquoquetprelto-mrcmseol':
835 4862 1157 4924 svmeveolio-quod
1176 4862 1360 4914 mametis:
1380 4862 1620 4924 palummum

290 4936 334 4999 qul
349 4948 453 4987 oceane
469 4936 635 4989 Schuetzius.
655 4963 683 4975 -
701 4934 743 4989 tl.
761 4936 891 4987 tetmicrm
905 4950 951 5001 epo
967 4938 1002 4987 T:
1025 4950 1071 5000 epo
1087 4950 1141 4988 om.
1159 4937 1209 4989 ΒΟ
1227 4964 1255 4973 -
1273 4937 1574 5000 omicrm1teirrsicuml
1592 4963 1620 4973 -

289 5024 335 5077 epo
351 5024 405 5064 orn.
423 5014 448 5065 Β
464 5040 491 5052 -
516 5018 545 5065 tu
560 5013 622 5067 TB:
641 5017 725 5064 tumea
741 5013 836 5064 ΒΟ-
852 5025 1005 5075 qvmrqvum
1019 5013 1047 5062 te
1064 5014 1096 5063 S:
1113 5014 1142 5062 ie
1158 5025 1213 5063 om.
1226 5012 1283 5063 ΤΒ.
1303 5012 1342 5063 cl.
1361 5024 1443 5076 supra
1458 5025 1486 5076 p.
1498 5012 1561 5072 755,
1579 5011 1621 5066 il.

289 5114 324 5126 -
338 5088 514 5150 ibsrvmvum
530 5092 565 5139 ert
581 5090 614 5139 l’:
633 5093 669 5139 eet
683 5100 805 5151 vmqvam
818 5089 869 5138 Bo
886 5089 914 5139 et
929 5087 993 5149 Eri,
1011 5085 1169 5148 utvidetnr;
1187 5088 1447 5151 mammaema-
1466 5088 1508 5137 at.
1526 5084 1625 5136 matra

289 5163 333 5225 qut
349 5163 369 5214 Β
388 5186 416 5200 -
435 5164 555 5229 eopttooit
570 5164 658 5216 Tus:
681 5164 797 5228 ocprroott
811 5162 903 5215 Lamb.
924 5166 952 5214 et
967 5162 983 5213 3
1000 5161 1080 5213 codd.
1099 5162 1323 5227 Lagomarsiniani
1339 5164 1407 5214 teste
1424 5160 1579 5213 Niebuhrio.
1593 5185 1621 5195 -

289 5238 330 5289 28.
349 5242 450 5291 marem
465 5252 522 5290 arev
537 5239 572 5303 Β,
596 5240 625 5289 ut
641 5236 782 5291 Huldricus
800 5238 928 5291 coniecit:
953 5250 1009 5288 mm
1026 5250 1079 5288 om.
1098 5237 1185 5289 sno.
1209 5237 1248 5289 Cf.
1266 5239 1293 5289 in
1309 5238 1386 5288 verr.
1398 5237 1447 5300 111,
1466 5235 1491 5300 s.
1509 5234 1554 5285 89:
1573 5234 1625 5285 &rr

288 5310 367 5375 seeo?
383 5318 485 5365 moetus
501 5318 550 5366 ert:
567 5314 624 5377 qvir
638 5312 684 5365 icoo
700 5312 783 5365 time?
799 5317 852 5365 totu
868 5312 964 5366 motem.
985 5341 1013 5353 -
1031 5314 1165 5378 emmau
1179 5313 1208 5364 Τ.

329 5401 499 5459 uenenis.
1359 5403 1401 5470 te
