4009 6159
393 578 476 648 9939
769 585 961 650 subnuba
981 586 1036 651 ET
1058 585 1327 652 CORRIGENDA.

460 752 568 819 stip.
586 751 632 815 89,
650 752 692 805 se.
718 752 1479 817 tormentaretminprabnetnircupidruatderene,
1498 753 1725 817 psit,uetadere

393 837 472 887 iodea
490 837 583 900 9999999,
607 839 674 889 testie
696 842 769 898 nret;
789 850 857 889 nnnc
878 838 990 888 omnibres
1010 838 1117 888 inimicit
1139 851 1234 889 9999999
1248 843 1284 889 eet
1299 838 1451 889 9999999999
1465 843 1490 889 et
1505 837 1725 889 carnium

392 922 522 984 videatur,
540 922 584 985 aui
600 924 652 974 cet.
678 923 818 974 Sinistrum
835 921 870 973 de
888 920 979 973 Cluvio
996 921 1123 974 indicium
1140 922 1174 973 ad
1191 920 1336 975 malevolos
1348 920 1418 974 solos
1429 922 1594 988 pertinebat,
1612 920 1722 972 bonum

394 1007 421 1057 et
436 1005 612 1057 honorificum
629 1006 663 1057 nd
680 1020 784 1058 omnes.
810 1005 907 1058 Saltem
926 1004 1099 1059 scribendum
1116 1007 1186 1058 eret:
1208 1005 1334 1069 omnibns,
1352 1008 1428 1057 etiam
1444 1006 1558 1057 99999999.
1585 1006 1639 1057 sed
1654 1019 1723 1057 om-

394 1090 456 1141 nino
478 1090 669 1142 inientmiarnm
690 1093 778 1156 inepta
800 1091 844 1142 hia
865 1090 1021 1154 significatio
1039 1092 1079 1142 est
1099 1104 1150 1141 nec
1165 1089 1248 1142 ullum
1265 1102 1358 1141 earum
1375 1092 1402 1142 in
1418 1089 1519 1155 reliqua
1536 1090 1620 1144 Cluuii
1637 1102 1723 1141 men-

393 1175 465 1225 tione
487 1176 627 1239 vestigium
649 1178 700 1226 est.
730 1176 788 1227 linc
805 1176 898 1226 Cicero
915 1174 992 1237 dicit,
1016 1174 1039 1225 si
1059 1176 1160 1226 iuratus
1177 1174 1284 1226 Cluvius
1301 1175 1417 1237 diceret,
1440 1188 1509 1239 qnae
1527 1175 1612 1237 dicet,
1635 1186 1721 1239 posse

394 1270 456 1309 eum
473 1257 584 1311 99999999
601 1261 680 1311 nimis
697 1260 824 1325 cupidum
840 1259 938 1319 videri,
962 1272 1017 1310 non
1034 1262 1123 1310 nmen
1141 1258 1265 1310 omnibus
1282 1272 1333 1310 nec
1350 1260 1417 1311 iuste
1435 1258 1647 1320 aestimantibus,
1665 1258 1720 1309 aad

391 1341 523 1406 inaproiir3
541 1357 624 1407 nunc,
643 1356 727 1410 quum
743 1345 872 1395 iniuratus
888 1344 973 1405 dicat,
997 1345 1096 1395 nemini
1114 1345 1221 1395 omnino
1238 1344 1263 1393 in
1281 1344 1461 1409 suspicionem
1477 1344 1584 1405 venire,
1604 1355 1718 1408 prorsus

392 1427 517 1479 omnibus
534 1430 713 1481 oesbsaimnm
729 1430 881 1481 necessario
892 1428 985 1479 rideri.
1012 1431 1129 1493 Apparet
1147 1426 1290 1479 tollendum
1302 1440 1363 1479 esse
1380 1428 1495 1479 tnirnicin
1521 1426 1552 1479 ld
1568 1428 1656 1477 crtum
1673 1430 1719 1478 est

393 1526 426 1564 ex
442 1512 561 1576 nardo
577 1514 633 1566 eive
651 1516 676 1565 ei
692 1512 839 1579 explicandi
856 1526 937 1565 causa
954 1512 1118 1579 adscriptum
1136 1514 1182 1563 eut
1201 1514 1288 1577 potius
1305 1512 1376 1577 quod
1394 1511 1501 1577 aliquis,
1524 1512 1670 1564 sententiaa
1688 1514 1719 1561 et

393 1597 520 1648 erutonis
537 1597 621 1649 inrme
637 1611 691 1650 non
708 1601 864 1665 perspecte,
882 1598 1067 1663 improborum
1085 1598 1248 1649 mentionem
1265 1595 1346 1648 etlam
1362 1598 1388 1647 in
1404 1596 1488 1648 altero
1505 1596 1629 1649 membro
1646 1596 1718 1647 desi·

393 1681 497 1733 deravit
512 1685 542 1733 et
557 1683 658 1734 mutato
675 1682 805 1735 vocabulo
822 1683 931 1734 addidit.
949 1685 1058 1735 9999999,

459 1795 510 1841 pro
524 1786 621 1832 huia.
644 1776 659 1841 3
675 1776 708 1828 99
725 1791 751 1842 p.
764 1776 806 1839 98,
824 1777 865 1829 89.
887 1778 976 1827 Videtis
989 1782 1119 1840 praetcrea
1133 1790 1179 1840 per
1195 1776 1238 1826 999
1254 1788 1335 1826 annor
1349 1775 1498 1826 intercedere
1513 1774 1559 1825 tac
1575 1774 1716 1838 [interdicto

392 1860 458 1911 cetat
475 1861 547 1926 inter]
564 1876 604 1912 me
619 1867 643 1912 et
658 1863 695 1913 lt.
714 1861 846 1912 9999999999
862 1864 913 1912 999.
940 1863 1033 1926 Neque
1055 1864 1162 1926 praetor
1178 1860 1306 1911 intercedit
1322 1872 1410 1922 neque
1428 1860 1568 1923 qnisquam
1585 1860 1715 1910 interdicta

396 1943 467 2009 (ubl.)
484 1946 621 1997 intercedit.
648 1946 743 1997 Cicero
754 1946 912 2010 scripserat:
927 1959 976 2009 per
991 1946 1035 1996 bor
1050 1959 1130 1997 annor
1145 1945 1334 1996 interdicere
1349 1944 1394 1995 leuc
1412 1944 1540 2010 [eaeespta
1557 1946 1625 1996 cetat
1639 1943 1713 2009 99999]

392 2042 433 2080 nte
448 2034 471 2080 et
487 2030 523 2081 li.
542 2029 683 2081 Glandinm.
702 2031 811 2082 9999999.
1591 2021 1594 2029 ⁴

460 2113 524 2177 835
541 2126 584 2178 sq.
603 2127 629 2179 p.
648 2114 690 2176 97,
709 2114 739 2165 98
762 2114 925 2165 succinuntur
944 2128 1028 2166 999999
1047 2115 1077 2166 de
1096 2116 1171 2166 siniti
1192 2128 1270 2166 cauea
1289 2126 1384 2166 necesse
1398 2118 1441 2164 eet
1468 2114 1519 2164 iloc
1534 2114 1628 2175 ectum,
1650 2112 1715 2163 bona

393 2198 531 2249 9999999999
553 2198 631 2264 ptdel,
653 2199 675 2249 ti
694 2199 740 2249 bac
759 2200 839 2250 scirem
859 2204 932 2263 ercet,
955 2206 1040 2251 999999
1061 2214 1105 2250 ecs
1121 2202 1172 2251 oet.
1199 2202 1290 2264 Neque
1307 2198 1377 2250 bone
1398 2198 1465 2249 tides
1482 2198 1527 2248 hic
1542 2196 1625 2249 babet
1641 2196 1714 2261 qnod

394 2284 468 2346 egat,
487 2295 574 2346 neque
591 2281 723 2334 ablativus
740 2282 783 2335 illo
799 2282 858 2335 loco
875 2285 1047 2351 interpositus
1064 2283 1170 2348 intelligi
1186 2284 1288 2349 potest,
1307 2296 1395 2348 neque
1413 2284 1574 2347 geminatum
1591 2278 1654 2331 illud
1670 2282 1715 2331 tac

393 2366 474 2417 999999
490 2368 518 2418 99
534 2368 588 2417 tem
605 2368 696 2433 inepto
713 2380 775 2419 oum
793 2366 912 2433 pondere
929 2370 1111 2434 praepositum
1128 2371 1236 2433 temque
1252 2380 1393 2435 perverse:
1412 2368 1457 2417 tac
1467 2366 1558 2429 999999,
1576 2366 1598 2416 ri
1613 2366 1658 2416 tac
1673 2380 1714 2416 99-

394 2451 455 2502 hen.
480 2450 657 2503 scribendum
678 2454 720 2503 est
741 2451 852 2504 subistis
869 2452 975 2504 duobus
991 2452 1143 2515 vocubulis.
1168 2466 1237 2517 (9999
1256 2451 1379 2504 librarius
1396 2465 1486 2503 errore
1504 2452 1577 2515 prins
1593 2450 1712 2514 scripsit,

395 2548 477 2599 quem
500 2535 606 2597 debuit,
633 2536 744 2599 deinde,
771 2550 862 2588 enuere
884 2538 1084 2599 animadverso,
1110 2540 1200 2589 temen
1223 2550 1275 2589 non
1293 2536 1403 2596 delevit,
1429 2539 1459 2587 ut
1474 2548 1556 2602 saepe
1573 2535 1672 2586 iactum
1687 2536 1714 2584 in

393 2621 508 2685 antiquie
529 2620 667 2672 codicibus
686 2621 824 2673 videmus:
845 2622 1008 2673 9999999999
1030 2635 1113 2674 amnes
1127 2621 1203 2672 simili
1218 2623 1248 2673 de
1264 2635 1343 2672 cansa
1357 2633 1452 2671 neceere
1468 2624 1515 2683 ert,
1537 2619 1602 2671 bona
1617 2620 1714 2670 999999-
1776 2658 1777 2661 9

394 2705 463 2756 cote!
483 2706 512 2756 st
527 2706 573 2756 boc
588 2706 667 2756 999999
684 2710 755 2769 erret,
779 2710 863 2757 99999
879 2708 931 2758 999.
957 2706 1062 2758 Acerbe
1080 2707 1173 2757 Cicero
1192 2703 1335 2770 exclamet,
1357 2705 1455 2757 bonam
1472 2702 1628 2757 mehercule
1643 2702 1713 2755 illem

393 2802 454 2841 esse
472 2802 590 2842 eeumm.
607 2790 717 2842 Manno

458 2874 473 2939 3
490 2875 523 2926 88
540 2888 566 2940 p.
586 2875 630 2937 98,
647 2875 672 2927 9.
691 2874 832 2927 tollendus
849 2877 891 2927 est
906 2874 1090 2937 soloecismus,
1109 2876 1155 2939 qni
1172 2877 1213 2926 est
1230 2876 1256 2925 in
1274 2875 1325 2927 bec
1342 2876 1494 2940 temporum
1514 2874 1711 2925 coniunctione:

392 2959 480 3011 Dicis
496 2964 609 3023 oportere
625 2961 727 3022 999999,
748 2960 857 3011 mnan
871 2962 908 3011 rt.
928 2960 1001 3011 Tullii
1016 2961 1113 3011 intarta
1130 2960 1203 3011 occid
1220 2964 1321 3011 errent
1339 2972 1423 3010 99999.
1449 2958 1626 3010 scribendum
1642 2958 1715 3009 occisi

392 3043 450 3095 ciet.
472 3045 529 3096 Nec
544 3045 633 3096 minus
649 3057 762 3110 pravum
779 3046 832 3106 est,
851 3044 923 3109 quod
939 3044 1019 3110 paulo
1036 3046 1097 3109 post
1114 3044 1213 3095 editur:
1239 3045 1301 3106 qnid
1316 3044 1447 3094 attinuit
1458 3070 1495 3082 --
1505 3044 1576 3105 pueri
1589 3044 1714 3106 praeterit

392 3128 562 3191 9999999999»,
581 3129 647 3191 quad
663 3129 693 3180 de
709 3129 806 3180 iniuria
820 3142 871 3180 non
888 3128 1066 3180 addiderit?
1082 3130 1163 3180 liecte
1182 3129 1330 3179 liusehkius
1347 3130 1488 3180 addidisset
1506 3128 1616 3181 meua

457 3227 483 3279 p.
503 3214 565 3275 999,
583 3213 607 3265 9.
627 3212 743 3275 Grillius,
762 3212 809 3264 ubi
825 3214 943 3279 disputet
959 3214 993 3265 de
1012 3215 1120 3265 exordio
1138 3214 1277 3274 orationis,
1301 3214 1369 3265 heac
1386 3213 1462 3265 atiert
1479 3225 1506 3277 p.
1524 3212 1581 3265 tn:
1604 3214 1648 3263 «ln
1665 3210 1714 3262 ob-

393 3311 472 3350 scuro
489 3312 587 3363 genere
605 3299 669 3363 quid
686 3298 776 3351 iacere
793 3297 891 3362 debes,
910 3302 940 3350 ut
955 3297 1070 3350 docilem
1087 3298 1168 3349 iacias
1185 3296 1354 3349 auditorem?
1372 3296 1444 3362 quod
1462 3296 1523 3349 iecit
1540 3298 1565 3347 in
1582 3296 1711 3348 Tulliana:

393 3385 424 3435 de
438 3383 486 3433 tac
500 3396 543 3446 re,
560 3383 660 3448 inquit,
678 3384 844 3435 9999999999.»

457 3487 487 3531 in
501 3486 533 3547 0.
548 3484 701 3535 caecfltm
726 3476 741 3541 fi
758 3476 774 3529 9
796 3490 822 3542 p.
841 3478 898 3540 999,
917 3478 929 3528 9
951 3478 1046 3541 [cont.
1073 3477 1122 3527 Sed
1138 3489 1187 3539 pato
1204 3477 1273 3527 coni.
1290 3475 1458 3528 Ruhnkeuius
1477 3476 1506 3526 in
1524 3476 1652 3527 binemus.
1669 3475 1712 3535 ill,

393 3574 420 3627 p.
437 3562 495 3614 999.

459 3647 474 3711 s
492 3647 524 3698 99
540 3659 568 3712 p.
586 3647 644 3709 999,
662 3646 679 3698 9
695 3646 776 3699 scrib
790 3646 899 3709 pueritie.

462 3732 477 3795 5
493 3730 526 3783 99
542 3743 571 3796 p.
589 3732 647 3793 999,
665 3730 698 3783 98
715 3730 795 3782 scrib.
813 3731 942 3781 99999999.

458 3814 473 3879 S
489 3815 522 3867 99
537 3829 565 3881 p.
584 3815 641 3878 998,
660 3816 675 3866 7
691 3815 875 3877 munerari,
893 3814 1020 3879 99999999]
1031 3811 1091 3865 vide
1109 3826 1143 3864 ne
1160 3811 1274 3864 alterum
1285 3811 1398 3872 verbum
1411 3811 1518 3865 alterius
1529 3813 1564 3864 sit
1574 3810 1714 3878 explicatio

393 3914 427 3952 er
443 3902 563 3965 mogins
580 3900 692 3952 adiecta.
713 3900 766 3964 (il.)

458 3999 485 4051 p.
504 3986 566 4048 999,
585 3987 618 4036 99
633 4000 665 4037 99
679 3992 750 4036 mota
765 3986 878 4047 corporis
889 3984 1044 4047 perstrinpat
1061 3982 1117 4045 (eie)
1134 3983 1213 4033 aciem
1229 3982 1322 4047 9999999
1338 3983 1375 4033 tut
1391 3981 1468 4032 alieri
1485 3979 1587 4034 Grillius
1604 3980 1646 4034 iol.
1658 3984 1712 4034 999.

458 4070 473 4135 3
490 4071 522 4121 ec
540 4084 567 4135 p.
586 4068 647 4133 999,
666 4071 705 4121 99.
730 4069 923 4134 corrigendum
938 4067 1058 4117 videtur:
1082 4080 1116 4117 ac
1131 4066 1219 4128 999999
1240 4066 1397 4119 9999999999
1411 4066 1549 4117 misnen
1565 4092 1594 4105 -
1612 4068 1650 4118 ita
1663 4081 1715 4131 pa·

393 4159 466 4205 rator
479 4156 549 4206 99999
567 4182 594 4192 -
612 4154 658 4206 tibi
671 4155 758 4217 torpes
774 4160 810 4205 999
825 4154 917 4215 adenis
932 4152 1096 4214 recipiendae.
1115 4151 1164 4214 (ll.)

459 4238 474 4305 fi
491 4239 523 4291 98
541 4252 567 4304 p.
587 4240 647 4301 lt8,
667 4238 698 4288 98
715 4238 775 4290 tort.
793 4238 969 4289 istiusmodi
987 4236 1039 4299 lii.)

458 4342 487 4387 tn
502 4342 617 4388 verrem
630 4341 692 4388 Aut.
706 4342 727 4387 1.
753 4332 767 4396 5
786 4334 796 4382 9
822 4345 849 4397 p.
868 4330 929 4393 999,
947 4333 974 4381 99
1000 4329 1083 4380 verbu
1105 4342 1170 4392 puae
1188 4342 1255 4379 nmrc
1270 4329 1320 4378 sint
1335 4329 1377 4378 vir
1393 4328 1487 4380 dactus
1504 4332 1594 4382 neseio
1611 4330 1671 4394 quis
1688 4332 1714 4381 in

393 4418 586 4482 Mnemosyncs
602 4418 651 4479 lli,
669 4431 696 4482 p.
713 4418 763 4468 999
780 4415 892 4468 deiende
910 4416 1004 4467 censet
1020 4412 1077 4466 coll.
1096 4427 1123 4479 p.
1137 4412 1194 4474 989,
1205 4414 1246 4463 98.
1270 4411 1345 4463 idem
1361 4414 1481 4465 balterus
1498 4426 1605 4479 qnoque
1623 4415 1650 4465 in
1666 4402 1722 4465 nd-'

395 4504 450 4553 not.
464 4503 612 4568 proposuit.
625 4504 658 4553 At
670 4502 773 4552 confert
782 4500 910 4553 iordanes
922 4501 959 4563 (in
970 4497 1063 4549 litteris
1074 4498 1109 4549 ed
1120 4511 1169 4549 nos
1181 4496 1256 4557 datis)
1268 4509 1296 4562 p.
1309 4497 1366 4558 987,
1379 4498 1421 4549 te.
1439 4498 1497 4559 999,
1510 4498 1534 4551 9.
1548 4500 1606 4559 979,
1618 4498 1649 4549 87
1661 4502 1713 4551 oet.

459 4586 475 4651 s
493 4588 520 4637 99
540 4600 568 4651 p.
586 4588 649 4648 999,
668 4586 693 4637 8.
711 4584 801 4637 Verba
814 4586 914 4647 primas
928 4585 1024 4649 999999
1039 4582 1152 4644 tenoris,
1170 4594 1240 4646 quse
1255 4582 1317 4646 post
1327 4587 1464 4645 9999999999
1479 4580 1609 4647 leguntur,
1628 4583 1716 4635 mani-

393 4671 491 4723 festum
508 4672 572 4723 sunt
587 4670 734 4734 glossema,
752 4669 825 4735 quud
843 4670 978 4720 neminem
995 4667 1083 4718 adbuc
1099 4668 1197 4719 vidisse
1215 4667 1345 4731 estquod
1362 4668 1468 4720 mirere.
1488 4667 1538 4731 (ll.)

459 4755 475 4820 5
493 4756 524 4806 99
541 4768 568 4820 p.
587 4753 650 4815 999,
668 4756 683 4804 7
700 4756 735 4805 ad
750 4754 831 4817 ipercn
846 4754 967 4818 fornicem
982 4753 1122 4803 Fabianum
1139 4750 1216 4803 effert
1231 4750 1317 4802 schol.
1336 4750 1435 4802 Lucani
1450 4752 1493 4815 lv,
1512 4752 1552 4803 te.

460 4841 476 4905 5
493 4840 525 4890 98
541 4852 567 4903 p.
582 4840 638 4901 999,
657 4840 743 4903 9999.
762 4852 840 4901 pann
855 4838 991 4888 9999999999
1006 4850 1047 4888 999
1062 4840 1192 4886 tractasset
1208 4840 1235 4886 et
1250 4837 1311 4886 iam
1321 4840 1409 4898 antea,
1426 4848 1484 4886 cnm
1499 4836 1552 4899 ipse
1563 4840 1716 4900 praetorum

391 4926 503 4990 petisset,
520 4930 551 4975 et
564 4924 690 4988 procerit
705 4924 876 4975 consolabar
887 4923 1073 4984 praewriisqne
1089 4921 1201 4971 coniitiis.
1213 4945 1251 4959 --
1261 4921 1314 4971 Hoc
1324 4921 1388 4971 aiios
1396 4932 1498 4984 manete
1513 4932 1544 4972 99
1556 4922 1650 4972 andere
1660 4923 1713 4972 oet.

394 5010 522 5061 emendet
536 5008 673 5061 lordnnus.

459 5094 475 5159 g
491 5094 524 5145 98
540 5107 567 5158 p.
586 5094 648 5154 996,
667 5093 682 5142 9
703 5106 859 5155 emmaque
878 5096 984 5157 posset
1005 5092 1105 5161 ratione
1121 5088 1332 5141 emundaverunt
1348 5086 1502 5156 Spengelius
1519 5090 1546 5140 et
1562 5090 1603 5139 vir
1619 5089 1715 5142 doctus

394 5180 421 5229 in
437 5181 629 5242 Mnemosynen
645 5178 691 5238 iil,
709 5190 737 5242 p.
754 5178 811 5229 999.

461 5262 476 5329 5
492 5263 524 5313 97
541 5276 567 5329 p.
588 5263 645 5327 998,
663 5263 695 5314 99
711 5261 771 5313 fort.
787 5266 922 5328 propurea
937 5261 1005 5325 qnod
1019 5260 1048 5313 i..
1066 5258 1177 5312 Mutetur
1193 5263 1237 5310 999
1250 5262 1354 5322 praetor
1370 5258 1398 5309 in
1412 5257 1508 5309 Sicilia
1526 5258 1577 5321 (ll.)
