4009 6159
425 535 508 608 4448
815 544 966 609 ortuo
987 545 1067 610 PRO
1090 545 1151 610 ch.
1172 545 1346 612 PLANCIO

264 735 338 835 ff
405 697 509 778 l'ultro
530 719 618 796 pater
638 720 670 778 et
690 715 824 777 maiores
846 716 892 778 tui
912 735 978 780 non
998 716 1185 780 consolandi
1206 718 1252 780 tui
1266 719 1372 800 qratia
1394 697 1642 802 diceqthueque
1664 737 1739 782 vero

426 828 490 893 quo
513 815 544 870 te
564 808 698 872 liberent
717 807 826 892 aliqua
845 809 953 894 culpa,
975 830 1070 894 quam
1093 819 1127 874 tu
1142 811 1259 874 vereris
1280 830 1320 874 ne
1342 833 1360 876 a
1380 819 1411 875 te
1426 821 1571 896 suscepta
1585 811 1739 886 videatur,

425 901 480 966 sed
502 910 538 965 ut
557 910 590 964 te
610 902 649 965 ad
672 903 767 965 istum
787 923 912 966 cursum
934 904 1120 978 tenendum,
1149 924 1243 987 quem
1270 924 1288 967 a
1316 907 1418 988 prima
1439 912 1539 968 aetate
1561 907 1739 989 suscepisti,

424 998 635 1061 cohortentur.
665 995 750 1058 Nihil
771 1004 821 1059 est
842 997 941 1071 enim,
969 998 1046 1061 mihi
1068 997 1177 1071 erede,
1207 1000 1403 1073 Laterensis,
1432 999 1471 1062 de
1493 1007 1524 1062 44
1546 999 1739 1064 detractura:

399 1091 599 1154 sdetractum
620 1091 715 1158 dieo?
737 1091 765 1152 si
786 1090 979 1154 mehercule
1000 1111 1084 1168 4444,
1107 1091 1192 1176 quod
1214 1093 1343 1168 accidit,
1362 1094 1559 1177 interpretari
1582 1094 1670 1168 velis,
1692 1103 1741 1158 est

374 1232 376 1235 .
422 1187 544 1270 aliquid
573 1186 669 1249 etiam
698 1182 737 1246 de
758 1184 873 1247 4444444
901 1181 1106 1266 significatum
1129 1195 1192 1249 tua.
1237 1188 1337 1250 Xllll.
1359 1187 1431 1250 Noli
1453 1188 1537 1272 euim
1559 1189 1740 1253 existimare

422 1301 486 1344 non
513 1300 660 1361 magnum
689 1277 846 1361 quendam
875 1287 995 1342 metum
1022 1278 1121 1344 fuisse
1150 1281 1236 1344 illius
1258 1282 1419 1364 petitionis
1441 1289 1530 1355 tuae,
1552 1281 1592 1343 de
1615 1301 1679 1364 qua
1699 1301 1740 1344 ne

420 1373 543 1458 aliquid
565 1373 685 1436 iurares
707 1370 865 1435 destitisti.
895 1373 1096 1436 Denuntiasti
1117 1375 1211 1439 homo
1234 1374 1434 1448 adolescens,
1458 1374 1534 1458 quid
1556 1374 1596 1439 de
1618 1395 1741 1438 summa

421 1489 456 1532 re
478 1468 607 1551 publiea
628 1467 777 1541 sentires,
806 1464 919 1529 fortius
939 1474 973 1529 tu
997 1467 1126 1550 quidem
1148 1489 1242 1552 quam
1265 1489 1330 1538 nou
1352 1467 1431 1544 nulli
1453 1467 1591 1532 defuncti
1612 1467 1741 1532 honori-

383 1578 412 1624 44
420 1565 496 1639 bus,
518 1563 573 1626 sed
597 1561 737 1644 apertius
760 1579 856 1643 quam
878 1559 928 1622 vel
950 1560 1131 1626 ambitionis
1153 1563 1203 1626 vel
1224 1565 1333 1628 aetatis
1355 1570 1428 1626 tuae
1449 1563 1528 1626 ratio
1550 1562 1740 1647 postulabat.

420 1654 471 1720 53.
494 1656 597 1732 Quem
619 1655 661 1718 ob
682 1674 749 1716 rem
770 1655 804 1716 in
824 1652 1031 1717 dissentiente
1053 1656 1173 1737 populo
1195 1657 1262 1720 noli
1276 1665 1387 1740 putare
1406 1655 1511 1720 nullos
1526 1654 1638 1731 luisse,
1661 1674 1740 1738 quo·

420 1774 490 1815 rum
510 1751 632 1814 animos
652 1757 725 1811 4444
747 1747 801 1811 4444
822 1745 914 1810 sortis
934 1748 1059 1810 animus
1083 1749 1274 1824 4444444444,
1297 1751 1352 1833 qui
1374 1757 1406 1812 44
1428 1750 1589 1812 incautum
1606 1748 1740 1812 fortasse

420 1865 504 1908 nunc
524 1854 579 1907 tuo
600 1843 670 1906 loco
692 1843 861 1904 demovere
882 1849 1067 1923 potuerunt,
1089 1843 1305 1926 providentem
1327 1852 1431 1908 autem
1447 1851 1479 1907 et
1500 1849 1739 1927 praecaventem

419 1958 593 2022 numquam
616 1944 701 2000 certe
722 1935 904 2000 movebunt

381 2045 410 2093 44
502 2036 552 2096 An
574 2040 605 2094 te
625 2030 680 2094 illa
700 2037 886 2112 argumenta
907 2030 1087 2094 duxerunt?
1109 2032 1282 2106 Dubitatis,
1304 2033 1423 2115 inquit,
1446 2031 1525 2115 quin
1540 2031 1634 2094 coitio
1656 2029 1739 2092 facta

236 2129 298 2221 ᾖν
419 2121 569 2208 sit,(cum
590 2126 690 2188 trihus
712 2123 881 2207 plerasque
902 2146 973 2209 epm
994 2126 1105 2189 Plotio.
1118 2125 1227 2213 tulerit
1248 2127 1393 2190 Plancius
1437 2127 1484 2188 An
1507 2146 1572 2190 una
1593 2122 1660 2188 fieri
1680 2144 1740 2208 pe·

419 2229 565 2296 tuerunt,
594 2220 621 2282 si
643 2238 706 2282 una
726 2217 825 2281 tribus
848 2239 912 2280 non
934 2218 1100 2282 tulissent?
1126 2223 1166 2282 At
1186 2240 1251 2282 nen
1273 2220 1375 2282 nullas
1396 2219 1520 2303 punctis
1541 2239 1643 2302 paene
1664 2219 1740 2282 toti·

419 2318 501 2380 dem.
544 2313 687 2397 Quippe,
715 2333 788 2376 cum
815 2312 877 2374 iam
907 2310 980 2375 laeti
1009 2333 1108 2396 prope
1129 2314 1344 2394 superioribus
1366 2312 1500 2377 comitiis
1522 2313 1738 2396 declaratique

418 2412 593 2474 venissent:
615 2426 806 2492 quamquam
828 2427 869 2469 ne
890 2406 922 2468 id
945 2406 1073 2489 quidem
1096 2407 1309 2490 suspicionem
1331 2407 1478 2471 coitionis
1499 2405 1659 2481 hahuerit;
1682 2427 1739 2470 ne·

381 2513 482 2616 teque
511 2503 595 2568 enim
622 2497 773 2585 umquam
795 2500 931 2564 maiores
952 2501 1051 2564 nestri
1073 2502 1270 2566 sortitionem
1292 2502 1530 2566 constituissent
1549 2500 1737 2574 aediliciam,

418 2600 479 2662 nisi
511 2598 654 2663 uiderent
688 2593 831 2658 accidere
858 2613 970 2677 posse,
1001 2602 1039 2658 44
1066 2595 1287 2677 competitores
1316 2613 1408 2678 pares
1437 2595 1591 2677 suffragiis
1620 2603 1735 2658 essent.

417 2689 468 2755 54.
490 2694 531 2756 Et
558 2689 605 2754 ais
633 2688 793 2772 prioribus
822 2685 1156 2772 comitiis(llniensem
1184 2709 1203 2752 a
1230 2683 1474 2793 PlotiojPedio,
1496 2686 1688 2780 (Teretinam
1717 2709 1737 2753 a

417 2787 545 2852 Plancio
567 2785 625 2849 tibi
646 2802 717 2846 esse
739 2785 940 2860 concessam]
962 2801 1048 2844 nunc
1069 2783 1108 2846 ab
1130 2791 1267 2866 utroque
1290 2783 1502 2858 4444444444,
1522 2802 1564 2846 44
1585 2784 1618 2846 44
1638 2801 1737 2864 sngu-

417 2890 501 2946 stum
529 2881 683 2943 venirent.
723 2877 827 2951 Quam
855 2876 1004 2940 convenit
1032 2877 1172 2940 nondum
1202 2877 1327 2960 cognita
1353 2877 1463 2960 populi
1485 2877 1645 2940 uoluntate
1666 2875 1735 2950 hos,

317 2980 323 2992 '
378 2985 498 3062 ttquos
528 2976 590 3038 iam
619 2982 685 3037 tum
710 2971 897 3035 coniunctos
918 2969 1017 3034 fuisse
1039 2970 1137 3046 dicis,
1164 2971 1316 3035 iacturam
1338 2991 1466 3034 suarum
1486 2969 1734 3053 tribuumque

416 3092 473 3138 vos
496 3066 739 3140 adiuvaremini,
760 3064 893 3128 iecisse:
916 3065 1064 3140 cosdem,
1085 3085 1158 3128 cum
1180 3065 1241 3128 iam
1264 3071 1370 3130 essent
1390 3066 1530 3147 experti,
1552 3064 1629 3148 quid
1650 3062 1735 3126 vale-

416 3173 501 3240 rent,
522 3162 685 3227 restrictos
706 3166 737 3222 et
758 3167 885 3222 tenaces
905 3157 1031 3222 tuisse?
1060 3159 1183 3223 Etenim
1204 3159 1409 3233 verebantur,
1432 3160 1536 3233 eredo,
1558 3157 1733 3240 angustias:

284 3272 313 3348 3
416 3260 507 3344 quasi
528 3277 579 3322 res
600 3256 634 3318 in
655 3253 888 3316 contentionem
909 3253 1018 3317 autin
1039 3251 1208 3316 discrimen
1230 3253 1360 3336 aliqqod
1382 3260 1491 3336 posset
1511 3251 1629 3318 venire.
1672 3250 1735 3314 Sed

302 3363 332 3450 ,ι’
415 3363 520 3419 tamen
543 3352 635 3414 tuh.
656 3347 807 3421 Plotium,
830 3346 933 3408 virum
955 3346 1204 3422 ornatissimum,
1226 3348 1259 3410 in
1282 3346 1365 3410 idem
1387 3347 1505 3411 crimen
1523 3344 1696 3410 vocando
1686 3364 1735 3408 ur·

378 3450 503 3512 dedicas
524 3466 598 3510 eum
619 3446 651 3506 te
672 3440 862 3522 arripuisse,
887 3460 907 3502 a
930 3461 993 3523 quo
1015 3460 1081 3505 aon
1102 3442 1145 3506 sis
1166 3449 1303 3523 rogatus.
1339 3443 1417 3504 Nam
1439 3440 1526 3525 quod
1548 3446 1678 3524 questus
1700 3458 1735 3501 es

416 3541 524 3625 plures
550 3546 583 3602 te
609 3543 707 3600 444444
733 3533 850 3598 hahere
874 3534 914 3598 de
939 3535 1079 3598 Voltinia
1104 3554 1199 3617 quam
1222 3542 1307 3641 quot.
1321 3533 1354 3595 in
1378 3554 1415 3598 44
1435 3535 1518 3626 trihu
1545 3539 1660 3616 puncta
1686 3538 1735 3594 tu-

415 3637 505 3709 leris,
534 3632 655 3696 indicas
684 3636 739 3693 aut
766 3648 822 3692 ees
847 3636 942 3693 testes
971 3637 1002 3692 te
1025 3627 1216 3710 producere,
1244 3627 1314 3710 qui,
1341 3629 1418 3711 quia
1439 3647 1585 3691 nummos
1606 3645 1735 3709 accepe-

414 3730 495 3803 rint,
518 3736 548 3791 te
569 3723 806 3808 praeterierint,
827 3730 892 3786 eut
903 3730 934 3784 te
955 3741 996 3784 ne
1019 3720 1152 3804 gratuita
1166 3721 1294 3804 quidem
1317 3739 1426 3786 eorum
1444 3722 1593 3805 suffragia
1613 3719 1733 3784 tulisse.

414 3818 604 3884 xxl11.55.
626 3818 708 3882 lllud
730 3838 805 3880 rere
827 3818 945 3880 crimen
966 3817 1008 3879 de
1029 3815 1183 3890 nummis,
1206 3835 1287 3898 quos
1308 3817 1384 3880 ln'
1357 3836 1439 3880 crrco
1454 3816 1606 3880 Flaminio
1622 3813 1734 3897 depre-

377 3915 531 3980 ssheuses
552 3933 623 3978 esse
645 3911 763 3985 dixisti,
785 3911 882 3975 caluit
901 3930 936 3972 re
957 3910 1086 3983 recenti,
1105 3929 1189 3973 nunc
1203 3910 1237 3974 44
1251 3929 1345 3972 causa
1359 3908 1498 3974 refrixit:
1520 3908 1732 3993 nequeenim,

260 4027 278 4116 q
415 4009 470 4096 qui
492 4007 538 4072 illi
559 4027 679 4071 nummi
670 4004 831 4078 4444444,
854 4024 914 4068 444
935 4022 1018 4092 quae
1039 4002 1158 4075 tribus,
1180 4023 1240 4066 nee
1261 4003 1318 4096 qui
1340 4001 1474 4078 divisor,
1497 4003 1647 4066 ostendis.
1677 4003 1732 4064 At·

414 4102 532 4212 queis
560 4100 686 4184 quidem
717 4097 850 4160 eductus
871 4095 911 4161 ad
933 4083 1096 4169 consules,
1126 4097 1181 4179 qui
1202 4099 1299 4160 4444Ι
1290 4118 1324 4160 rn
1344 4097 1463 4161 crimen
1484 4097 1668 4171 vocabatur,
1697 4113 1730 4157 se

413 4195 522 4280 inique
543 4214 562 4258 a
583 4193 646 4258 tuis
666 4191 814 4257 iactatum
835 4189 971 4274 graviter
992 4191 1198 4275 querebatur.
1221 4190 1277 4276 qui
1299 4191 1326 4256 si
1347 4199 1414 4256 erat
1434 4190 1570 4267 divisor,
1590 4207 1731 4273 praeser-

479 4582 504 4632 t.
519 4581 626 4632 materh
640 4580 688 4631 TE
704 4607 738 4616 -
754 4578 779 4630 3.
796 4579 872 4630 444444
886 4591 988 4629 waren
1004 4577 1069 4629 TE:
1093 4590 1194 4628 causum
1208 4577 1284 4627 tstum
1300 4575 1320 4627 0
1336 4603 1370 4616 -
1385 4574 1410 4628 4.
1429 4577 1567 4627 detructum
1583 4574 1666 4628 semel
1683 4589 1730 4626 ex-

412 4655 506 4709 hibent
521 4657 569 4707 TE
587 4681 614 4692 ··
632 4657 658 4707 t.
675 4656 730 4706 dico
745 4654 809 4706 44444
824 4654 922 4706 herede
937 4655 957 4704 T
972 4679 1000 4690 -
1019 4653 1044 4704 6.
1061 4652 1289 4704 Ν444--4444444444
1303 4650 1386 4702 hehet
1402 4651 1464 4700 V·
1484 4651 1508 4702 T.
1523 4651 1726 4714 4444444444-

412 4733 437 4785 8.
455 4732 596 4784 4444444444
611 4733 631 4782 T
648 4759 676 4768 —
694 4731 720 4781 9.
736 4743 790 4793 rep.
809 4731 829 4781 Τ
848 4755 875 4765 -
899 4729 940 4780 43.
955 4729 1141 4792 prouidentiam
1157 4729 1176 4778 T
1195 4755 1222 4765 -
1246 4732 1330 4778 444444
1346 4725 1412 4777 TE:
1434 4731 1491 4777 4444
1507 4727 1528 4776 0
1547 4751 1573 4762 -
1597 4725 1637 4777 tl.
1655 4739 1729 4775 4444-

413 4809 498 4873 quum]
514 4821 580 4858 4444
596 4819 673 4870 quem
689 4807 751 4867 TE3
761 4805 804 4857 44.
817 4819 873 4856 444.
886 4804 947 4857 lect.
960 4819 987 4870 p.
1001 4805 1075 4866 4407,
1088 4804 1127 4855 43.
1140 4829 1173 4841 -
1188 4809 1253 4856 certe
1264 4802 1422 4854 ducecebant
1433 4801 1578 4852 Ernestius.
1594 4826 1621 4836 -
1640 4801 1680 4850 te.
1691 4799 1729 4849 ,44

412 4882 607 4934 44·-4444444
622 4880 704 4932 hebet
719 4881 742 4931 V
760 4907 788 4918 -
805 4879 947 4931 4444444444
962 4880 985 4930 V
1001 4905 1030 4918 -
1049 4879 1137 4940 444444
1152 4879 1176 4930 V
1193 4905 1221 4914 —
1240 4879 1280 4928 tT.
1297 4877 1337 4940 44]
1354 4891 1389 4928 cs
1405 4877 1453 4928 TE
1471 4902 1498 4914 -
1515 4887 1594 4938 pesce
1609 4875 1667 4925 T-
1687 4875 1726 4926 t8.

410 4958 485 5023 444444
499 4958 548 5008 TE
566 4983 594 4992 -
612 4957 653 5007 re.
670 4957 786 5008 cotcteuts
801 4957 834 5018 T,
856 4957 960 5007 44444444
976 4956 996 5006 E
1016 4982 1043 4990 -
1070 4957 1111 5006 20.
1129 4955 1261 5006 rortteaem
1277 4955 1297 5004 T
1314 4979 1341 4989 -
1360 4955 1401 5005 44.
1417 4952 1498 5016 plecte
1514 4953 1534 5003 T
1554 4977 1580 4988 —
1599 4949 1728 5000 4444444444

412 5033 951 5084 TEzTermttuemO-com.TE-·
975 5029 1426 5094 25.tcm]tcmT-26.sus'sse'l
1447 5054 1474 5064 -
1497 5026 1724 5078 3444444444-

411 5105 1458 5172 meum—secuniacus&cuamproerumr-suucure-
1478 5102 1724 5166 31).qu-

412 5181 833 5247 3t.ptun'rtestes(om.tclT-
851 5182 1106 5246 4441444344·-
1126 5179 1389 5234 adiuuemus·
1408 5179 1504 5231 4444444
1522 5204 1550 5216 -
1568 5177 1723 5228 thecum.

412 5258 473 5309 T-
491 5256 729 5310 34444444444Ει
747 5257 964 5311 4444444440-
982 5257 1023 5310 33.
1041 5255 1167 5309 cumam
1183 5257 1211 5308 T.
