4009 6159
386 508 449 575 950
813 505 965 573 ORATIO
986 507 1066 572 PBO
1087 509 1121 572 P.
1143 505 1286 572 SESTIO

387 683 493 765 legum
514 678 749 745 maltibrdinem
770 697 841 740 cum
863 697 988 752 earum,
1010 696 1093 760 quae
1113 677 1195 741 latae
1215 682 1305 750 suut,
1327 682 1394 739 tum
1413 694 1507 749 vero,
1528 694 1612 759 quse
1631 694 1706 759 pro-

388 776 545 857 mulgatae
572 772 709 836 bierunt.
744 773 823 833 Nam
851 770 932 835 latae
961 771 1089 854 quidem
1118 776 1191 833 sunt
1211 768 1396 833 consulibus
1424 769 1506 843 illis,
1533 768 1707 833 tacentibus

388 871 512 933 dicam?
533 870 627 931 immo
650 885 726 929 vero
749 866 845 929 etiam
860 864 1118 949 approbantibus,
1131 872 1168 927 ut
1182 865 1325 928 censoria
1339 864 1427 927 notio
1444 872 1477 927 et
1490 864 1708 947 gravissimum

386 962 538 1027 iudicium
559 960 746 1025 sanctissimi
768 959 968 1041 magistratus
984 959 1024 1021 de
1045 978 1080 1021 re
1102 957 1227 1040 publica
1245 957 1425 1030 tolleretur,
1445 967 1482 1022 ut
1495 957 1630 1040 collegia
1643 976 1709 1021 uon

361 1057 481 1121 tmodo
508 1054 563 1117 illa
591 1060 699 1118 velera
727 1060 837 1116 contra
865 1059 990 1115 senatus
1017 1051 1195 1114 consultum
1217 1050 1473 1125 restituerentur,
1505 1050 1562 1115 sed
1583 1052 1623 1115 ab
1644 1070 1709 1114 uno

386 1149 558 1232 gladiatore
580 1146 824 1211 innumerabilia
845 1146 908 1209 alia
929 1164 1012 1207 nova
1034 1144 1322 1218 conscriberentur3
1352 1151 1388 1207 ut
1408 1145 1549 1209 remissis
1568 1144 1655 1207 senis
1677 1152 1710 1209 et

385 1241 549 1303 trientibus
577 1240 688 1323 quinta
717 1258 818 1323 propo
839 1258 912 1322 pars
935 1237 1133 1321 vectigalium
1155 1235 1335 1310 tolleretur3
1363 1244 1399 1301 ut
1421 1237 1555 1301 Gabinio
1576 1257 1634 1321 pro
1653 1237 1708 1301 illa

384 1353 439 1397 sua
463 1333 590 1408 Cilicia,
613 1352 708 1416 quam
730 1332 808 1406 sibi,
834 1333 860 1394 si
880 1351 949 1395 rem
972 1331 1130 1413 publicem
1151 1328 1361 1412 prodidisset,
1382 1337 1492 1412 pactam
1514 1339 1597 1406 erat,
1618 1332 1709 1415 Syria

384 1427 510 1491 daretem
532 1433 565 1488 et
584 1426 641 1489 uni
661 1426 804 1489 belluoni
826 1425 876 1487 bis
898 1425 937 1487 de
960 1424 1070 1487 eadem
1092 1443 1126 1488 re
1148 1423 1342 1488 deliberandi
1368 1432 1401 1486 et
1420 1431 1530 1506 rogata
1550 1426 1611 1508 eps
1629 1428 1708 1489 suri·

346 1535 438 1604 toque
462 1527 594 1601 potestas
626 1527 733 1582 casura
758 1520 966 1600 Sempronium
998 1518 1101 1600 legem
1129 1514 1218 1579 lieret
1245 1516 1427 1598 provinciae
1457 1520 1707 1585 commutandae.

382 1614 497 1677 xxvl.
519 1608 572 1674 56.
593 1614 684 1677 blitto
706 1632 774 1675 eam
797 1612 916 1695 legem,
937 1630 1020 1695 quae
1042 1612 1148 1673 omnia
1169 1611 1237 1673 iura
1257 1608 1464 1691 religionum,
1485 1612 1706 1697 auspiciomra,

383 1714 592 1792 potestatum,
621 1725 732 1769 omnes
762 1706 866 1788 leges,
897 1723 979 1788 quae
1008 1713 1083 1768 sunt
1103 1706 1142 1767 de
1165 1705 1233 1765 iure
1255 1711 1287 1764 et
1308 1702 1349 1764 de
1368 1710 1510 1785 tempore
1531 1704 1635 1789 legum
1655 1728 1706 1771 ro·

383 1801 572 1885 gandonum,
594 1819 659 1863 una
673 1801 836 1881 rogatione
853 1798 986 1873 delevit;
1007 1799 1097 1861 mitto
1112 1816 1237 1861 omnem
1252 1797 1457 1861 domesticam
1471 1797 1589 1863 labem:
1611 1802 1707 1865 otiam

384 1901 508 1958 exteras
529 1892 674 1957 nationes
697 1893 783 1955 illius
805 1893 880 1955 anni
902 1892 1008 1955 lurore
1030 1898 1256 1975 conquassatas
1277 1890 1470 1955 videbamus.
1502 1893 1588 1976 Lege
1608 1894 1707 1957 tribu·

345 1986 466 2050 tunicis
488 1986 596 2049 ldatris
618 1988 752 2069 Magnae
773 1985 990 2049 Pessinuntius
1012 1986 1066 2048 ille
1089 1984 1235 2047 sacerdos
1257 1983 1410 2066 expulsus
1432 1991 1465 2046 et
1484 1986 1641 2067 spoliatus
1657 2007 1708 2051 sa·

383 2078 524 2144 cerdatio
547 2086 595 2143 est
615 2078 788 2163 fanumque
810 2080 1077 2143 sanctissimarum
1099 2086 1197 2162 atque
1210 2078 1500 2162 antiquissimarum
1519 2080 1707 2164 religionum

382 2171 543 2237 venditum
571 2172 707 2257 pecunia
736 2172 847 2255 mandi
875 2173 1054 2255 Brogitaro,
1082 2172 1206 2255 impuro
1234 2170 1357 2257 bomini
1379 2180 1475 2255 atque
1500 2173 1632 2255 indigno
1652 2175 1707 2237 illa

382 2267 551 2348 religione,
580 2266 764 2351 praesertim
795 2286 865 2329 cum
894 2285 931 2328 ea
964 2265 1024 2329 sibi
1045 2264 1101 2327 ille
1123 2284 1188 2328 non
1209 2263 1351 2338 colendi,
1373 2265 1430 2326 sed
1451 2266 1591 2329 violandi
1612 2286 1708 2332 causa

382 2361 572 2443 appetissem
595 2359 744 2442 appellati
766 2378 857 2441 reges
879 2379 898 2422 a
919 2358 1056 2443 populo,
1078 2358 1133 2439 qui
1154 2357 1188 2425 id
1208 2376 1383 2440 numquam
1405 2378 1445 2421 ne
1466 2379 1485 2421 a
1506 2367 1619 2425 senatu
1635 2362 1706 2444 qui·

345 2453 455 2519 todem
476 2454 706 2537 postulassent3
739 2452 860 2517 reducti
883 2454 1010 2515 exsules
1031 2452 1217 2533 Byzantium
1237 2452 1438 2515 condemnati
1459 2460 1544 2528 tum,
1565 2475 1637 2519 cnm
1657 2457 1706 2519 in·

383 2547 519 2611 damnati
541 2549 626 2611 eires
648 2567 666 2608 e
688 2536 816 2609 civitate
839 2546 1056 2609 eiiciebantur.
1098 2542 1150 2605 57.
1172 2545 1241 2607 ltex
1261 2545 1469 2621 Ptolemaeus,
1490 2549 1557 2630 qni,
1577 2549 1603 2611 si
1624 2569 1705 2614 non·

382 2641 457 2704 dum
487 2646 554 2703 erat
582 2642 651 2723 ipse
672 2659 692 2705 n
713 2647 824 2703 senatu
844 2640 955 2734 socius¹
968 2638 1163 2721 appellatus,
1191 2647 1258 2701 eret
1279 2645 1385 2702 tamen
1405 2637 1501 2703 frater
1521 2641 1590 2705 eius
1610 2645 1704 2725 regis,

382 2734 455 2816 qui,
477 2753 549 2797 curn
572 2742 658 2797 emet
677 2734 710 2795 in
732 2734 842 2797 eadem
864 2752 975 2805 causa,
996 2733 1060 2794 iam
1082 2741 1149 2795 erat
1169 2752 1188 2795 a
1208 2740 1319 2797 senatu
1339 2732 1425 2795 illuns
1444 2734 1587 2799 bonorem
1605 2756 1705 2799 aaran

380 2838 482 2901 mus,
509 2834 576 2890 erat
605 2827 716 2913 eodem
746 2846 861 2909 genere
883 2825 1067 2909 eisdemque
1089 2826 1274 2898 maioribus,
1297 2826 1407 2888 eadem
1429 2834 1585 2894 vetustate
1605 2832 1704 2893 socie-

344 2921 472 2997 rstatis3
492 2920 631 3003 denique
646 2912 712 2985 erat
731 2940 800 2995 rex,
816 2919 999 2985 sinendum
1015 2920 1132 2993 socius,
1147 2927 1179 2982 at
1193 2939 1258 2982 non
1273 2918 1393 2994 bostis;
1413 2928 1552 3002 pacatus,
1568 2924 1704 3007 quietus,

379 3015 478 3079 fretus
499 3014 633 3096 imperio
654 3014 766 3098 populi
787 3014 920 3078 Romani
941 3032 1040 3095 regno
1061 3022 1192 3097 paterno
1213 3021 1307 3095 atque
1322 3014 1418 3087 avito,
1439 3017 1537 3097 regali
1552 3020 1617 3081 otio
1632 3038 1704 3101 par-

378 3107 556 3174 lruebatur:
577 3108 617 3171 de
637 3107 699 3171 boc
720 3107 800 3171 nibil
822 3109 994 3191 cogitante,
1016 3107 1098 3168 nibil
1120 3108 1317 3190 suspicante,
1339 3106 1459 3171 eisdem
1473 3111 1579 3193 operis
1593 3112 1707 3174 suffra·

350 3207 355 3219 “
380 3202 467 3285 gium
487 3200 677 3275 ferentibus,
699 3208 930 3285 astragalum,
953 3208 988 3263 ut
1010 3201 1124 3264 sedens
1146 3221 1217 3263 cum
1238 3220 1377 3283 purpura
1398 3208 1432 3263 et
1452 3210 1575 3284 sceptro
1593 3204 1703 3267 stillis

378 3296 553 3379 insignibus
581 3296 677 3377 regiis
707 3296 856 3378 praeconi
875 3294 1002 3377 publico
1026 3294 1231 3357 subiiceretur
1253 3302 1285 3357 et
1305 3294 1479 3379 imperante
1500 3297 1620 3379 populo
1642 3298 1703 3361 lto·

341 3409 489 3464 umaro,
512 3390 568 3471 qui
590 3390 683 3451 etiam
705 3388 790 3451 bello
813 3389 903 3454 victis
924 3387 1053 3469 regibus
1067 3408 1164 3469 regna
1177 3388 1309 3451 reddere
1323 3389 1498 3463 consueuit,
1512 3408 1569 3453 rex
1584 3392 1703 3456 aalma

443 3692 466 3739 l.
486 3688 740 3752 lemniscatam
756 3696 821 3747 quun
837 3684 900 3735 tatae
915 3689 972 3735 sunt
988 3686 1202 3747 tumulassent
1218 3684 1382 3735 babetrt-
1401 3688 1426 3736 2.
1444 3688 1614 3749 guidmsom
1630 3693 1652 3742 a
1670 3718 1696 3731 -

376 3768 400 3816 2.
420 3766 496 3816 etium
512 3760 707 3825 adprobantibus
723 3761 755 3809 P:
779 3759 974 3821 approbantibus
995 3761 1071 3811 etiam
1088 3763 1138 3811 130
1157 3785 1184 3796 -
1206 3760 1531 3814 attenuationibus
1550 3792 1577 3801 -
1595 3768 1700 3819 nabot

377 3845 440 3893 GP:
463 3838 558 3888 notatio
574 3835 636 3885 edd.
655 3836 718 3884 velt.
749 3860 775 3869 —
799 3836 823 3883 5.
842 3834 874 3883 ab
890 3847 943 3885 om.
963 3838 1012 3885 PG
1030 3863 1057 3871 -
1081 3838 1105 3887 6.
1123 3842 1152 3886 ut
1167 3838 1263 3886 renuis
1275 3836 1517 3898 isle)-·totteretur
1532 3840 1650 3893 habeta
1670 3868 1697 3881 -

375 3919 438 3969 senis
454 3916 546 3967 AGP:
564 3909 703 3962 concauus
719 3909 774 3957 aO.
800 3908 838 3958 Cl.
856 3909 903 3958 Tb.
917 3910 1065 3962 Mommsen
1082 3914 1121 3962 die
1136 3913 1272 3962 rbmucben
1285 3911 1370 3961 rnna
1385 3911 1412 3961 in
1428 3914 1699 3969 administrativerlts-

375 3994 480 4056 aretusa
496 4001 556 4054 pag.
575 3986 623 4035 479
640 3988 694 4035 not.
712 3982 738 4033 4.
756 3987 783 4032 et
799 3996 825 4047 p.
840 3985 888 4034 488
905 3998 931 4035 n.
946 3986 985 4037 48.
1007 4013 1034 4023 -
1057 3988 1277 4038 incubantibus
1299 4014 1327 4024 —
1349 3989 1374 4039 8.
1392 3988 1471 4039 muta
1487 3992 1506 4041 P
1525 4016 1551 4029 ·-
1575 3993 1599 4044 9.
1617 4000 1641 4045 et
1655 3998 1700 4046 uni

375 4068 482 4120 luttuoni
498 4065 561 4115 PG:
588 4067 615 4113 ut
630 4061 676 4111 uni
691 4059 790 4109 beluoni
807 4060 851 4109 aO
870 4085 896 4094 —
916 4060 1068 4113 deliberandi
1077 4089 1114 4100 ·-
1125 4063 1322 4128 abominandae]
1339 4063 1491 4115 deliberwi
1505 4072 1529 4117 st
1544 4074 1636 4133 reama

375 4145 494 4207 mappas
508 4141 579 4203 {teret
592 4136 736 4198 prouiatiae
751 4136 940 4186 commutandae
957 4139 975 4187 P
994 4139 1063 4202 (post
1080 4144 1172 4203 rogatu
1188 4141 1231 4189 est
1246 4137 1340 4188 lacuna
1356 4140 1517 4204 undeviginti
1532 4143 1588 4194 lere
1604 4143 1701 4197 littora-

374 4222 458 4281 ψῃ
476 4212 629 4266 deliberandi
642 4216 701 4261 esset
717 4216 811 4273 reputa
828 4210 906 4274 lupum
921 4212 997 4275 (erra
1010 4216 1156 4275 prouinciae
1166 4215 1356 4264 consmutandus
1368 4218 1401 4274 G;
1419 4216 1570 4267 ddibnaudi
1579 4224 1639 4269 ucat
1651 4234 1701 4282 po-

374 4298 462 4344 testas:
480 4295 509 4341 ut
523 4292 618 4352 rogatu
633 4286 685 4350 lepe
701 4285 778 4349 baem
794 4286 871 4349 [met
883 4289 1030 4349 prouinciae
1045 4290 1234 4339 commutandae
1250 4290 1270 4339 0
1288 4302 1350 4339 cum
1367 4290 1410 4339 ed.
1425 4289 1531 4350 Aldina;
1549 4298 1573 4343 et
1587 4296 1632 4345 uui
1647 4295 1701 4345 bel-

374 4369 442 4418 tuoni
458 4366 494 4415 bis
510 4366 548 4415 ius
564 4364 595 4414 de
611 4364 697 4413 mdem
717 4376 746 4413 re
767 4361 919 4412 deliberandi
938 4367 960 4413 et
979 4369 1073 4428 sopato
1091 4365 1144 4427 lupe
1163 4368 1233 4429 fleret
1254 4378 1326 4427 prou
1344 4379 1431 4417 comm.
1450 4366 1596 4430 seyaertus
1611 4383 1638 4434 p.
1656 4370 1698 4420 tlt.

375 4442 413 4493 Cl.
432 4454 500 4505 quae
518 4439 551 4491 de
569 4438 596 4488 b.
614 4434 632 4487 l.
651 4436 698 4487 Tb.
717 4438 922 4499 ltommsenius,
945 4451 959 4489 a
981 4452 1034 4503 quo
1058 4440 1083 4488 in
1106 4438 1164 4490 loco
1181 4438 1329 4505 supplendo
1344 4440 1444 4503 utalaae
1459 4443 1587 4503 ussumsi,
1610 4444 1637 4495 in
1653 4444 1697 4497 ed.

374 4529 435 4569 mea
452 4515 521 4578 lips.
540 4512 604 4564 ⁴853
623 4512 702 4576 (apud
720 4512 922 4575 Weidmanuos)
941 4515 1070 4579 exposuit.
1090 4541 1117 4550 -
1142 4514 1182 4563 48.
1200 4515 1280 4564 omnis
1295 4516 1344 4565 PG
1364 4542 1390 4552 -
1415 4518 1455 4568 lb.
1473 4518 1614 4579 mpotiutsu
1629 4522 1650 4570 G
1668 4548 1696 4559 -

373 4591 532 4641 mudotiost
548 4591 576 4639 P¹
590 4612 617 4622 -
637 4589 677 4639 48.
692 4600 747 4639 uam
764 4588 856 4639 bamb.
870 4615 903 4626 -
920 4588 960 4638 49.
973 4591 1103 4651 adpulisset
1119 4590 1138 4639 P
1152 4616 1179 4625 —
1198 4590 1239 4639 89.
1251 4589 1348 4639 reducti
1362 4591 1446 4641 matu
1455 4593 1607 4655 Byzantium
1617 4596 1700 4648 behet

373 4671 394 4717 Α
413 4692 439 4702 -
458 4664 543 4716 muas
558 4662 697 4713 bisantium
713 4664 762 4713 PG
779 4664 905 4725 (Byzantii
922 4666 949 4727 l.)
963 4692 990 4701 -
1009 4666 1182 4726 condempnati
1198 4667 1216 4714 P
1230 4692 1257 4702 -
1276 4666 1317 4715 at.
1334 4665 1486 4718 eiciebanur
1501 4671 1558 4721 Pet
1574 4672 1697 4723 siccem·

374 4754 422 4806 per
439 4742 465 4791 in
483 4740 534 4789 boc
550 4736 635 4789 verbo
652 4740 681 4787 et
697 4740 822 4801 cognatis.
843 4766 869 4774 -
886 4738 1038 4802 ptolaemeus
1054 4742 1087 4799 P;
1112 4742 1249 4802 pectannn
1265 4743 1300 4799 G;
1317 4741 1476 4803 psalmone
1491 4747 1525 4805 A,
1552 4747 1597 4809 qui
1613 4746 1697 4799 verba

372 4816 450 4866 allent
465 4826 550 4878 usque
568 4813 602 4863 ad
618 4812 701 4876 frater
716 4815 776 4862 slus.
797 4839 824 4849 -
842 4814 883 4864 88.
903 4816 954 4877 ipse
970 4818 1056 4865 omli
1079 4840 1105 4849 -
1125 4816 1166 4865 23.
1184 4820 1240 4864 urat
1256 4816 1282 4876 a]
1296 4822 1393 4879 paratu
1404 4820 1436 4876 G,
1451 4825 1548 4881 pareto
1564 4835 1583 4871 u
1593 4824 1614 4871 G
1625 4836 1694 4873 corr.

374 4918 401 4927 -
421 4892 491 4941 illum
507 4891 628 4941 honorent
644 4893 789 4941 canense
804 4892 914 4954 scripsi:
934 4890 1005 4940 illum
1020 4891 1045 4939 b.
1063 4903 1129 4939 cons.
1143 4902 1196 4939 om.
1209 4887 1249 4948 P¹;
1268 4892 1385 4940 bonorem
1400 4893 1475 4943 istum
1489 4902 1631 4947 musaeum
1645 4899 1695 4947 G0

373 4970 399 5017 et
416 4970 435 5017 P
451 4980 510 5030 sup.
529 4964 573 5017 lin.
592 4976 628 5016 m.
647 4964 677 5023 23
703 4964 821 5015 hannem
844 4966 920 5015 istum
940 4978 1006 5015 cons.
1030 4962 1124 5015 lalsum
1147 4965 1245 5015 veteris
1267 4964 1377 5017 lacunae
1398 4967 1614 5033 supplementum
1634 4984 1695 5023 esse

372 5042 428 5105 ipsa
445 5042 573 5091 orationis
589 5039 675 5091 torma
692 5041 804 5103 apparet
821 5041 853 5103 (v.
871 5040 999 5091 Weseub.
1018 5054 1044 5105 p.
1064 5040 1100 5101 9),
1126 5041 1212 5103 possis
1229 5040 1309 5090 etiam
1325 5041 1464 5106 supplere:
1482 5045 1536 5095 iam
1550 5052 1607 5097 orat
1621 5060 1639 5096 a
1654 5060 1696 5097 sa·

371 5122 434 5166 natu
449 5128 498 5165 reu
512 5116 661 5177 appellatus.
682 5142 709 5155 -
733 5114 774 5167 sl.
792 5116 930 5179 &odansue
953 5117 1019 5167 PG:
1043 5115 1176 5179 iisdemque
1192 5114 1211 5167 0
1230 5141 1257 5153 -
1283 5115 1323 5169 27.
1341 5117 1371 5171 dt
1390 5118 1436 5168 bot
1452 5122 1484 5173 P:
1506 5121 1610 5185 denique
1625 5122 1647 5173 G
1665 5146 1691 5159 -

371 5191 411 5246 29.
429 5190 494 5259 repis
511 5191 540 5241 G.
1154 5194 1158 5201 '
1214 5210 1223 5227 ·
