4009 6159
692 553 766 620 Cur.
787 556 939 622 Ill-IV.
966 554 1013 640 §5
1035 552 1142 621 l-8.
1518 551 1581 620 833

258 726 388 799 4444444,
419 723 535 806 gloria,
565 723 660 788 rebus
681 727 778 806 gestis
802 725 856 789 Cn.
878 727 1066 810 Pompeius,
1093 728 1233 791 omnium
1255 727 1413 812 gentium,
1442 730 1582 794 omnium

259 819 474 893 saeculorum,
497 821 598 882 omnis
620 821 792 882 memoriae
813 819 905 884 facile
926 823 1090 907 princeps,
1112 829 1181 885 tuto
1205 842 1239 886 se
1261 823 1369 886 venire
1389 824 1581 887 incenatum

258 913 477 976 arbitraretur:
510 919 615 977 tantus
638 921 742 978 vester
764 933 937 978 consensus
960 908 1007 976 de'
1016 907 1124 978 'salute
1146 936 1216 980 mea
1236 915 1313 992 fuit,
1334 923 1371 980 ut
1392 937 1506 1002 eorpus
1527 918 1583 980 ab·

258 1012 342 1070 esset
364 1026 481 1082 meum,
503 1006 640 1090 dignitas
663 1009 725 1070 iarn
748 1009 781 1070 in
804 1009 938 1090 patriam
960 1010 1151 1072 revertisset.
1183 1007 1213 1071 6.
1230 1010 1303 1086 Quo
1318 1011 1449 1094 quidem
1464 1031 1582 1086 mense,

258 1099 333 1184 quid
363 1100 447 1164 inter
475 1120 524 1164 me
554 1108 587 1165 et
608 1121 696 1164 meos
717 1101 862 1164 inimicos
884 1102 1070 1176 interesset,
1100 1104 1282 1167 existimare
1312 1103 1472 1187 potuistis.
1514 1106 1606 1188 Eget

257 1213 359 1257 meam
390 1195 524 1259 salutem
554 1195 696 1270 deserui,
730 1215 770 1258 ne
799 1203 929 1278 propter
956 1216 1007 1259 me
1036 1197 1150 1260 civium
1173 1197 1356 1261 vulneribus
1377 1217 1428 1260 res
1456 1197 1584 1280 publiea

258 1295 495 1352 cruentaretur:
521 1290 569 1352 illi
591 1309 695 1352 meum
718 1289 854 1352 reditum
876 1310 942 1353 non
963 1289 1075 1375 populi
1098 1292 1231 1355 Romani
1253 1291 1425 1375 suffragiis,
1447 1291 1504 1353 sed
1525 1286 1585 1353 llu-

257 1382 341 1444 mine
364 1385 528 1465 sanguinis
550 1383 825 1448 intercludendum
846 1391 1047 1468 putaverunt
1094 1386 1205 1470 ltaque
1229 1394 1340 1471 postea
1361 1384 1441 1449 nibil
1462 1405 1519 1447 ros
1541 1384 1586 1448 ei·

257 1475 367 1551 vibus,
397 1477 477 1541 nibil
506 1479 618 1553 sociis,
649 1477 729 1540 nibil
757 1478 884 1561 regibus
906 1478 1129 1562 respondistis;
1157 1479 1237 1544 nibil
1267 1478 1388 1543 iudices
1410 1480 1586 1552 sententiis,
1858 1546 1859 1550 ,

234 1545 335 1653 (nihil
356 1571 496 1654 populus
518 1573 693 1656 suffragiis,
715 1571 794 1636 nibil
815 1571 867 1634 bic
890 1573 969 1636 ordo
991 1573 1177 1637 auctoritate
1193 1563 1522 1650 declaravitzlmutum
1537 1573 1623 1637 io-ro
1674 1614 1691 1626 .
1708 1565 1760 1626 θ’

240 1656 343 1737 rum,
368 1664 531 1747 elinguem
554 1667 686 1742 curiam,
716 1667 840 1729 tacitam
864 1673 895 1728 et
916 1664 1046 1728 fractam
1070 1665 1228 1729 civitatem
1250 1665 1417 1730 videbatis.
1460 1664 1489 1729 7.
1512 1666 1586 1742 Quo

258 1756 388 1840 quidem
410 1766 569 1843 tempore,
592 1781 663 1823 cum
687 1761 713 1822 is
736 1761 942 1833 excessisset,
965 1761 1021 1841 qui
1043 1759 1131 1822 caedi
1154 1767 1186 1822 et
1206 1761 1351 1823 dammae
1369 1759 1457 1823 robis
1478 1768 1588 1824 aueto-

257 1849 344 1914 ribus
366 1852 540 1929 restiterat,
563 1874 634 1917 cum
655 1853 739 1917 ferro
763 1859 794 1916 et
813 1852 934 1916 facibus
957 1853 1103 1916 homines
1126 1860 1192 1916 tota
1212 1853 1291 1916 urbe
1312 1854 1499 1930 volitantes,
1523 1875 1588 1918 ma·

259 1944 445 2024 gistratuum
468 1954 551 2011 tecta
573 1947 771 2030 impugnata,
801 1947 932 2009 deorum
962 1947 1081 2031 templa
1102 1947 1312 2022 inflammata,
1342 1949 1454 2011 summi
1476 1949 1535 2013 viri
1558 1957 1590 2012 et

259 2037 428 2101 clarissimi
451 2041 592 2104 consulis
614 2041 715 2104 fasces
737 2039 873 2116 fractos,
896 2041 1058 2104 fortissimi
1081 2048 1177 2125 atque
1193 2042 1305 2124 optimi
1323 2041 1442 2104 tribuni
1457 2040 1502 2126 pl.
1517 2057 1626 2106 san-rt

260 2132 433 2194 ctissimum
465 2155 579 2218 corpus
601 2155 667 2198 non
690 2141 807 2198 tactum
830 2155 866 2197 ao
889 2133 1042 2198 violatum
1064 2154 1177 2209 manu,
1206 2134 1262 2198 sed
1284 2133 1484 2198 minoratum
1505 2135 1589 2198 terro

260 2223 503 2311 coniectumque
525 2227 660 2293 vidistis.
694 2228 765 2304 Qua
786 2238 890 2312 strage
913 2229 1059 2291 nonnulli
1080 2230 1216 2312 permoti
1236 2229 1456 2311 magistratus,
1476 2229 1589 2314 partim

260 2327 345 2382 metu
375 2327 502 2395 mortis,
536 2323 650 2405 partim
679 2321 900 2404 desperatione
927 2322 1157 2404 reipublicae,
1179 2322 1341 2406 paululum
1364 2342 1383 2385 a
1404 2341 1475 2384 mea
1496 2340 1591 2385 causa

259 2424 474 2478 recesserunt:
488 2405 622 2502 (reliqui
649 2414 793 2490 fuerunt,
816 2435 899 2499 quos
928 2436 1034 2500 neque
1063 2424 1164 2481 terror
1185 2437 1245 2480 nec
1266 2417 1333 2491 vis,
1355 2435 1415 2480 nec
1436 2436 1510 2499 spes
1531 2434 1590 2478 nec

259 2514 372 2582 metus,
395 2528 454 2571 nec
475 2509 633 2591 promissa
654 2529 713 2573 neo
736 2511 851 2583 minae,
874 2529 933 2574 nee
954 2510 1019 2573 tela
1041 2529 1100 2573 nee
1120 2509 1206 2574 faces
1229 2529 1248 2574 a
1270 2518 1373 2574 vestra
1394 2507 1629 2582 auctoritates>

259 2601 410 2684 apopuli
432 2604 566 2667 Romani
589 2604 758 2686 dignitate,
787 2623 806 2666 a
835 2623 904 2666 mea
934 2604 1036 2666 salute
1066 2585 1289 2687 depellerent.)
1313 2604 1366 2666 IV.
1388 2600 1418 2664 8.
1441 2602 1590 2684 Princeps
1688 2587 1757 2673 ἦ
1784 2642 1792 2681 χ

261 2695 292 2757 P.
315 2696 490 2772 Lentulus,
513 2717 627 2781 parens
649 2717 687 2760 ac
702 2698 781 2762 deus
803 2706 929 2778 nostrae
944 2698 1038 2772 vitae,
1060 2687 1217 2771 fortunae,
1239 2698 1420 2771 memoriae,
1443 2695 1590 2767 nominis,
1692 2719 1714 2796 J

258 2789 318 2854 boe
347 2793 509 2876 specimen
537 2787 694 2865 virtutis'j'
709 2792 769 2855 boc
798 2792 949 2855 indicium
978 2792 1090 2867 animi,
1123 2791 1185 2855 boc
1206 2792 1314 2855 lumen
1337 2789 1520 2854 consulatus
1542 2788 1591 2851 sui

258 2883 325 2948 iore
347 2885 488 2968 putauit,
511 2885 537 2948 si
560 2906 610 2948 me
633 2885 727 2960 mihi,
750 2885 776 2948 si
798 2885 895 2959 meis,
919 2885 945 2948 si
968 2885 1069 2959 vobis,
1092 2884 1119 2947 si
1141 2885 1188 2948 rei
1210 2885 1357 2968 publicae
1380 2883 1590 2957 reddidisset;

261 2980 314 3062 qui
335 2986 374 3042 ut
394 2988 444 3042 est
465 2979 660 3061 designatus,
691 2999 865 3063 numquam
887 2978 1042 3042 dubitavit
1068 2979 1256 3043 sententiam
1280 2978 1319 3042 de
1341 2979 1442 3043 salute
1464 2995 1534 3040 mea
1555 2995 1628 3043 seta

261 3080 291 3135 et
310 3093 347 3136 re
369 3073 499 3154 publiea
522 3073 648 3155 dignam
672 3073 786 3137 dicere.
821 3073 898 3137 Cum
921 3090 940 3134 a
962 3070 1091 3134 tribuno
1110 3072 1154 3154 pl.
1169 3079 1341 3147 vetaretur,
1364 3091 1435 3135 cum
1450 3069 1591 3154 praecla-

260 3187 329 3232 rum
351 3175 449 3250 eaput
469 3167 670 3242 recitaretur,
702 3187 742 3229 ne
766 3168 836 3251 quis
858 3165 898 3228 ad
920 3187 977 3229 vos
999 3165 1147 3241 referret,
1169 3187 1209 3229 ne
1232 3166 1304 3248 quis
1327 3165 1526 3238 decerneret,
1549 3183 1589 3227 ne

259 3259 452 3346 disputaret,
474 3279 515 3322 ne
537 3260 738 3344 loqueretur,
759 3280 800 3323 ne
822 3260 956 3343 pedibus
979 3259 1055 3334 iret,
1078 3279 1118 3322 ne
1141 3259 1308 3323 scribendo
1329 3259 1469 3334 adesset,
1492 3265 1590 3322 totam

260 3354 363 3431 illam,
386 3361 517 3419 utente
540 3353 623 3429 dixi,
645 3355 919 3437 proscriptionem,
941 3373 1006 3416 non
1021 3353 1123 3435 legem
1137 3353 1276 3436 putarit,
1299 3373 1363 3437 qua
1378 3352 1455 3417 ciris
1472 3353 1589 3436 optime
1705 3353 1729 3446 p

262 3444 310 3512 de*
328 3469 364 3513 re
394 3448 522 3531 publiea
550 3449 681 3513 meritus
702 3448 890 3512 nominatim
912 3448 979 3512 sine
1002 3446 1121 3510 iudicio
1143 3466 1301 3511 unacum
1323 3455 1438 3512 senatu
1460 3449 1505 3511 rei
1530 3468 1628 3532 pu=ao

325 3829 350 3877 4.
369 3825 490 3892 queas>
511 3837 548 3876 m.
567 3826 583 3875 a
600 3837 660 3890 sup.
678 3823 722 3876 un.
741 3823 831 3876 naues.
852 3849 887 3861 —-
905 3825 980 3888 944444
995 3837 1049 3875 om.
1069 3827 1090 3875 e
1114 3849 1141 3860 -
1167 3823 1221 3875 ou.
1239 3827 1267 3886 n,
1286 3827 1333 3877 ee
1354 3826 1383 3877 r.
1410 3815 1527 3878 «nemius
1545 3827 1589 3878 os.

261 3903 389 3966 4444444444
405 3899 479 3952 locus
496 3904 555 3950 erat
570 3903 617 3950 aut
632 3903 694 3951 ante
710 3900 801 3950 44444444
817 3903 863 3950 aut
879 3903 939 3964 post
951 3899 1076 3963 princeps.
1106 3899 1209 3952 Abesse
1226 3913 1324 3952 nomen
1341 3903 1439 3965 potnit,
1464 3904 1590 3967 utsupra

263 3975 664 4041 commemoremus
681 3976 732 4025 oet.
759 3973 812 4024 Sed
829 3979 885 4025 tum
903 3974 962 4025 tort.
981 3973 1045 4025 tuit:
1069 3989 1126 4025 4444
1144 3976 1186 4025 444
1204 3977 1296 4027 4444444
1311 3978 1380 4026 cet.»
1404 3978 1530 4026 Gumroru
1548 3977 1590 4041 (2).

262 4051 332 4104 liaee
349 4051 485 4118 posterior
501 4050 653 4101 coniectura
670 4048 816 4100 admodum
832 4046 978 4113 probabilis
995 4052 1046 4099 est.
1065 4076 1091 4085 -
1109 4051 1135 4099 2.
1154 4050 1309 4100 semim
1325 4051 1359 4099 1²:
1377 4050 1547 4101 4444444Μο
1561 4079 1588 4088 -

260 4130 344 4180 matre
359 4128 388 4178 44
403 4131 518 4180 senem
534 4128 604 4177 mel:
623 4127 650 4177 44
666 4132 780 4178 sanamur
794 4125 879 4177 444444
895 4126 915 4174 0
935 4147 962 4160 -
983 4123 1007 4174 9.
1024 4139 1076 4174 noo
1091 4124 1261 4175 4444444444
1277 4125 1337 4184 EF,
1357 4123 1416 4175 tort.
1435 4127 1591 4188 corruptum

263 4217 292 4256 ex
308 4204 363 4254 4444
384 4199 440 4267 (vel
458 4201 568 4264 44444444)
587 4200 653 4264 arb,
679 4199 765 4265 qualis
781 4199 909 4266 particula
926 4213 1006 4264 aegre
1023 4199 1200 4252 desideratur.
1222 4225 1250 4236 —
1275 4204 1305 4250 444
1320 4199 1376 4250 licet
1390 4213 1482 4262 corpas
1497 4201 1514 4249 S
1532 4202 1559 4249 et
1574 4199 1590 4249 9

262 4278 339 4330 codd.
365 4278 462 4341 nagge
488 4276 544 4326 44444
565 4277 630 4326 item
652 4277 680 4326 in
703 4280 775 4327 Pm.
794 4276 978 4327 recentissime
1000 4288 1136 4340 superscr.
1155 4277 1204 4327 est.
1226 4301 1252 4313 -
1281 4275 1501 4341 94444444414444
1522 4277 1542 4326 E
1560 4303 1587 4312 -

261 4354 301 4404 49.
318 4354 382 4418 post
394 4351 504 4416 populor
520 4352 547 4400 in
564 4350 616 4401 Eri.
633 4353 661 4402 ll.
675 4365 734 4416 sup.
749 4349 792 4402 lin.
807 4353 862 4409 est;
877 4350 986 4413 populeo
1002 4355 1026 4400 et
1040 4350 1103 4400 44444
1119 4352 1181 4413 (om.
1193 4350 1329 4414 mffroptts)
1347 4350 1367 4400 E
1385 4375 1409 4388 ·-
1429 4352 1468 4402 44.
1487 4350 1592 4401 latomis

260 4428 281 4479 E
298 4453 327 4466 -
353 4428 395 4478 42.
413 4440 472 4478 osen
487 4426 525 4476 4444
540 4427 560 4477 Ρ
577 4427 638 4476 ante
655 4438 785 4476 rasuram.
805 4449 835 4464 ··
860 4426 929 4476 oobts
949 4426 1141 4477 auctoritatibus
1157 4429 1189 4485 1²3
1214 4427 1303 4476 4444444
1318 4426 1509 4477 emanantibus
1524 4429 1542 4476 S
1560 4453 1587 4480 e

261 4503 301 4554 43.
318 4503 448 4556 eobano
463 4504 527 4562 Νὴ
550 4502 685 4552 4444444444
700 4501 747 4552 EF
765 4526 793 4536 -
821 4501 862 4552 44.
880 4507 1026 4565 oppugnata
1041 4501 1058 4552 8
1075 4499 1153 4550 codd.
1171 4500 1250 4564 begg.
1270 4502 1297 4550 et
1313 4502 1333 4550 P
1350 4513 1420 4550 corr.
1440 4513 1476 4550 m.
1494 4513 1591 4550 reeen-

260 4581 370 4632 melma.
391 4605 419 4618 -
442 4578 533 4628 44444444
554 4579 605 4628 otri
625 4583 649 4628 et
670 4577 802 4628 4444444444·
822 4577 873 4627 oiri
892 4579 955 4639 PG,
982 4577 1031 4629 sed
1048 4579 1075 4626 iu
1092 4578 1111 4626 P
1127 4577 1260 4640 posterius
1275 4577 1326 4626 otri
1342 4588 1378 4626 m.
1396 4576 1503 4638 entique
1521 4575 1589 4640 (tort.

261 4656 353 4721 prima)
372 4653 492 4707 deletum
509 4655 558 4704 est.
584 4654 654 4704 Fert.
674 4656 745 4717 prius
761 4653 813 4702 4444
828 4651 972 4703 delendum
984 4654 1034 4713 est,
1053 4654 1082 4701 ut
1097 4651 1148 4702 sit:
1166 4652 1256 4701 4444444
1272 4650 1438 4701 4444444444ιὶ
1452 4651 1515 4710 viat,
1533 4663 1591 4700 cou-

261 4731 319 4782 44444
336 4732 389 4783 oet.
405 4755 433 4768 -
453 4730 493 4780 45.
512 4727 599 4791 optans·
613 4727 664 4778 4444
680 4727 773 4778 tribuat
785 4728 805 4778 0
817 4729 908 4778 eontra
925 4726 1003 4778 codd.
1017 4739 1111 4778 omnes
1122 4721 1257 4790 praetant
1269 4725 1347 4789 Lagg.
1360 4723 1425 4775 dett.
1441 4751 1468 4762 -
1487 4725 1528 4775 46.
1539 4739 1590 4776 aon

261 4805 339 4856 4444444
360 4809 457 4855 mm
476 4805 493 4854 S
517 4829 545 4840 -
571 4803 612 4854 48.
631 4803 766 4866 paululans
788 4805 878 4853 PGS:
902 4803 1010 4866 44444444
1030 4802 1050 4852 E
1073 4803 1101 4852 et
1121 4802 1184 4864 Lag.
1203 4798 1227 4851 4.
1247 4799 1278 4850 43
1300 4799 1349 4851 soli
1370 4813 1403 4851 ex
1420 4799 1501 4861 notis,
1520 4801 1540 4850 0
1557 4826 1587 4838 -

262 4881 301 4930 49.
319 4892 365 4931 neo
380 4880 419 4930 444
435 4878 506 4930 mei:
524 4891 603 4940 444444
618 4879 656 4928 444
673 4879 693 4928 0
712 4903 739 4913 -
758 4878 800 4929 22.
818 4891 850 4928 oo
866 4878 939 4928 (444444
954 4878 1016 4939 EF;
1035 4876 1068 4928 et.
1083 4874 1340 4942 or.p.Sest.sstll.
1363 4901 1391 4912 -
1411 4875 1452 4925 29.
1470 4875 1590 4925 indictum

262 4956 338 5020 lagg.
357 4953 497 5021 plerique:
514 4953 635 5004 4444444444
650 4953 756 5004 Pons
773 4979 801 4990 -
819 4954 959 5004 4444444444
976 4953 995 5002 Ε
1015 4979 1043 4989 -
1061 4951 1102 5004 24.
1119 4964 1160 5004 nte
1175 4953 1197 5002 44
1211 4951 1309 5018 4444442
1328 4976 1355 4986 -
1372 4950 1435 5001 444444
1451 4961 1504 5000 om.
1519 4951 1541 4999 G
1559 4977 1587 4986 -

262 5031 301 5082 244.
319 5045 378 5083 mco
392 5032 421 5083 ln
437 5029 490 5082 Eri.
508 5042 568 5093 sup.
586 5027 631 5080 lin.
652 5055 680 5066 -
697 5029 740 5080 444
756 5033 779 5080 et
794 5042 824 5079 re
837 5028 905 5092 publ.
924 5030 956 5088 P,
975 5028 1006 5078 44
1020 5040 1075 5090 rep.
1094 5026 1156 5090 (om.
1168 5040 1195 5078 44
1209 5027 1242 5090 et)
1260 5028 1281 5077 G
1298 5039 1338 5091 pr.
1351 5037 1400 5089 m.,
1417 5029 1442 5076 44
1456 5025 1487 5076 dc
1500 5037 1555 5087 rep.
1568 5025 1590 5073 G

264 5117 332 5157 corr.
346 5108 374 5158 et
390 5107 423 5166 s;
440 5109 465 5156 44
480 5105 510 5156 dc
525 5117 579 5168 rap.
596 5117 622 5156 44
637 5107 740 5170 dasem
756 5105 824 5156 coni.
838 5103 968 5155 Gamtont.
982 5128 1011 5139 -
1029 5103 1072 5172 26.
1090 5103 1181 5152 deest
1196 5106 1218 5154 G
1231 5127 1259 5139 -
1275 5115 1335 5153 4444
1350 5103 1411 5153 ante
1424 5100 1520 5164 444444.
1533 5112 1587 5150 om.

264 5180 329 5230 E-
347 5181 389 5235 st.
407 5193 440 5232 444
461 5180 517 5244 quis
535 5180 711 5244 4444444446
734 5203 762 5218 -·
784 5179 826 5230 29.
845 5179 995 5245 postillam
1015 5180 1042 5229 in
1064 5175 1514 5229 Pmreoentcomoeandditum
1532 5175 1587 5235 est;

264 5251 1473 5321 emmoni.-quc]quaenammemeto-ao.tamar,utmpe.

310 5345 400 5400 oum
418 5345 445 5400 τ.
459 5347 489 5403 11.
1365 5342 1407 5409 53
