4009 6159
409 555 492 634 4444
713 569 864 636 enarro
886 571 964 636 nno
987 570 1417 638 annumerandae

494 739 564 804 XV.
584 735 636 804 lt.
658 740 775 804 Verum
802 747 926 818 autem,
961 741 1098 817 iudicas,
1128 741 1156 806 si
1184 744 1264 807 scire
1292 741 1403 807 vultisr
1436 742 1498 808 nisi
1527 743 1560 808 C.
1584 743 1727 810 Caesarb

411 852 533 899 summa
552 833 586 897 in
600 854 720 910 omnes,
741 835 934 900 incredibilis
956 837 990 901 in
1012 837 1094 904 hunc
1109 835 1132 918 i
1147 835 1257 900 eadem
1279 835 1450 902 liberalitas
1465 837 1648 914 exstitisset,
1670 861 1727 904 nos

409 927 494 992 bunc
519 929 582 992 iam
608 929 733 1012 pridem
760 931 793 994 in
819 929 887 994 loro
913 950 978 995 non
1005 931 1201 994 haberemus.
1237 929 1294 993 llle
1321 950 1419 994 onera
1443 931 1612 997 multorum
1634 933 1728 998 huius

409 1023 581 1086 amicornm
603 1023 729 1106 excepit
748 1045 847 1098 unus;
869 1042 1014 1108 quaeque
1037 1024 1126 1087 multi
1148 1024 1293 1087 homines
1315 1024 1486 1088 necessarii
1508 1027 1656 1091 secundis
1671 1029 1729 1092 Po·

385 1116 503 1181 saturni
531 1115 625 1180 rebus
647 1116 806 1200 descripta
827 1117 1059 1192 sustinuerunt,
1088 1137 1171 1182 nune
1194 1119 1261 1180 eius
1283 1117 1408 1182 afflictis
1429 1118 1562 1183 iomanis
1584 1122 1730 1184 universa

409 1210 550 1275 sustinet.
589 1211 734 1274 Umbram
763 1212 879 1295 equitis
908 1212 1042 1275 Romani
1064 1219 1097 1275 et
1119 1212 1287 1294 imaginem
1310 1211 1441 1287 videtis,
1468 1213 1606 1289 iudices,
1635 1215 1729 1278 unius

408 1305 501 1368 amici
529 1313 745 1370 conservatam
775 1305 895 1368 auxilio
925 1313 957 1368 et
978 1302 1050 1368 lida.
1095 1305 1180 1368 Nihil
1201 1305 1275 1369 huic
1298 1305 1378 1388 eripi
1400 1312 1504 1390 potest
1524 1315 1649 1390 praeter
1669 1308 1730 1371 hoc

409 1398 611 1463 simulacrum
633 1399 785 1484 pristinae
806 1399 985 1481 dignitatis,
1007 1399 1091 1482 quod
1115 1398 1148 1462 C.
1165 1399 1278 1462 Caesar
1298 1399 1385 1462 solus
1408 1408 1513 1463 tuetur
1526 1409 1558 1463 et
1578 1402 1730 1464 sustinet:

409 1513 492 1575 quae
513 1493 643 1578 quidem
663 1494 697 1556 in
718 1494 900 1558 miserrimis
922 1494 1017 1557 rebus
1040 1491 1111 1558 huic
1126 1501 1231 1557 tamen
1247 1494 1414 1558 tribuenda
1428 1495 1565 1557 maxima
1579 1499 1636 1558 est.
1664 1495 1731 1558 Nisi

373 1597 401 1646 44
410 1605 487 1650 vero
516 1586 578 1651 hoc
606 1588 759 1652 mediocri
788 1589 903 1653 virtute
933 1585 1016 1652 effici
1044 1595 1165 1671 potest,
1195 1595 1230 1650 ut
1260 1596 1363 1651 tantus
1393 1587 1446 1652 ille
1468 1587 1516 1650 vir
1537 1592 1617 1654 tanti
1639 1590 1733 1654 ducat

408 1680 511 1756 hunc,
533 1681 684 1747 afflictum
706 1682 890 1766 praesertim
913 1688 946 1745 et
966 1679 1145 1757 absentem,
1168 1690 1200 1745 et
1223 1683 1254 1745 io
1270 1691 1356 1746 tanta
1371 1678 1498 1745 fortuna
1511 1702 1584 1757 sua,
1607 1690 1643 1746 ut
1656 1681 1733 1746 alie-

408 1793 482 1837 nam
510 1776 669 1858 respicere
697 1796 846 1858 magnum
874 1778 932 1852 sit,
960 1782 993 1840 et
1021 1783 1108 1839 tanta
1137 1776 1345 1860 occupatione
1375 1775 1580 1840 maximarum
1609 1796 1732 1851 rernm,

410 1884 490 1952 quas
511 1870 593 1952 gerit
612 1880 708 1955 etque
729 1872 842 1952 gessit,
863 1880 900 1935 ut
920 1870 1062 1936 oblivisci
1084 1870 1219 1934 aliorum
1241 1890 1304 1934 non
1326 1869 1367 1933 sit
1387 1870 1501 1932 mirum
1524 1865 1604 1953 [vel,
1626 1871 1653 1934 si
1667 1891 1733 1934 ma-

409 1964 545 2040 minerit,
566 1965 700 2029 oblitum
722 1965 814 2028 etiam
835 1965 927 2030 facile
942 1966 1042 2050 possit
1057 1959 1214 2049 probare].
1246 1959 1297 2026 la.
1313 1963 1427 2028 Multas
1442 1964 1588 2046 equidem
1605 1963 1638 2028 C.
1655 1965 1732 2028 Cae-

374 2057 491 2122 ttsaris
512 2058 661 2134 virtutes,
682 2078 811 2141 magnas
832 2059 1096 2145 incredibilesque
1117 2060 1266 2142 cognovi,
1288 2057 1344 2122 sed
1368 2065 1442 2122 sunt
1462 2065 1585 2122 ceterae
1606 2057 1732 2122 maiori·

409 2149 470 2214 bus
491 2153 583 2235 quasi
604 2153 734 2218 theatris
755 2153 935 2239 propositae
957 2162 990 2217 et
1010 2174 1111 2237 paene
1133 2153 1314 2237 populares.
1352 2152 1469 2216 Cashis
1489 2152 1592 2215 locum
1607 2171 1731 2235 capere,

410 2246 582 2310 exercitum
610 2246 782 2322 instruere,
810 2267 990 2332 expugnare
1015 2248 1126 2323 nrbes,
1155 2249 1254 2312 aciem
1280 2247 1418 2312 hostium
1448 2247 1628 2329 profligare,
1651 2249 1732 2311 hanc

410 2336 473 2399 vim
501 2336 653 2420 frigorum
677 2340 893 2426 hiemumque,
921 2362 1015 2426 quam
1037 2362 1096 2406 nos
1119 2341 1172 2405 vix
1193 2341 1288 2406 huius
1309 2341 1395 2404 urbis
1417 2340 1508 2404 tectis
1530 2341 1732 2416 sustinemus,

411 2431 574 2517 excipere,
595 2433 636 2498 iis
657 2433 736 2517 ipsis
758 2434 869 2499 diebus
891 2435 1014 2501 hostem
1036 2437 1203 2520 persequi,
1225 2457 1296 2500 cum
1315 2436 1409 2498 etiam
1430 2435 1516 2499 ferae
1538 2434 1676 2500 latibulis
1697 2456 1732 2500 sc

373 2531 519 2610 integant
545 2532 640 2611 atque
668 2529 774 2592 omnia
799 2529 882 2592 bella
913 2531 983 2594 iure
1012 2533 1150 2615 gentium
1179 2530 1420 2613 conquiescant:
1450 2534 1524 2591 sunt
1545 2547 1583 2591 ea
1604 2528 1733 2612 quidem

410 2639 539 2702 magna,
567 2621 641 2705 quis
662 2625 779 2705 negati
806 2624 862 2686 sed
886 2626 1006 2708 magnis
1028 2625 1207 2688 excitantur
1229 2623 1376 2706 praemiis
1398 2642 1434 2686 ac
1457 2622 1608 2687 memoria
1630 2622 1733 2686 honri·

410 2734 486 2777 num
507 2716 708 2800 sempiterna.
745 2717 816 2792 Quo
844 2718 948 2781 minus
970 2719 1187 2782 admirandum
1209 2726 1258 2782 est
1279 2738 1351 2796 eqni
1370 2716 1475 2780 iacere
1498 2717 1569 2792 illa,
1598 2718 1654 2801 qui
1675 2717 1748 2803 ina·=

409 2809 632 2874 mortalitatem
659 2812 885 2895 concupiverit
929 2813 1012 2875 xvi.
1034 2809 1084 2875 43.
1113 2814 1199 2900 Haec
1221 2813 1244 2894 †
1266 2797 1345 2875 mira
1373 2812 1440 2874 laus
1471 2817 1534 2884 cst,
1564 2829 1646 2892 quae
1666 2829 1731 2872 non

409 2907 574 2985 poetarum
596 2906 801 2982 carminibus,
823 2927 885 2970 non
907 2908 1067 2972 annalium
1086 2907 1297 2970 monumentis
1313 2906 1500 2978 celebratur,
1523 2904 1578 2968 scd
1593 2902 1732 2986 pruden-

372 2995 488 3059 rstium
510 2995 627 3062 iudicio
650 3001 857 3086 expenditur:
879 3003 1021 3086 equitem
1036 3004 1221 3076 Romanum,
1244 3009 1381 3065 veterem
1397 2999 1533 3088 amicum
1548 3018 1650 3074 suum,
1665 3003 1732 3062 stu·

410 3088 550 3166 diosum,
571 3103 746 3170 amantem,
768 3096 985 3160 observantem
1009 3098 1070 3172 sui,
1091 3116 1155 3160 non
1176 3095 1318 3170 libidine,
1341 3091 1405 3158 non
1420 3085 1563 3176 turpibus
1578 3092 1730 3176 impensis

409 3190 504 3267 atque
525 3186 671 3263 iacturis,
693 3190 748 3252 sed
772 3192 968 3272 experientia
989 3191 1170 3275 patrimonii
1191 3187 1402 3272 amplificandi
1424 3189 1582 3251 labentem
1596 3188 1730 3271 excepit,

411 3274 568 3363 [conserere
588 3301 653 3344 non
668 3278 768 3366 sivit,]
784 3283 872 3348 lulsit
886 3293 918 3348 ct
932 3285 1082 3348 sustinuit
1096 3305 1144 3358 re,
1169 3278 1332 3366 [lortuna,]
1357 3280 1433 3357 fide,
1456 3282 1619 3366 hodieque
1636 3283 1730 3344 susti·

475 3541 500 3591 t.
517 3541 591 3592 uoltis
606 3543 657 3593 EG
676 3566 703 3580 -
721 3543 746 3594 2.
764 3543 792 3593 444
808 3545 888 3594 ommis
903 3545 997 3595 maer.
1016 3547 1047 3604 ὃς
1070 3547 1097 3593 iu
1114 3542 1225 3594 ommibus
1241 3541 1362 3593 credibilis
1379 3542 1441 3600 EU,
1463 3541 1479 3592 4
1497 3541 1570 3603 0xx,
1589 3541 1637 3592 sed
1656 3543 1673 3594 U
1691 3543 1733 3592 iu-

409 3615 476 3664 cred.
496 3641 523 3652 -
542 3617 569 3666 iu
584 3618 649 3668 huuc
665 3619 777 3669 ordinem
792 3621 879 3669 eodem
894 3619 916 3667 V
930 3646 957 3656 -
975 3621 1061 3670 ecdem
1078 3620 1120 3668 lib.
1138 3619 1261 3669 codices:
1279 3619 1382 3668 medem
1398 3619 1439 3668 tib.
1452 3617 1594 3678 Patricius;
1613 3631 1662 3681 ego
1675 3631 1733 3670 ma·

409 3689 456 3742 lim
472 3694 579 3744 eudem
594 3695 635 3746 tib.
656 3720 684 3733 -
703 3709 748 3746 nos
763 3697 828 3746 hunc
845 3697 988 3748 nanuum:
1011 3708 1057 3744 nos
1074 3697 1131 3756 laon
1147 3695 1182 3756 Ε,
1201 3695 1216 3744 3
1233 3694 1306 3754 0444.)
1323 3694 1387 3744 tuac
1404 3694 1546 3743 Postumum
1562 3692 1639 3744 codd.
1658 3695 1685 3743 et
1701 3694 1731 3744 0.

408 3767 442 3818 At
452 3767 508 3818 Cic.
522 3766 644 3821 clientem
661 3783 741 3822 suum
757 3775 802 3820 sut
817 3772 882 3820 iuno
898 3773 945 3822 aut
959 3771 1101 3820 Postumum
1118 3767 1250 3834 appellare
1262 3766 1344 3828 solet,
1364 3781 1495 3832 nusquam
1506 3768 1571 3818 huuc
1581 3769 1731 3819 Postumum.

411 3863 439 3878 ·-
458 3841 483 3892 4.
500 3842 606 3895 mauu
622 3848 679 3909 Sil,
698 3849 727 3897 ut
743 3845 826 3897 voluit
842 3846 982 3904 Patricius,
1001 3847 1031 3896 ut
1048 3840 1205 3907 intelligatur
1220 3846 1369 3896 Postumus.
1385 3869 1411 3881 -
1430 3845 1455 3893 s.
1472 3843 1580 3906 sortuuis
1593 3856 1658 3892 smus
1672 3844 1734 3894 44444·-

407 3929 482 3968 oerso
502 3919 630 3972 Patricius
647 3947 675 3958 -
699 3923 723 3972 8.
742 3922 920 3971 amutochrrm
938 3921 986 3970 SV
1007 3931 1035 3956 ’-
1060 3919 1086 3970 G.
1106 3933 1155 3970 nos
1177 3917 1327 3969 addidimus
1351 3944 1378 3954 —
1401 3918 1425 3967 a.
1443 3918 1559 3968 monimo
1579 3922 1613 3968 est
1635 3917 1671 3967 C:
1697 3924 1734 3968 est

407 3995 525 4044 mommo
541 3993 589 4045 bo
605 4023 638 4034 -
662 3996 702 4046 tt.
720 3997 843 4060 amictum
865 3995 907 4046 ed.
925 3996 992 4044 lunt.
1011 3997 1039 4046 et
1055 3995 1113 4045 tort.
1133 3995 1214 4045 Oion.
1234 3995 1253 4043 C
1273 3994 1294 4050 ta
1313 4006 1366 4056 quo
1383 3991 1495 4042 alterurn
1512 3998 1535 4042 et
1551 3993 1647 4044 abesse
1664 3993 1733 4043 dici-

408 4070 474 4131 turit
496 4075 520 4122 et
540 4072 661 4137 amictum
677 4072 756 4124 codd.
778 4099 803 4108 -
830 4072 938 4122 4444444444
960 4071 1101 4122 Patricius:
1128 4071 1212 4120 ctiam
1234 4069 1313 4120 codd.
1332 4071 1351 4120 0
1371 4096 1398 4106 -
1426 4069 1465 4118 tt.
1485 4073 1507 4118 et
1528 4075 1600 4119 tosto
1621 4082 1681 4118 nos:
1708 4074 1734 4120 et

331 4205 335 4212 ‚
409 4158 463 4197 om.
482 4147 561 4198 codd.
580 4151 608 4198 et
624 4148 657 4207 03
676 4153 699 4199 et
714 4149 742 4198 iu
757 4153 830 4198 44444444
846 4147 938 4198 hamb.
959 4173 986 4183 -
1005 4149 1164 4210 occupatione
1181 4148 1220 4196 vir
1236 4147 1330 4197 doctus
1349 4145 1438 4196 nescio
1456 4146 1515 4208 quis
1530 4144 1564 4204 [v.
1578 4143 1668 4194 Lamb.
1682 4142 1732 4193 ad-

409 4222 489 4285 nati:
508 4224 692 4286 oppugnatione
708 4223 786 4274 codd.
801 4249 828 4259 —
848 4225 888 4274 43.
901 4229 930 4274 ut
945 4224 1027 4272 Oxou.
1041 4223 1077 4272 C:
1095 4223 1135 4272 uel
1152 4221 1295 4280 ESUVv,
1314 4220 1418 4279 eorm
1436 4225 1465 4268 ut
1480 4219 1518 4268 uel
1535 4219 1582 4269 b0
1600 4245 1633 4256 -
1648 4219 1733 4268 oet--

405 4295 523 4362 probare]
541 4299 613 4349 ailoe
629 4297 747 4348 additum
766 4311 826 4349 esso
843 4299 966 4363 suspicor
983 4296 1017 4347 ab
1035 4297 1141 4346 homine
1159 4297 1262 4359 inepto,
1286 4293 1358 4358 quod
1374 4293 1409 4343 oh
1430 4292 1591 4344 antecedens
1607 4294 1646 4342 ret
1662 4292 1734 4358 [cor-

409 4372 516 4434 ruptum
533 4370 595 4422 illud
613 4385 646 4423 ex
662 4373 713 4437 ut],
733 4373 808 4424 cuius
824 4374 878 4422 vim
895 4374 948 4423 ianr
966 4385 1018 4422 non
1036 4373 1174 4421 reuocaret
1191 4371 1215 4420 in
1234 4371 1367 4428 animum,
1386 4367 1495 4419 alteram
1512 4371 1669 4419 sententiam
1687 4369 1735 4419 de-

408 4446 519 4496 siderari
535 4450 648 4511 putaret.
677 4449 835 4500 concinnior
851 4448 881 4498 tit
897 4448 979 4498 oratio
997 4447 1048 4496 hoc
1066 4445 1189 4496 membro
1213 4444 1340 4495 abscisso.
1368 4445 1392 4494 Si
1411 4443 1473 4507 quid
1491 4443 1590 4494 addere
1608 4442 1735 4496 voluisset

409 4521 514 4581 Cicero,
537 4525 593 4572 tam
615 4525 702 4589 inepta
727 4527 754 4574 et
775 4524 907 4588 languenti
926 4522 1126 4574 sententiatim
1145 4521 1245 4584 periodi
1263 4521 1288 4569 in
1306 4521 1422 4569 extreme
1442 4521 1516 4582 parte
1535 4532 1585 4568 non
1604 4517 1733 4581 fregisset,

408 4596 457 4647 sed
478 4594 527 4646 alia
553 4601 754 4662 excogitasset·
771 4601 885 4650 Wsrsrr.
907 4626 934 4634 -
957 4597 998 4648 44.
1018 4599 1092 4646 etiam
1110 4599 1143 4658 C,
1166 4595 1278 4646 loix:
1298 4607 1347 4644 esse
1364 4596 1409 4642 vO
1429 4620 1455 4628 -
1481 4595 1521 4644 444.
1538 4593 1736 4655 incredibilisque

408 4673 513 4723 EGSU
538 4699 565 4710 -
589 4681 654 4726 certe
677 4677 744 4725 E·
769 4676 809 4726 46,
826 4675 982 4738 propositos,
1006 4673 1066 4722 hsce
1085 4685 1164 4734 poene
1182 4671 1312 4732 popularis
1329 4670 1464 4720 Patricius.
1491 4669 1520 4718 ln
1539 4669 1582 4719 ed.
1601 4671 1644 4720 Or.
1664 4672 1735 4718 totus

409 4746 482 4798 locus
500 4749 539 4799 sic
556 4751 738 4815 interpunctas
756 4754 811 4800 est:
834 4751 929 4800 Multos
940 4776 977 4786 -·
988 4749 1100 4812 cognovi.
1119 4748 1167 4796 Sed
1177 4772 1214 4782 ·-
1225 4759 1304 4807 paese
1319 4745 1467 4808 populares:
1487 4745 1576 4794 coslris
1591 4745 1672 4796 locum
1683 4740 1735 4793 ho-

406 4836 479 4884 pere,
491 4825 722 4886 --cooquiescout
741 4825 805 4874 Suot
821 4838 852 4873 ao
869 4827 919 4873 cet.
935 4849 961 4859 —
982 4823 1022 4873 t8.
1041 4823 1195 4881 hiemumque
1213 4819 1352 4870 Patricius:
1371 4818 1521 4880 hiantemque
1538 4818 1615 4869 codd.
1630 4821 1657 4868 ct
1673 4819 1732 4868 0—

408 4899 574 4949 boiserotes
593 4927 620 4936 -
644 4901 686 4950 49.
705 4901 736 4948 iis
753 4912 816 4949 nos:
838 4900 876 4948 tis
892 4901 942 4950 CO
962 4925 988 4934 -
1007 4910 1064 4946 cum
1081 4895 1219 4946 Patricius:
1241 4897 1294 4942 tum
1310 4895 1356 4942 044.
1376 4894 1412 4951 ll;
1436 4898 1489 4942 tum
1506 4907 1562 4943 cum
1579 4892 1656 4944 codd.
1675 4891 1731 4943 rell.

409 4980 436 5025 et
453 4976 472 5024 0
490 5000 523 5012 ·-
538 4975 579 5026 24.
597 4975 742 5025 comunem
755 4976 876 5036 praemiis
892 4989 923 5024 oc
939 4972 1060 5023 mensoria
1076 4972 1100 5020 h.
1114 4971 1264 5031 sempiterno
1282 4967 1439 5031 Madvigius:
1459 4969 1570 5018 mcitoto
1585 4973 1642 5018 suot
1656 4981 1735 5030 pros-

408 5051 466 5100 miir
481 5051 515 5100 od
529 5050 678 5100 mom
693 5050 718 5098 i.
736 5049 885 5111 scorpitemu
901 5047 981 5099 codd.
1000 5047 1028 5095 et
1044 5047 1063 5094 0
1084 5069 1108 5082 -
1130 5044 1170 5094 23.
1189 5043 1355 5105 coumpioera't
1371 5057 1401 5092 v:
1420 5045 1595 5106 concupiverat
1611 5041 1688 5094 codd.
1704 5067 1732 5078 -

408 5127 469 5177 hoec
489 5138 552 5176 cero
573 5126 629 5175 tous
650 5124 790 5183 Patricium
812 5125 873 5173 hoec
893 5123 1014 5173 nimirum
1032 5118 1081 5183 (vel
1100 5119 1159 5180 uon)
1177 5121 1232 5169 tous
1249 5119 1365 5178 Ernesti;
1391 5131 1440 5182 ego
1457 5118 1547 5170 malim
1563 5117 1624 5168 iaec
1639 5113 1736 5167 ’44444444

409 5201 466 5251 tour
483 5227 509 5239 -
529 5201 571 5252 se.
589 5200 702 5264 turpibus
717 5200 832 5262 impensis
849 5212 911 5249 nos:
928 5195 1042 5258 turpibus
1057 5195 1173 5256 impensis
1188 5195 1352 5256 cupiditatum
1370 5192 1446 5244 codd.
1466 5195 1485 5244 0
1505 5221 1532 5230 -
1551 5191 1592 5242 27.
1611 5191 1735 5241 tohomem

411 5274 459 5327 Ed.
477 5275 628 5337 wormium
651 5277 679 5327 at
694 5287 720 5325 4.
739 5286 778 5324 cr.
797 5272 861 5324 Phil.
879 5274 914 5334 li,
934 5271 950 5336 5
967 5273 1008 5323 er.
1030 5297 1056 5309 —
1079 5271 1172 5336 accipie
1189 5271 1208 5322 E
1228 5296 1254 5306 -
1280 5269 1321 5322 28.
1339 5269 1398 5320 444444
1412 5270 1447 5332 E,
1466 5267 1482 5321 4
1500 5268 1578 5328 Oxx.;
1598 5279 1647 5318 nos
1664 5279 1731 5317 corr.
