4009 6159
419 607 503 678 tols
837 610 988 676 ORATIO
1010 609 1090 676 PRO
1111 612 1153 675 M.
1178 607 1323 673 CAELIO

418 783 576 869 profecto,
600 803 664 868 quo
686 782 780 848 vellet
801 803 931 846 aurum:
958 783 985 860 si
1008 789 1072 844 tam
1093 778 1256 843 familiaris
1278 781 1447 848 nouerat,
1469 791 1535 836 non
1555 769 1654 833 dedit.
1689 769 1736 830 lta

420 879 446 942 si
467 897 576 942 verum
606 879 663 942 tibi
686 877 810 941 Caelius
832 877 927 952 dixit,
957 896 976 939 o
998 874 1205 939 immoderata
1225 870 1354 945 mulier,
1383 869 1486 933 sciens
1507 873 1543 929 tu
1564 883 1676 928 aurum
1697 860 1736 925 ad

420 972 545 1036 facinus
567 972 697 1036 dedisti:
724 971 751 1034 si
772 991 837 1036 non
859 979 908 1034 est
924 960 1025 1034 ¹ausus
1047 969 1168 1043 dicere,
1190 986 1256 1029 uon
1277 962 1403 1027 dedisti.

505 1067 607 1128 xxii.
630 1065 715 1142 Quid
738 1085 796 1149 ego
819 1085 902 1129 nunc
925 1064 1117 1148 argumentis
1139 1061 1214 1125 hnic
1235 1056 1376 1130 crimini,
1398 1074 1481 1140 quae
1502 1061 1576 1116 sunt
1595 1053 1738 1114 innume·

397 1159 547 1234 trabilia,
568 1162 733 1224 resistam?
754 1162 884 1222 Possum
907 1158 1010 1222 dicere
1032 1176 1136 1222 mores
1157 1157 1199 1219 Μ.
1215 1152 1313 1217 Caelii
1334 1149 1516 1232 longissime
1538 1167 1557 1210 a
1577 1144 1658 1210 tanti
1672 1161 1739 1206 sce·

422 1254 497 1348 letis
519 1255 680 1318 atrocitate
702 1273 771 1318 esse
795 1253 984 1316 disiunctos:
1010 1251 1139 1314 minime
1161 1269 1231 1313 esse
1253 1243 1444 1310 credendum
1464 1242 1586 1305 homini
1606 1247 1671 1302 tam
1692 1236 1740 1299 in·

423 1349 553 1456 genioso
584 1355 712 1431 tamque
743 1347 890 1430 prudenti
923 1367 988 1410 non
1017 1347 1143 1409 venisse
1169 1345 1203 1408 in
1229 1349 1383 1413 mentem,
1416 1357 1482 1400 rem
1511 1333 1591 1399 tanti
1612 1329 1740 1394 sceleris

422 1440 537 1524 ignotis
559 1442 736 1526 alienisque
758 1442 856 1506 servis
877 1461 941 1504 non
968 1460 1039 1505 esse
1060 1439 1259 1503 credendam.
1292 1438 1424 1498 Possum
1446 1432 1542 1495 etiam
1561 1428 1615 1492 illa
1637 1433 1671 1488 et
1691 1443 1741 1486 ce·

422 1544 561 1599 terornm
583 1542 786 1618 patronorum
808 1543 840 1598 et
860 1555 931 1598 mea
952 1533 1182 1598 consuetudine
1203 1533 1242 1595 ab
1263 1537 1446 1594 accusatore
1466 1513 1740 1608 perquirere,(nbi

386 1628 464 1692 rosit
484 1623 765 1724 congressus)cum
786 1629 884 1692 serris
906 1630 1023 1692 Luccei
1041 1622 1259 1712 Caelius,(qni
1276 1625 1305 1687 ei
1322 1623 1417 1685 inerit
1432 1619 1560 1697 aditus.)
1578 1617 1610 1678 Si
1625 1633 1683 1697 per
1697 1630 1741 1683 sc,

423 1743 487 1830 qua
508 1723 705 1787 temeritate?
727 1723 754 1786 si
776 1743 832 1806 per
853 1723 966 1797 alium,
989 1723 1178 1806 perquem?
1207 1722 1338 1783 Possum
1352 1735 1462 1779 omnes
1483 1711 1619 1776 latebras
1640 1703 1742 1789 suspi-

423 1835 550 1924 cionum
570 1836 737 1900 peragrare
759 1816 904 1880 dicendo.
938 1799 1017 1900 (Non
1038 1834 1149 1890 causa,
1181 1833 1247 1877 non
1272 1813 1378 1884 locus,
1412 1828 1477 1871 non
1498 1803 1645 1876 incultas,
1676 1819 1742 1864 non

425 1929 584 1986 conserus,
606 1930 670 1974 non
693 1910 892 1994 perficiendi,
921 1931 985 1974 non
1007 1907 1183 1973 occultandi
1205 1905 1350 1970 maleficii
1371 1922 1460 1986 spes,
1483 1918 1547 1963 non
1567 1896 1647 1961 ratio
1668 1893 1742 1967 ulla,

238 2069 302 2112 μ
424 2025 489 2068 non
517 2005 682 2088 vestigium
712 2005 842 2069 maximi
870 2004 1020 2068 facinoris
1048 1999 1246 2090 reperifflrr.)
1272 1997 1323 2062 et.
1346 1996 1409 2060 Sed
1437 1997 1534 2068 haec,
1566 2009 1649 2076 qnae
1671 1993 1744 2050 sunt

257 2107 276 2119 ”
388 2099 728 2183 iteratoris'propria,
757 2119 839 2184 quae
870 2098 946 2162 mihi
968 2119 1032 2162 non
1052 2104 1182 2183 propter
1203 2094 1365 2176 ingenium
1386 2109 1507 2162 meum,
1538 2086 1594 2150 sed
1616 2089 1745 2168 propter

425 2191 505 2278 hanc
526 2194 783 2258 exercitationem
804 2212 964 2276 usumque
986 2192 1111 2256 dicendi
1138 2190 1274 2253 fructum
1295 2187 1432 2270 aliquem
1452 2183 1535 2246 terre
1558 2177 1745 2263 potuissent,

426 2306 544 2394 cumn
573 2308 624 2351 me
646 2289 717 2373 ipso
739 2289 901 2352 elaborata
921 2286 1055 2370 proferri
1076 2286 1273 2357 riderentur,
1299 2280 1462 2344 brevitatis
1483 2292 1580 2339 cansa
1599 2271 1745 2352 relinquo

264 2399 280 2480 q
427 2399 543 2443 omnra.
575 2381 685 2446 Habeo
700 2383 802 2456 enim,
825 2381 955 2455 iudices,
977 2401 1073 2464 quem
1087 2401 1143 2444 vos
1159 2379 1277 2441 socium
1292 2383 1414 2460 vestrae
1427 2369 1591 2452 religionis
1605 2363 1746 2444 iurisque

278 2493 293 2590 p
373 2475 385 2547 ,4
425 2473 547 2582 iurandi
569 2475 661 2539 facile
683 2496 754 2540 esse
773 2475 954 2559 patiamini,
975 2475 1012 2537 L.
1027 2473 1212 2547 Lucceium,
1234 2469 1465 2534 sanctissimum
1479 2462 1656 2548 hominem,
1676 2474 1746 2539 gra·

372 2556 588 2666 laovrssrmum
610 2578 740 2663 testem,
763 2571 819 2654 qni
841 2577 962 2633 tantum
984 2569 1108 2632 facinus
1130 2566 1162 2628 in
1184 2564 1300 2628 famam
1321 2571 1417 2645 atque
1437 2558 1579 2622 fortunas
1600 2571 1674 2617 suae
1692 2567 1746 2612 ne·

426 2683 489 2745 que
512 2683 576 2726 non
598 2666 738 2730 audisset
758 2665 880 2728 illatum
903 2683 921 2726 a
938 2663 1046 2727 Caelio
1067 2681 1172 2746 neque
1193 2657 1387 2742 neglexisset
1406 2673 1512 2737 neque
1533 2649 1665 2712 tulisset
1698 2645 1746 2706 An

297 2805 307 2861 ἢ,
428 2755 484 2865 ille
502 2759 564 2833 vir,
593 2760 649 2822 illa
676 2759 871 2822 humanitate
892 2757 1072 2841 praeditus,
1100 2755 1165 2819 illis
1192 2753 1321 2825 studiis,
1349 2749 1414 2834 illis
1435 2747 1554 2811 artibus
1574 2749 1671 2824 atque
1692 2736 1747 2799 do-

428 2858 544 2928 ctrina,
566 2853 651 2918 illius
673 2854 775 2938 ipsius
796 2853 989 2936 periculum,
1011 2869 1106 2934 quem
1128 2855 1259 2933 propter
1278 2845 1358 2909 hae'c
1378 2843 1449 2923 ipsa
1468 2838 1572 2904 studia
1586 2832 1747 2916 diligebat,

428 2946 588 3030 negligere
609 2949 789 3032 potuisset?
812 2955 845 3010 et
858 2945 944 3030 quod
958 2944 1080 3008 facinus
1094 2944 1129 3006 in
1142 2941 1282 3005 alienum
1297 2937 1455 3001 hominem
1468 2933 1625 2996 intentum
1638 2944 1748 2992 serere

392 3041 600 3126 reacciperet,
628 3040 661 3104 id
684 3042 843 3106 omisisset
863 3059 970 3104 curare
999 3041 1033 3102 in
1052 3037 1233 3120 hospitem?
1264 3030 1351 3117 quod
1373 3048 1430 3112 pcr
1449 3028 1576 3110 ignotos
1596 3029 1700 3086 aetum
1721 3018 1748 3081 si

430 3138 650 3220 comperisset,
672 3136 809 3212 doleret,
831 3136 864 3198 id
885 3155 905 3198 a
926 3135 992 3198 suis
1014 3131 1114 3196 servis
1134 3135 1290 3194 tentatum
1311 3144 1382 3189 esse
1396 3121 1592 3206 negligeret?
1614 3115 1701 3199 quod
1715 3113 1748 3175 in

430 3229 513 3311 agris
542 3230 661 3295 locisve
690 3230 825 3312 publicis
850 3229 967 3293 tactum
995 3225 1256 3310 reprehenderet,
1288 3219 1320 3283 id
1348 3220 1383 3282 in
1409 3216 1488 3280 urbe
1509 3233 1545 3276 ac
1565 3211 1651 3276 dorni
1672 3225 1749 3273 suae

430 3332 575 3408 coeptum
597 3345 667 3389 esse
689 3325 802 3388 leniter
822 3324 939 3387 ferret?
962 3321 1050 3406 quod
1069 3321 1102 3382 in
1124 3317 1258 3382 alicuius
1275 3312 1409 3397 agrestis
1423 3307 1565 3393 periculo
1580 3321 1645 3368 non
1659 3321 1750 3386 prae·

431 3419 633 3494 termitteret,
662 3417 694 3482 id
715 3420 811 3482 horno
834 3417 975 3481 eruditus
997 3416 1031 3477 in
1051 3412 1176 3477 insidiis
1198 3407 1370 3473 doctissimi
1391 3402 1528 3468 hominis
1551 3397 1750 3462 dissimulan-

393 3511 505 3574 ecdum
538 3515 684 3596 putaret?
726 3511 778 3574 55.
808 3513 870 3575 Sed
899 3530 954 3576 cur
983 3508 1102 3573 diutius
1130 3525 1203 3578 ros,
1230 3502 1365 3574 iudices,
1388 3497 1503 3561 teneo?
1535 3495 1635 3577 ipsius
1655 3487 1749 3552 iurati

430 3605 614 3689 religionem
646 3607 928 3691 auctoritatemque
958 3602 1111 3688 percipite
1140 3606 1235 3682 atque
1264 3595 1370 3659 omnia
1391 3591 1558 3673 diligenter
1577 3580 1749 3648 testimonii

430 3782 1913 3842 Μ’.

497 3971 520 4020 4.
538 3981 590 4019 nen
605 3966 688 4020 dedito
703 3965 725 4016 st
741 3963 769 4016 Ρι
792 3963 850 4027 (non
866 3962 932 4013 44444
947 3972 995 4026 pro
1011 3972 1062 4010 444
1078 3956 1144 4007 dedit
1160 3955 1229 4006 coni.
1247 3951 1344 4004 Rarius
1360 3949 1387 3998 in
1404 3947 1465 3997 var.
1484 3944 1567 3995 Lectt.
1583 3942 1621 4004 11,
1639 3953 1666 4004 p.
1684 3935 1752 3999 403.)

434 4072 460 4083 -
480 4046 504 4097 3.
524 4045 646 4096 nurus:
667 4039 898 4092 rurrroPEG-
922 4032 1077 4098 tqotrt,
1101 4014 1753 4096 quarm-erpoGE-taecettr-atr-

432 4123 552 4172 4444444444
568 4119 627 4171 cod.
647 4116 739 4168 Lamb.
759 4141 786 4150 —
813 4125 863 4164 4444
879 4115 898 4163 P
915 4113 941 4162 in
958 4124 1012 4162 res.
1033 4136 1061 4146 -
1079 4108 1103 4159 8.
1123 4106 1271 4158 4444444444
1286 4099 1357 4152 0’5;
1381 4088 1632 4149 4444444444404461
1654 4089 1711 4154 (sed
1727 4088 1753 4138 in

433 4199 511 4248 Pes?
525 4210 544 4246 44
560 4195 585 4245 in
603 4193 666 4256 ros.)
686 4217 713 4228 -
733 4192 773 4241 40.
792 4188 887 4239 luccae?
903 4189 935 4246 P,
953 4186 1017 4236 lucei
1032 4186 1083 4236 EG
1103 4211 1128 4222 -
1148 4183 1188 4232 44,
1206 4181 1287 4232 onmis
1302 4180 1323 4227 G
1336 4201 1363 4211 -
1381 4173 1544 4236 4444444444
1559 4170 1620 4219 P-
1639 4165 1679 4216 44.
1696 4178 1753 4214 4444-

432 4273 505 4324 eamr
521 4273 570 4322 PG
589 4293 615 4306 -
639 4267 783 4331 reperiatur
799 4262 829 4315 G¹
854 4291 879 4300 -
906 4263 946 4312 47.
965 4261 1095 4312 4440444444
1118 4261 1149 4310 A.
1167 4255 1342 4319 Augustinus:
1366 4245 1567 4299 4444444441-
1591 4241 1631 4290 49.
1649 4240 1754 4290 44444444

435 4349 512 4400 PEG
524 4373 552 4383 -
570 4345 745 4411 4444444444
756 4339 834 4393 Orelli
847 4340 895 4402 44);
914 4343 937 4388 44
952 4335 1128 4402 prostremam»
1140 4333 1191 4382 CO
1204 4355 1232 4366 -
1250 4329 1291 4378 20,
1304 4327 1332 4375 44
1346 4324 1443 4387 [mnam
1459 4326 1534 4382 atque
1544 4319 1576 4367 S:
1593 4315 1754 4378 4444444444

435 4423 512 4474 PEG
530 4449 558 4459 -
581 4423 623 4472 44,
640 4434 691 4470 non
708 4421 734 4469 in
752 4419 773 4468 G
789 4416 893 4482 punctis
910 4415 1039 4464 notatum.
1059 4435 1085 4446 -
1108 4409 1214 4458 44444444
1230 4406 1250 4454 P
1268 4429 1295 4440 -
1322 4414 1340 4450 4
1357 4401 1376 4450 P
1393 4410 1451 4461 sup.
1470 4394 1514 4445 tin.
1533 4419 1560 4431 -
1577 4388 1754 4440 munterte

437 4523 464 4536 ·-
483 4499 524 4550 44.
540 4498 631 4547 ...dtr
646 4496 696 4545 44444
711 4491 854 4543 4444444--
866 4488 950 4540 caelio
966 4500 992 4551 p.
1007 4485 1080 4544 4049,
1092 4484 1125 4534 40
1141 4480 1290 4532 hebetT-
1309 4476 1359 4525 ute
1374 4471 1470 4523 4444044
1486 4470 1515 4530 T,
1532 4468 1562 4516 ut
1577 4463 1661 4516 edidit
1675 4463 1755 4513 Lam-

435 4574 527 4624 binus:
545 4571 595 4622 44444
610 4583 664 4622 om.
677 4567 756 4620 codd.
768 4564 826 4617 rell.
841 4589 869 4601 -
888 4563 928 4615 2³.
946 4561 1030 4612 studia
1046 4571 1099 4610 om.
1113 4557 1134 4608 E
1150 4583 1177 4592 —
1195 4553 1237 4606 st.
1254 4551 1379 4614 44444444
1395 4550 1455 4598 P-
1472 4545 1499 4593 44
1515 4543 1573 4593 TS:
1593 4551 1646 4590 om.
1659 4531 1753 4595 PEG¹;

432 4661 479 4714 per
490 4645 521 4698 θ’
533 4673 560 4682 -
579 4647 699 4697 intentum
710 4645 752 4694 T¹:
770 4635 948 4696 tusorum
966 4637 1073 4687 44444444
1083 4635 1137 4694 PG,
1154 4631 1253 4681 44444444
1264 4629 1298 4685 0;
1316 4616 1553 4675 mammonin
1564 4614 1596 4679 (T)
1607 4639 1641 4651 -
1656 4613 1698 4663 40.
1710 4623 1756 4660 ac·

435 4726 517 4786 ctpere
532 4724 552 4773 P
571 4749 597 4760 -
615 4723 643 4771 44
659 4721 777 4783 hospitem
788 4718 816 4778 T,
834 4717 864 4766 ut
881 4711 1003 4764 Garatoni
1020 4709 1183 4762 coniecerat:
1202 4706 1229 4755 44
1244 4702 1336 4765 despite
1353 4697 1431 4749 codd.
1443 4693 1500 4745 rell.
1514 4719 1542 4729 -
1560 4695 1646 4741 444444
1660 4687 1757 4738 444444-

433 4801 536 4864 perteret
551 4800 571 4849 T
588 4800 616 4850 et
631 4796 730 4860 aliquot
745 4792 805 4844 libri
822 4789 929 4842 Lamo:
956 4791 1040 4838 cctrrm
1060 4783 1214 4847 cumpetisset
1228 4782 1262 4839 P,
1287 4782 1372 4827 444444
1391 4771 1541 4834 competisset
1557 4769 1578 4817 G
1596 4763 1757 4829 (emmae

437 4878 530 4938 corr.);
549 4881 632 4926 oetrsn
648 4885 705 4924 cum
721 4869 877 4932 conpeteret
893 4868 909 4916 S
924 4891 949 4904 -
969 4864 1010 4915 46.
1028 4875 1046 4911 4
1062 4861 1113 4910 4444
1128 4858 1205 4909 444444
1220 4856 1252 4905 T:
1270 4853 1348 4902 444444
1363 4861 1418 4900 om.
1432 4844 1510 4897 codd.
1525 4841 1661 4900 relicto,
1677 4834 1755 4902 prob.

437 4951 548 5014 iladvig.
567 4963 594 5015 p.
612 4949 670 5002 404.
691 4973 718 4984 -
736 4948 882 5008 4444444444
898 4942 975 4992 TPG
995 4964 1021 4974 -
1039 4935 1177 4999 4444444444
1191 4933 1212 4982 T
1219 4945 1225 4989 ;
1243 4927 1371 4992 repugare
1387 4926 1405 4975 P
1423 4949 1452 4960 -
1469 4922 1511 4973 2⁸1.
1528 4918 1634 4980 44444444
1650 4916 1669 4965 T
1685 4911 1757 4964 solos

439 5027 566 5078 ornetis.
587 5051 613 5063 -
632 5017 977 5087 reprctmdoretctidT-
997 5001 1350 5062 manuductorem?
1370 4993 1602 5062 4444444οΡοΕ
1621 5015 1647 5028 -
1665 4989 1707 5039 28.
1724 4986 1758 5036 44-

437 5105 503 5154 44444
518 5101 666 5153 TPEGS:
685 5099 770 5148 leviter
785 5095 815 5146 0.
840 5093 878 5145 Gt.
896 5090 978 5142 Klotz.
996 5089 1024 5138 in
1041 5085 1126 5137 Praei.
1145 5082 1188 5134 ed.
1206 5079 1307 5131 Teubn.
1326 5091 1353 5142 p.
1365 5075 1430 5127 xui.
1449 5071 1517 5136 tinE
1533 5069 1621 5119 4444444
1636 5075 1696 5116 esse
1708 5074 1758 5112 uo·

439 5179 560 5230 minutim
577 5176 640 5227 dicit
651 5170 791 5230 Graevius,
809 5167 858 5221 sed
875 5161 1126 5223 tacethnderus.)
1141 5185 1167 5196 -
1185 5159 1252 5221 serre
1267 5157 1287 5206 P
1305 5180 1332 5189 -
1347 5156 1431 5216 praet
1441 5149 1549 5198 mitteret
1563 5146 1583 5195 P
1600 5143 1628 5192 et
1643 5138 1686 5197 G¹3
1701 5150 1760 5200 pm-

439 5258 546 5308 444444444
562 5256 593 5305 G²
611 5279 639 5289 -
656 5250 699 5301 29.
716 5248 743 5298 44
759 5246 792 5296 t:
811 5257 865 5295 om.
883 5243 961 5295 PEG
979 5265 1007 5282 ν-
1025 5237 1111 5293 inridit
1126 5235 1146 5285 T
1162 5259 1190 5271 -
1207 5222 1566 5283 exanimaremur-
1585 5213 1760 5279 st.peretprrc

441 5337 516 5398 atquc
532 5341 585 5384 om.
598 5328 619 5380 T
631 5351 657 5372 —.
678 5322 799 5385 4444444444
816 5316 854 5381 1³¹,
