4009 6159
410 546 492 613 tioot
823 553 974 619 onorio
995 524 1074 620 nno
1096 557 1139 621 u.
1162 555 1307 621 memo

409 721 502 784 sicuti
525 721 704 785 meminisse
726 741 783 786 ros
805 723 948 799 arbitror,
969 725 1125 808 permulta
1146 726 1353 790 maximarum
1373 746 1440 789 non
1457 745 1608 811 expressa
1628 728 1724 810 signa,

409 816 465 879 sed
487 815 669 879 adumbrata
685 817 845 881 virtutum.
879 818 1031 882 Utebatur
1044 818 1226 883 hominibus
1241 820 1391 903 improbis
1406 821 1529 885 multis:
1552 820 1726 905 etquidem

410 910 537 992 optimis
566 928 600 971 se
628 909 704 973 viris
733 910 874 977 deditum
903 932 973 975 esse
1001 913 1177 977 simulabat.
1220 914 1319 977 Erant
1342 913 1428 996 apud
1448 914 1540 979 illum
1558 916 1727 980 illecebrae

409 1002 577 1066 libidinum
608 1003 744 1068 multae:
777 1012 868 1068 erant
899 1007 993 1069 etiam
1023 1007 1196 1071 industriae
1231 1006 1361 1091 qnidam
1392 1008 1510 1071 stimuli
1538 1030 1576 1073 ac
1602 1009 1726 1073 laboris.

386 1096 596 1178 olilagrabant
617 1098 694 1162 ritis
715 1097 856 1163 libidinis
878 1099 961 1182 apud
984 1102 1091 1165 illum:
1113 1102 1261 1183 vigebant
1281 1102 1376 1165 etiam
1390 1101 1495 1165 studia
1513 1104 1560 1167 rei
1575 1104 1727 1167 militaris.

409 1194 522 1274 Neque
541 1211 600 1276 ego
621 1212 772 1275 umquam
792 1190 891 1257 fuisse
913 1194 975 1257 tale
998 1203 1172 1259 monstrum
1196 1198 1228 1259 in
1250 1196 1342 1259 terris
1364 1196 1461 1261 ullum
1483 1205 1577 1279 puto,
1604 1206 1667 1261 mm
1688 1217 1729 1260 ex

409 1286 573 1349 contrariis
601 1287 798 1369 diversisque
820 1296 851 1350 et
873 1288 955 1351 inter
975 1309 1009 1353 se
1032 1289 1243 1372 pugnantibus
1265 1298 1394 1353 naturae
1416 1290 1527 1354 studiis
1549 1291 1730 1375 cupiditati·

407 1378 532 1462 busque
560 1382 739 1444 condatum.
782 1380 834 1443 VI.
858 1377 908 1445 t3.
931 1382 1012 1458 Quis
1042 1384 1225 1447 clarioribus
1254 1385 1330 1448 viris
1353 1383 1490 1468 quodam
1517 1392 1660 1469 tempore
1681 1384 1729 1445 iu·

409 1472 564 1536 condior‘l
586 1474 657 1557 quis
680 1474 873 1557 turpioribus
894 1477 1112 1539 coniunctiori
1135 1477 1208 1560 quis
1229 1478 1305 1540 civis
1327 1477 1494 1541 meliorum
1514 1480 1651 1562 partium
1672 1477 1730 1541 ali·

372 1578 400 1623 40
409 1566 563 1651 quandoi
592 1568 663 1652 quis
692 1568 821 1631 taetrior
848 1568 949 1633 hostis
970 1571 1047 1634 huic
1069 1572 1212 1634 civitati?
1241 1573 1312 1653 quis
1335 1572 1368 1633 in
1389 1570 1604 1653 voluptatibus
1624 1571 1729 1654 inqui-

409 1661 538 1725 natior?
560 1662 632 1746 quis
655 1663 688 1725 in
710 1661 870 1727 laboribus
892 1664 1086 1747 patientiori
1109 1664 1182 1747 quis
1203 1664 1236 1727 in
1257 1665 1428 1746 rapacitate
1442 1666 1587 1729 avarior?
1610 1663 1681 1747 quis
1694 1664 1730 1725 in

409 1753 574 1837 largitione
597 1756 749 1819 effusior?
782 1756 840 1821 Illa
861 1778 954 1832 vero,
976 1759 1112 1832 iudices,
1134 1759 1168 1821 in
1190 1758 1247 1821 illo
1268 1758 1396 1823 homine
1418 1758 1571 1821 mirabilia
1591 1756 1729 1832 fuerunt,

409 1849 677 1931 comprehendere
698 1850 813 1915 multos
835 1854 983 1927 amicitia,
1008 1855 1089 1917 tueri
1111 1854 1274 1937 obsequio,
1296 1872 1368 1915 oum
1389 1852 1729 1916 omnibus'communi-

409 1962 479 2005 care
502 1942 588 2028 quod
610 1934 763 2020 habebat,
790 1948 907 2012 servire
929 1947 1122 2031 temporibus
1144 1967 1272 2013 suorum
1291 1950 1432 2013 omnium
1452 1949 1598 2032 pecunia,
1620 1948 1728 2030 qratia,

372 2037 515 2101 illabere
539 2039 698 2121 corporis,
721 2040 841 2105 scelere
863 2042 975 2115 etiam,
997 2043 1024 2105 si
1046 2062 1127 2124 opus
1149 2049 1249 2117 esset,
1270 2052 1303 2106 et
1323 2042 1469 2107 audacia:
1491 2062 1618 2107 versare
1639 2060 1728 2105 suam

409 2139 552 2196 naturam
580 2140 612 2196 et
637 2152 747 2216 regere
776 2135 816 2199 ad
848 2144 972 2218 tempus
1001 2144 1096 2219 atque
1122 2135 1186 2200 huc
1208 2145 1240 2201 et
1260 2138 1336 2201 illuc
1358 2144 1506 2221 torquere
1527 2156 1565 2199 ao
1585 2134 1727 2200 flectere:

409 2246 481 2289 cum
502 2226 643 2291 tristibus
665 2247 791 2303 severe,
813 2250 884 2293 cum
906 2231 1047 2293 remissis
1068 2230 1221 2305 iucunde,
1244 2250 1315 2295 cum
1336 2231 1466 2295 senibus
1488 2231 1634 2313 graviter,
1657 2250 1728 2294 cum

410 2320 571 2385 iuventute
593 2323 739 2397 comiter,
762 2342 832 2387 cum
855 2324 1041 2388 facinorosis
1063 2323 1227 2399 audacter,
1259 2346 1332 2388 cum
1360 2324 1539 2388 libidinosis
1567 2323 1727 2388 luxuriose

408 2415 524 2479 virere.
568 2410 619 2477 tl.
641 2416 707 2479 Hac
728 2416 783 2481 ille
805 2425 869 2481 iam
890 2418 977 2481 varia
999 2418 1228 2502 multiplicique
1248 2427 1360 2482 natura
1374 2439 1444 2483 cum
1459 2438 1570 2482 omnes
1584 2417 1728 2482 omnibus

372 2521 451 2573 atex
480 2510 571 2573 terris
599 2508 745 2575 homines
774 2513 933 2595 improbos
962 2513 1161 2595 audacesque
1193 2513 1377 2595 collegerat,
1409 2520 1476 2576 tum
1498 2514 1592 2576 etiam
1613 2513 1727 2575 maritos

289 2636 296 2647 .
408 2602 505 2668 sortes
527 2603 610 2667 viros
634 2611 665 2667 et
685 2604 786 2669 bonos
809 2608 915 2688 specie
938 2606 1075 2691 quadam
1089 2607 1215 2670 vimutis
1236 2607 1435 2671 assimulatae
1449 2608 1586 2672 tenebat.
1618 2610 1727 2690 Neque

408 2717 559 2781 umquam
582 2698 698 2761 exilio
722 2698 848 2762 delendi
872 2700 967 2764 huius
989 2700 1113 2783 imperii
1136 2709 1197 2764 tam
1221 2702 1453 2765 consceleratus
1474 2703 1609 2786 impetus
1632 2703 1728 2765 exsti·

408 2794 514 2865 iisset,
536 2792 596 2855 nisi
619 2798 665 2855 tot
686 2792 834 2855 vitiorum
858 2801 945 2857 tanta
967 2795 1358 2878 immanitasquibusdam
1378 2795 1537 2859 facilitatis
1556 2803 1587 2857 ot
1607 2795 1727 2878 patien-

408 2888 471 2951 tiae
492 2887 651 2951 radicibus
674 2888 835 2952 niteretur.
879 2889 983 2965 Quare
1013 2891 1074 2953 ista
1095 2891 1250 2963 conditio,
1283 2888 1420 2963 iudices,
1452 2896 1635 2972 respuatur,
1669 2908 1727 2952 nec

369 2990 397 3040 at
410 2980 562 3046 Catilinae
591 2980 812 3046 familiaritatis
842 2985 959 3047 crimen
988 2983 1133 3060 haereat3
1163 2991 1213 3046 est
1233 2986 1316 3048 enim
1339 3003 1598 3047 commonacum
1620 2983 1725 3045 multis

408 3082 440 3141 et
467 3095 537 3139 cum
569 3076 757 3159 quibusdam
787 3078 882 3141 etiam
910 3078 1014 3141 bonis.
1055 3078 1106 3141 hle
1131 3079 1253 3162 ipsum,
1285 3098 1352 3151 me,
1384 3079 1531 3162 inquam,
1564 3078 1725 3159 quondam

408 3190 509 3253 paene
531 3171 586 3234 ille
610 3170 749 3252 decepit,
772 3190 844 3234 cum
866 3179 897 3234 et
919 3173 996 3235 civis
1017 3172 1095 3234 mihi
1117 3172 1219 3235 bonus
1242 3181 1273 3236 et
1295 3172 1405 3255 optimi
1424 3172 1578 3253 cuiusque
1593 3170 1725 3254 cupidus

408 3274 440 3328 et
467 3261 574 3329 firmus
603 3264 721 3328 amicus
749 3284 786 3326 ac
813 3265 917 3329 fidelis
943 3266 1118 3330 videretur:
1147 3267 1237 3330 cuins
1267 3286 1325 3349 ego
1354 3265 1493 3329 facinora
1515 3264 1617 3327 oculis
1639 3264 1726 3346 prius
1776 3347 1780 3356 ι

409 3380 504 3443 quam
534 3359 701 3443 opinione,
734 3358 878 3422 manibus
906 3370 978 3424 ante
1007 3380 1101 3444 quam
1129 3361 1307 3443 suspicione
1336 3358 1548 3443 deprehendi:
1582 3359 1672 3421 cuius
1693 3359 1725 3421 in

369 3454 530 3536 anagnis
552 3453 686 3515 catervis
707 3452 879 3516 amicorum
907 3454 934 3516 si
961 3453 1023 3517 luit
1043 3454 1138 3517 etiam
1160 3453 1300 3527 Caelius,
1328 3454 1428 3537 magis
1450 3461 1497 3516 est
1517 3460 1554 3516 ut
1573 3454 1642 3535 ipse
1660 3472 1727 3515 mo

408 3547 488 3611 leste
508 3547 588 3611 ierat
611 3565 731 3609 errasse
754 3567 804 3620 se,
828 3547 922 3611 sicuti
944 3568 1009 3611 non
1030 3558 1202 3632 numquam
1221 3548 1256 3611 in
1281 3547 1393 3611 eodem
1415 3547 1545 3610 homine
1571 3567 1621 3609 me
1646 3565 1727 3629 quo·

408 3661 472 3723 que
502 3642 617 3704 erroris
645 3641 708 3703 mei
735 3641 890 3723 paenitet,
926 3662 1020 3726 quam
1048 3643 1199 3705 utistius
1221 3643 1375 3706 amicitiae
1396 3642 1514 3704 crimen
1535 3640 1725 3704 reformidet.

407 3735 474 3798 Vll.
497 3730 548 3798 45.
570 3735 682 3819 ltaque
711 3755 731 3799 a
756 3733 930 3799 maledictis
952 3737 1123 3817 pudicitiae
1145 3735 1184 3798 ad
1208 3738 1432 3799 coniurationis
1453 3734 1604 3800 invidiam
1625 3734 1725 3798 oratio

408 3837 457 3892 est
478 3837 582 3892 vestra
603 3828 742 3909 delapsa.
775 3828 928 3891 Posuistis
951 3830 1045 3905 enim,
1067 3837 1163 3913 atque
1184 3830 1218 3893 id
1232 3838 1337 3893 umen
1352 3830 1524 3894 titubanter
1538 3836 1569 3893 et
1583 3829 1725 3902 strictim,

370 3926 636 3989 &coniurationis
658 3924 743 3986 hunc
763 3931 892 4009 propter
914 3924 1081 3987 amicitiam
1097 3923 1249 3986 Catilinae
1270 3925 1455 4007 participem
1475 3922 1591 3986 inisse:
1613 3924 1725 4005 inquo

408 4039 474 4082 non
494 4019 587 4082 modo
610 4017 729 4080 crimen
750 4037 813 4080 non
835 4017 1000 4092 haerebat,
1030 4017 1085 4080 sed
1107 4019 1161 4082 vix
1183 4018 1292 4081 diserti
1313 4018 1520 4081 adolescentis
1542 4016 1726 4079 cohaerebat

473 4282 660 4332 t.sicutG-
683 4282 979 4330 moeumcrumPG-
1004 4279 1350 4331 anomoeusion:
1374 4277 1723 4329 oirisdeditrnnseliGu

407 4358 542 4409 inlecebrae
557 4356 695 4406 lubidinsun
706 4358 724 4406 P
738 4382 765 4391 -
783 4357 808 4405 5.
821 4354 936 4403 lubidinis
949 4357 981 4415 P;
1000 4354 1128 4404 libidinoso
1139 4356 1200 4414 li-
1219 4354 1243 4403 6.
1254 4354 1329 4416 {uuo
1344 4366 1464 4415 unquosn
1476 4356 1497 4403 G
1510 4381 1537 4389 -
1555 4358 1608 4403 tosn
1618 4367 1651 4403 coc
1661 4354 1725 4403 EG:

407 4439 489 4484 tomes
500 4436 533 4493 P;
551 4438 604 4482 tom
615 4430 681 4487 Col.;
702 4443 734 4479 ac
746 4435 797 4479 tom
808 4430 841 4491 l.;
861 4432 887 4478 et
898 4442 923 4479 v.
937 4427 1023 4479 Madv.
1036 4429 1070 4478 ad
1083 4430 1136 4480 Cio.
1150 4429 1184 4479 de
1196 4430 1269 4479 Finn.
1283 4442 1308 4493 p.
1323 4427 1378 4478 660,
1387 4454 1414 4464 -
1428 4430 1452 4478 7.
1465 4433 1489 4478 et
1504 4426 1646 4479 intendet:
1663 4430 1728 4480 inter

407 4508 512 4569 PEGO,
531 4506 580 4558 sed
598 4508 639 4557 est
654 4507 681 4555 in
697 4507 788 4557 Ponte
805 4506 869 4555 inter
886 4518 967 4570 parva
979 4518 1083 4562 rasura,
1102 4510 1177 4567 atque
1188 4506 1252 4553 iuter
1262 4506 1290 4554 1..
1310 4502 1348 4554 ct.
1361 4504 1442 4553 eiam
1455 4504 1595 4568 Nipperdei
1607 4503 1725 4567 Prolegg.

407 4583 442 4633 ad
459 4583 643 4647 caespiti.
659 4609 686 4618 -
705 4582 729 4632 9.
748 4582 912 4643 quismciuis
928 4583 947 4631 P
960 4581 1048 4643 (etiam
1064 4594 1077 4629 s
1093 4581 1119 4629 in
1136 4582 1191 4642 quis
1206 4582 1232 4629 in
1248 4581 1311 4641 ras.)
1326 4606 1353 4615 —
1373 4581 1411 4629 40.
1426 4580 1574 4629 taeeiorP:
1593 4579 1680 4627 tetrior
1690 4580 1725 4637 03

407 4660 511 4709 taetrior
521 4660 600 4709 etiam
613 4658 708 4707 Fronto
725 4656 815 4717 habet,
829 4657 873 4719 qni
892 4658 922 4717 ll,
940 4657 955 4705 6
972 4669 998 4718 p.
1014 4655 1061 4705 402
1078 4655 1122 4704 ed.
1135 4657 1209 4707 Rom.
1223 4668 1265 4703 vu.
1279 4654 1542 4716 concertemus--
1553 4655 1581 4703 in
1596 4652 1729 4716 kemtione

407 4734 508 4797 etiuior
524 4734 607 4784 alieri.
630 4759 656 4767 —
677 4729 717 4782 il.
735 4730 833 4781 imbuet
850 4744 922 4796 susp.
941 4731 1059 4790 Ernesti;
1078 4733 1105 4780 at
1121 4730 1208 4781 mmet
1224 4730 1329 4781 nocuae
1345 4732 1424 4781 etiam
1442 4731 1535 4780 Fronto
1552 4728 1569 4778 l.
1587 4729 1631 4779 cit.
1649 4725 1727 4793 paulo

408 4806 524 4859 interius.
545 4834 572 4843 -
592 4808 632 4857 45.
650 4811 673 4855 et
690 4818 742 4855 om.
761 4806 811 4855 EG
828 4810 855 4855 et
871 4808 904 4866 P,
922 4803 969 4856 sed
988 4804 1032 4854 hic
1048 4806 1074 4854 in
1092 4818 1144 4855 ros.
1160 4833 1186 4841 -
1205 4806 1347 4857 oudath
1367 4833 1393 4841 —
1415 4806 1454 4855 46,
1473 4810 1554 4869 tepere
1564 4803 1689 4854 Graevius
1700 4805 1729 4852 et

407 4896 476 4933 unus
488 4883 569 4933 Oxon.
585 4908 611 4917 -
632 4880 672 4931 48.
684 4880 859 4944 socinuosisP
873 4907 900 4916 -
914 4881 1080 4930 audacterP:
1098 4881 1228 4931 amoueo
1241 4882 1322 4932 EGO
1334 4906 1361 4917 -·
1381 4881 1421 4931 49.
1434 4881 1513 4930 onmis
1525 4880 1544 4931 C
1558 4907 1585 4915 -
1603 4880 1644 4928 at.
1656 4877 1728 4940 fortis

408 4958 428 5009 C
449 4984 475 4993 -
494 4955 660 5007 adsimulatae
675 4958 694 5006 P
713 4982 739 4991 ›-
765 4956 806 5005 22.
824 4956 919 5007 denuit
935 4956 1000 5007 EG:
1023 4955 1120 5005 tentandi
1135 4957 1154 5005 P
1172 4981 1200 4991 —
1218 4956 1373 5006 murmur
1391 4982 1417 4991 -
1439 4953 1678 5017 ie.foottttuus1>¹
1697 4978 1725 4987 -

407 5033 449 5085 27.
467 5032 561 5094 optumi
578 5034 606 5093 P,
624 5030 672 5081 sed
689 5035 730 5093 opt
747 5031 773 5080 in
790 5044 842 5082 ras.
864 5058 890 5067 -
909 5031 950 5081 28.
967 5031 1033 5094 suu
1049 5029 1140 5080 bamb.
1160 5031 1227 5079 cooi.
1243 5056 1270 5065 -
1288 5030 1329 5079 29.
1347 5031 1481 5093 modiane
1497 5032 1561 5080 P—
1576 5029 1646 5079 cuius
1661 5029 1725 5078 PG:

407 5108 449 5157 coi
464 5108 498 5163 Ε;
515 5106 588 5155 iuius
604 5106 705 5156 Ernesti
722 5118 795 5170 susp.
816 5133 843 5141 —
862 5106 902 5156 30.
919 5105 956 5171 ut]
974 5118 1020 5156 cur
1037 5107 1056 5156 1.
1074 5108 1101 5155 et
1116 5103 1212 5155 deinde
1230 5119 1306 5167 quom
1320 5119 1375 5156 eur.
1390 5132 1417 5140 —
1437 5105 1476 5157 30.
1492 5106 1603 5167 poenitet
1617 5106 1649 5154 P:
1666 5114 1727 5164 poe-

408 5184 468 5233 nitet
485 5182 544 5232 0-
564 5180 604 5232 33.
621 5180 791 5243 impudicitiae
806 5181 874 5231 coni.
888 5182 1023 5240 Garatoni3
1041 5184 1068 5230 at
1084 5179 1117 5230 ct.
1135 5193 1161 5244 p.
1181 5180 1253 5242 toea,
1273 5181 1304 5230 43
1320 5183 1348 5230 et
1364 5195 1390 5245 p.
1408 5180 1481 5241 4003,
1494 5180 1535 5231 33.
1546 5206 1573 5216 -
1591 5177 1632 5229 di.
1644 5183 1727 5228 tunen

411 5271 465 5309 orn.
484 5260 505 5310 G
524 5284 551 5293 —
571 5256 611 5309 36.
629 5256 733 5309 crimine
747 5269 799 5307 non
814 5254 958 5308 inhaerebat
973 5252 1066 5309 hamb.
1084 5267 1157 5320 susp.
1175 5255 1201 5306 in
1219 5267 1302 5320 marg.
1320 5282 1353 5293 -
1369 5255 1457 5307 mmo
1472 5257 1500 5305 P.

1902 1347 1904 1500 l
