<?xml version="1.0" encoding="UTF-8"?>
<!DOCTYPE html PUBLIC "-//W3C//DTD XHTML 1.0 Transitional//EN"
    "http://www.w3.org/TR/xhtml1/DTD/xhtml1-transitional.dtd">
<html xmlns="http://www.w3.org/1999/xhtml" xml:lang="en" lang="en">
 <head>
  <title>
</title>
<meta http-equiv="Content-Type" content="text/html;charset=utf-8" />
  <meta name='ocr-system' content='tesseract 3.04.00' />
  <meta name='ocr-capabilities' content='ocr_page ocr_carea ocr_par ocr_line ocrx_word'/>
</head>
<body>
  <div class='ocr_page' id='page_1' title='image "./mtulliiciceroni01baitgoog/mtulliiciceroni01baitgoog_0334.png"; bbox 0 0 4009 6159; ppageno 0'>
   <div class='ocr_carea' id='block_1_1' title="bbox 752 621 1688 710">
    <p class='ocr_par' dir='ltr' id='par_1_1' title="bbox 752 621 1688 710">
     <span class='ocr_line' id='line_1_1' title="bbox 752 621 1688 710; baseline -0.001 -19"><span class='ocrx_word' id='word_1_1' title='bbox 752 628 825 691; x_wconf 77' lang='lat' dir='ltr'>Car.</span> <span class='ocrx_word' id='word_1_2' title='bbox 847 628 1060 692; x_wconf 73' lang='lat' dir='ltr'>xiil—xlv.</span> <span class='ocrx_word' id='word_1_3' title='bbox 1087 625 1134 710; x_wconf 78' lang='lat'>§§</span> <span class='ocrx_word' id='word_1_4' title='bbox 1156 623 1304 690; x_wconf 69' lang='lat'>27-32.</span> <span class='ocrx_word' id='word_1_5' title='bbox 1605 621 1688 690; x_wconf 84' lang='lat' dir='ltr'>l077</span> 
     </span>
    </p>
   </div>
   <div class='ocr_carea' id='block_1_2' title="bbox 364 789 1710 1164">
    <p class='ocr_par' dir='ltr' id='par_1_2' title="bbox 364 789 1710 1164">
     <span class='ocr_line' id='line_1_2' title="bbox 366 789 1710 884; baseline 0 -20"><span class='ocrx_word' id='word_1_6' title='bbox 366 799 495 884; x_wconf 80' lang='lat' dir='ltr'>pediri?</span> <span class='ocrx_word' id='word_1_7' title='bbox 538 795 589 860; x_wconf 89' lang='lat'>30.</span> <span class='ocrx_word' id='word_1_8' title='bbox 614 799 703 874; x_wconf 84' lang='lat' dir='ltr'>Quae</span> <span class='ocrx_word' id='word_1_9' title='bbox 726 797 778 860; x_wconf 84' lang='lat' dir='ltr'>lex</span> <span class='ocrx_word' id='word_1_10' title='bbox 799 797 929 881; x_wconf 80' lang='lat' dir='ltr'>privatis</span> <span class='ocrx_word' id='word_1_11' title='bbox 951 797 1133 861; x_wconf 91' lang='lat' dir='ltr'>bominibus</span> <span class='ocrx_word' id='word_1_12' title='bbox 1149 817 1218 860; x_wconf 90' lang='lat' dir='ltr'>esse</span> <span class='ocrx_word' id='word_1_13' title='bbox 1233 797 1286 860; x_wconf 87' lang='lat' dir='ltr'>lex</span> <span class='ocrx_word' id='word_1_14' title='bbox 1300 818 1365 861; x_wconf 92' lang='lat' dir='ltr'>non</span> <span class='ocrx_word' id='word_1_15' title='bbox 1380 797 1561 873; x_wconf 88' lang='lat' dir='ltr'>ridebatur,</span> <span class='ocrx_word' id='word_1_16' title='bbox 1582 789 1710 864; x_wconf 72' lang='lat' dir='ltr'>inusta⁴</span> 
     </span>
     <span class='ocr_line' id='line_1_3' title="bbox 364 891 1686 979; baseline 0.002 -23"><span class='ocrx_word' id='word_1_17' title='bbox 364 915 421 979; x_wconf 87' lang='lat' dir='ltr'>per</span> <span class='ocrx_word' id='word_1_18' title='bbox 442 913 566 967; x_wconf 84' lang='lat' dir='ltr'>servos,</span> <span class='ocrx_word' id='word_1_19' title='bbox 595 893 695 955; x_wconf 87' lang='lat' dir='ltr'>incisa</span> <span class='ocrx_word' id='word_1_20' title='bbox 718 893 876 975; x_wconf 86' lang='lat' dir='ltr'>pervim,</span> <span class='ocrx_word' id='word_1_21' title='bbox 905 892 1054 976; x_wconf 89' lang='lat' dir='ltr'>imposita</span> <span class='ocrx_word' id='word_1_22' title='bbox 1082 913 1139 976; x_wconf 84' lang='lat' dir='ltr'>per</span> <span class='ocrx_word' id='word_1_23' title='bbox 1166 891 1380 967; x_wconf 77' lang='lat' dir='ltr'>latrocinium,</span> <span class='ocrx_word' id='word_1_24' title='bbox 1413 891 1536 956; x_wconf 86' lang='lat' dir='ltr'>sublato</span> <span class='ocrx_word' id='word_1_25' title='bbox 1565 904 1686 970; x_wconf 89' lang='lat' dir='ltr'>senatu,</span> 
     </span>
     <span class='ocr_line' id='line_1_4' title="bbox 365 985 1685 1071; baseline 0.002 -21"><span class='ocrx_word' id='word_1_26' title='bbox 365 989 465 1071; x_wconf 90' lang='lat' dir='ltr'>pulsis</span> <span class='ocrx_word' id='word_1_27' title='bbox 488 1008 505 1050; x_wconf 89' lang='lat' dir='ltr'>e</span> <span class='ocrx_word' id='word_1_28' title='bbox 526 985 598 1049; x_wconf 59' lang='lat' dir='ltr'>soro,</span> <span class='ocrx_word' id='word_1_29' title='bbox 619 987 710 1049; x_wconf 92' lang='lat' dir='ltr'>bonis</span> <span class='ocrx_word' id='word_1_30' title='bbox 733 986 889 1061; x_wconf 89' lang='lat' dir='ltr'>omnibus,</span> <span class='ocrx_word' id='word_1_31' title='bbox 912 995 1000 1068; x_wconf 84' lang='lat' dir='ltr'>capta</span> <span class='ocrx_word' id='word_1_32' title='bbox 1022 985 1207 1067; x_wconf 90' lang='lat' dir='ltr'>republica,</span> <span class='ocrx_word' id='word_1_33' title='bbox 1230 993 1339 1048; x_wconf 91' lang='lat' dir='ltr'>contra</span> <span class='ocrx_word' id='word_1_34' title='bbox 1360 1005 1470 1049; x_wconf 90' lang='lat' dir='ltr'>omnes</span> <span class='ocrx_word' id='word_1_35' title='bbox 1491 986 1578 1070; x_wconf 91' lang='lat' dir='ltr'>leges</span> <span class='ocrx_word' id='word_1_36' title='bbox 1595 989 1685 1053; x_wconf 90' lang='lat' dir='ltr'>nullo</span> 
     </span>
     <span class='ocr_line' id='line_1_5' title="bbox 365 1078 1685 1164; baseline 0.002 -20"><span class='ocrx_word' id='word_1_37' title='bbox 365 1084 479 1164; x_wconf 88' lang='lat' dir='ltr'>scripta</span> <span class='ocrx_word' id='word_1_38' title='bbox 501 1101 605 1143; x_wconf 87' lang='lat' dir='ltr'>more:</span> <span class='ocrx_word' id='word_1_39' title='bbox 639 1081 721 1143; x_wconf 89' lang='lat' dir='ltr'>banc</span> <span class='ocrx_word' id='word_1_40' title='bbox 750 1081 806 1163; x_wconf 94' lang='lat' dir='ltr'>qui</span> <span class='ocrx_word' id='word_1_41' title='bbox 836 1100 869 1142; x_wconf 92' lang='lat' dir='ltr'>se</span> <span class='ocrx_word' id='word_1_42' title='bbox 896 1087 1037 1142; x_wconf 91' lang='lat' dir='ltr'>metuere</span> <span class='ocrx_word' id='word_1_43' title='bbox 1059 1080 1215 1153; x_wconf 83' lang='lat' dir='ltr'>dicerent,</span> <span class='ocrx_word' id='word_1_44' title='bbox 1246 1078 1306 1141; x_wconf 92' lang='lat' dir='ltr'>bos</span> <span class='ocrx_word' id='word_1_45' title='bbox 1328 1079 1474 1142; x_wconf 89' lang='lat' dir='ltr'>consules</span> <span class='ocrx_word' id='word_1_46' title='bbox 1496 1101 1560 1144; x_wconf 94' lang='lat' dir='ltr'>non</span> <span class='ocrx_word' id='word_1_47' title='bbox 1583 1082 1685 1147; x_wconf 89' lang='lat' dir='ltr'>dicam</span> 
     </span>
    </p>
   </div>
   <div class='ocr_carea' id='block_1_3' title="bbox 365 1171 1709 1264">
    <p class='ocr_par' dir='ltr' id='par_1_3' title="bbox 365 1171 1847 1264">
     <span class='ocr_line' id='line_1_6' title="bbox 365 1171 1709 1264; baseline -0.002 -25"><span class='ocrx_word' id='word_1_48' title='bbox 365 1175 461 1239; x_wconf 89' lang='lat' dir='ltr'>animi</span> <span class='ocrx_word' id='word_1_49' title='bbox 482 1173 661 1248; x_wconf 88' lang='lat' dir='ltr'>bominum,</span> <span class='ocrx_word' id='word_1_50' title='bbox 694 1174 750 1236; x_wconf 90' lang='lat' dir='ltr'>sed</span> <span class='ocrx_word' id='word_1_51' title='bbox 772 1171 844 1236; x_wconf 86' lang='lat' dir='ltr'>fasti</span> <span class='ocrx_word' id='word_1_52' title='bbox 867 1172 923 1235; x_wconf 92' lang='lat' dir='ltr'>ulli</span> <span class='ocrx_word' id='word_1_53' title='bbox 944 1172 1026 1234; x_wconf 83' lang='lat' dir='ltr'>ferre</span> <span class='ocrx_word' id='word_1_54' title='bbox 1048 1175 1203 1256; x_wconf 74' lang='lat' dir='ltr'>possuntt</span> <span class='ocrx_word' id='word_1_55' title='bbox 1233 1173 1311 1236; x_wconf 89' lang='lat' dir='ltr'>Nam</span> <span class='ocrx_word' id='word_1_56' title='bbox 1335 1173 1363 1234; x_wconf 90' lang='lat' dir='ltr'>si</span> <span class='ocrx_word' id='word_1_57' title='bbox 1384 1173 1468 1264; x_wconf 76' lang='lat' dir='ltr'>illam</span> <span class='ocrx_word' id='word_1_58' title='bbox 1498 1175 1599 1257; x_wconf 90' lang='lat' dir='ltr'>legem</span> <span class='ocrx_word' id='word_1_59' title='bbox 1621 1193 1709 1237; x_wconf 74' lang='lat' dir='ltr'>nont</span> 
     </span>
    </p>
   </div>
   <div class='ocr_carea' id='block_1_4' title="bbox 363 1265 1685 1634">
    <p class='ocr_par' dir='ltr' id='par_1_4' title="bbox 363 1265 1685 1634">
     <span class='ocr_line' id='line_1_7' title="bbox 364 1265 1685 1358; baseline 0.001 -27"><span class='ocrx_word' id='word_1_60' title='bbox 364 1270 538 1351; x_wconf 86' lang='lat' dir='ltr'>putabatis,</span> <span class='ocrx_word' id='word_1_61' title='bbox 572 1287 654 1358; x_wconf 75' lang='lat' dir='ltr'>spine</span> <span class='ocrx_word' id='word_1_62' title='bbox 684 1275 750 1329; x_wconf 89' lang='lat' dir='ltr'>erat</span> <span class='ocrx_word' id='word_1_63' title='bbox 778 1275 886 1330; x_wconf 90' lang='lat' dir='ltr'>contra</span> <span class='ocrx_word' id='word_1_64' title='bbox 914 1286 1023 1329; x_wconf 90' lang='lat' dir='ltr'>omnes</span> <span class='ocrx_word' id='word_1_65' title='bbox 1050 1267 1136 1348; x_wconf 88' lang='lat' dir='ltr'>leges</span> <span class='ocrx_word' id='word_1_66' title='bbox 1158 1265 1332 1330; x_wconf 75' lang='lat' dir='ltr'>indemnati</span> <span class='ocrx_word' id='word_1_67' title='bbox 1354 1267 1432 1330; x_wconf 86' lang='lat' dir='ltr'>civis</span> <span class='ocrx_word' id='word_1_68' title='bbox 1453 1275 1549 1353; x_wconf 86' lang='lat' dir='ltr'>atquc</span> <span class='ocrx_word' id='word_1_69' title='bbox 1570 1269 1685 1352; x_wconf 79' lang='lat' dir='ltr'>integri</span> 
     </span>
     <span class='ocr_line' id='line_1_8' title="bbox 364 1360 1685 1448; baseline 0.002 -24"><span class='ocrx_word' id='word_1_70' title='bbox 364 1362 475 1444; x_wconf 90' lang='lat' dir='ltr'>capitis</span> <span class='ocrx_word' id='word_1_71' title='bbox 503 1361 722 1445; x_wconf 88' lang='lat' dir='ltr'>bonorumque</span> <span class='ocrx_word' id='word_1_72' title='bbox 753 1360 921 1422; x_wconf 89' lang='lat' dir='ltr'>tribunicia</span> <span class='ocrx_word' id='word_1_73' title='bbox 948 1361 1151 1448; x_wconf 82' lang='lat' dir='ltr'>proscriptio,</span> <span class='ocrx_word' id='word_1_74' title='bbox 1185 1381 1222 1422; x_wconf 91' lang='lat' dir='ltr'>ac</span> <span class='ocrx_word' id='word_1_75' title='bbox 1249 1367 1354 1423; x_wconf 91' lang='lat' dir='ltr'>tamen</span> <span class='ocrx_word' id='word_1_76' title='bbox 1377 1361 1517 1425; x_wconf 86' lang='lat' dir='ltr'>obstricti</span> <span class='ocrx_word' id='word_1_77' title='bbox 1539 1366 1685 1446; x_wconf 87' lang='lat' dir='ltr'>pactione</span> 
     </span>
     <span class='ocr_line' id='line_1_9' title="bbox 363 1443 1685 1541; baseline 0.002 -24"><span class='ocrx_word' id='word_1_78' title='bbox 363 1455 574 1519; x_wconf 85' lang='lat' dir='ltr'>tenebamini:</span> <span class='ocrx_word' id='word_1_79' title='bbox 608 1456 678 1538; x_wconf 90' lang='lat' dir='ltr'>quis</span> <span class='ocrx_word' id='word_1_80' title='bbox 708 1475 766 1516; x_wconf 87' lang='lat' dir='ltr'>vos</span> <span class='ocrx_word' id='word_1_81' title='bbox 799 1475 863 1516; x_wconf 93' lang='lat' dir='ltr'>non</span> <span class='ocrx_word' id='word_1_82' title='bbox 885 1443 986 1516; x_wconf 85' lang='lat' dir='ltr'>&#39;modo</span> <span class='ocrx_word' id='word_1_83' title='bbox 1018 1443 1183 1528; x_wconf 91' lang='lat' dir='ltr'>consules,</span> <span class='ocrx_word' id='word_1_84' title='bbox 1215 1453 1270 1516; x_wconf 95' lang='lat' dir='ltr'>sed</span> <span class='ocrx_word' id='word_1_85' title='bbox 1302 1454 1418 1517; x_wconf 90' lang='lat' dir='ltr'>liberos</span> <span class='ocrx_word' id='word_1_86' title='bbox 1450 1454 1549 1520; x_wconf 84' lang='lat' dir='ltr'>luisse</span> <span class='ocrx_word' id='word_1_87' title='bbox 1579 1462 1685 1541; x_wconf 87' lang='lat' dir='ltr'>putet,</span> 
     </span>
     <span class='ocr_line' id='line_1_10' title="bbox 364 1545 1684 1634; baseline 0.001 -23"><span class='ocrx_word' id='word_1_88' title='bbox 364 1569 500 1634; x_wconf 89' lang='lat' dir='ltr'>quorum</span> <span class='ocrx_word' id='word_1_89' title='bbox 523 1569 610 1613; x_wconf 90' lang='lat' dir='ltr'>mens</span> <span class='ocrx_word' id='word_1_90' title='bbox 640 1548 734 1612; x_wconf 86' lang='lat' dir='ltr'>luerit</span> <span class='ocrx_word' id='word_1_91' title='bbox 756 1567 906 1631; x_wconf 88' lang='lat' dir='ltr'>oppressa</span> <span class='ocrx_word' id='word_1_92' title='bbox 928 1547 1085 1629; x_wconf 87' lang='lat' dir='ltr'>praemio,</span> <span class='ocrx_word' id='word_1_93' title='bbox 1119 1545 1228 1630; x_wconf 91' lang='lat' dir='ltr'>lingua</span> <span class='ocrx_word' id='word_1_94' title='bbox 1249 1547 1399 1610; x_wconf 89' lang='lat' dir='ltr'>adstricta</span> <span class='ocrx_word' id='word_1_95' title='bbox 1418 1550 1592 1613; x_wconf 74' lang='lat' dir='ltr'>mercede?</span> <span class='ocrx_word' id='word_1_96' title='bbox 1629 1550 1684 1612; x_wconf 89' lang='lat' dir='ltr'>Sin</span> 
     </span>
    </p>
   </div>
   <div class='ocr_carea' id='block_1_5' title="bbox 362 1640 1844 1725">
    <p class='ocr_par' dir='ltr' id='par_1_5' title="bbox 362 1640 1844 1725">
     <span class='ocr_line' id='line_1_11' title="bbox 362 1640 1844 1725; baseline 0.001 -19"><span class='ocrx_word' id='word_1_97' title='bbox 362 1643 447 1707; x_wconf 89' lang='lat' dir='ltr'>illam</span> <span class='ocrx_word' id='word_1_98' title='bbox 468 1663 525 1706; x_wconf 86' lang='lat' dir='ltr'>vos</span> <span class='ocrx_word' id='word_1_99' title='bbox 548 1643 608 1706; x_wconf 89' lang='lat' dir='ltr'>soli</span> <span class='ocrx_word' id='word_1_100' title='bbox 629 1642 731 1723; x_wconf 89' lang='lat' dir='ltr'>legem</span> <span class='ocrx_word' id='word_1_101' title='bbox 753 1640 927 1725; x_wconf 87' lang='lat' dir='ltr'>putabatis,</span> <span class='ocrx_word' id='word_1_102' title='bbox 962 1641 1132 1724; x_wconf 91' lang='lat' dir='ltr'>quisquam</span> <span class='ocrx_word' id='word_1_103' title='bbox 1160 1661 1216 1703; x_wconf 85' lang='lat' dir='ltr'>vos</span> <span class='ocrx_word' id='word_1_104' title='bbox 1245 1640 1390 1704; x_wconf 90' lang='lat' dir='ltr'>consules</span> <span class='ocrx_word' id='word_1_105' title='bbox 1412 1649 1488 1704; x_wconf 91' lang='lat' dir='ltr'>tnnc</span> <span class='ocrx_word' id='word_1_106' title='bbox 1508 1641 1607 1706; x_wconf 85' lang='lat' dir='ltr'>fuisse</span> <span class='ocrx_word' id='word_1_107' title='bbox 1629 1649 1721 1707; x_wconf 79' lang='lat' dir='ltr'>antro</span> <span class='ocrx_word' id='word_1_108' title='bbox 1817 1703 1844 1722; x_wconf 71' lang='lat'><em>„</em></span> 
     </span>
    </p>
   </div>
   <div class='ocr_carea' id='block_1_6' title="bbox 355 1727 1720 3881">
    <p class='ocr_par' dir='ltr' id='par_1_6' title="bbox 360 1727 1720 2382">
     <span class='ocr_line' id='line_1_12' title="bbox 363 1727 1683 1820; baseline 0 -20"><span class='ocrx_word' id='word_1_109' title='bbox 363 1727 457 1801; x_wconf 71' lang='grc' dir='ltr'>ιιῐῐιιιῖ</span> <span class='ocrx_word' id='word_1_110' title='bbox 478 1757 547 1801; x_wconf 91' lang='lat' dir='ltr'>esse</span> <span class='ocrx_word' id='word_1_111' title='bbox 581 1737 761 1800; x_wconf 87' lang='lat' dir='ltr'>consulares</span> <span class='ocrx_word' id='word_1_112' title='bbox 790 1742 896 1818; x_wconf 89' lang='lat' dir='ltr'>putet,</span> <span class='ocrx_word' id='word_1_113' title='bbox 932 1735 985 1816; x_wconf 93' lang='lat' dir='ltr'>qui</span> <span class='ocrx_word' id='word_1_114' title='bbox 1017 1734 1085 1796; x_wconf 93' lang='lat' dir='ltr'>eius</span> <span class='ocrx_word' id='word_1_115' title='bbox 1115 1734 1266 1811; x_wconf 84' lang='lat' dir='ltr'>civitatis,</span> <span class='ocrx_word' id='word_1_116' title='bbox 1299 1736 1332 1797; x_wconf 93' lang='lat' dir='ltr'>in</span> <span class='ocrx_word' id='word_1_117' title='bbox 1359 1755 1421 1818; x_wconf 90' lang='lat' dir='ltr'>qua</span> <span class='ocrx_word' id='word_1_118' title='bbox 1449 1735 1482 1798; x_wconf 94' lang='lat' dir='ltr'>in</span> <span class='ocrx_word' id='word_1_119' title='bbox 1505 1736 1683 1820; x_wconf 84' lang='lat' dir='ltr'>principum</span> 
     </span>
     <span class='ocr_line' id='line_1_13' title="bbox 362 1828 1684 1910; baseline -0.002 -16"><span class='ocrx_word' id='word_1_120' title='bbox 362 1850 492 1894; x_wconf 90' lang='lat' dir='ltr'>numero</span> <span class='ocrx_word' id='word_1_121' title='bbox 514 1829 609 1893; x_wconf 89' lang='lat' dir='ltr'>vultis</span> <span class='ocrx_word' id='word_1_122' title='bbox 632 1849 718 1904; x_wconf 88' lang='lat' dir='ltr'>esse,</span> <span class='ocrx_word' id='word_1_123' title='bbox 750 1848 815 1891; x_wconf 91' lang='lat' dir='ltr'>non</span> <span class='ocrx_word' id='word_1_124' title='bbox 845 1829 947 1910; x_wconf 88' lang='lat' dir='ltr'>leges,</span> <span class='ocrx_word' id='word_1_125' title='bbox 981 1847 1046 1890; x_wconf 93' lang='lat' dir='ltr'>non</span> <span class='ocrx_word' id='word_1_126' title='bbox 1080 1828 1239 1903; x_wconf 88' lang='lat' dir='ltr'>instituta,</span> <span class='ocrx_word' id='word_1_127' title='bbox 1272 1848 1336 1891; x_wconf 95' lang='lat' dir='ltr'>non</span> <span class='ocrx_word' id='word_1_128' title='bbox 1366 1849 1488 1904; x_wconf 88' lang='lat' dir='ltr'>mores,</span> <span class='ocrx_word' id='word_1_129' title='bbox 1519 1849 1583 1892; x_wconf 92' lang='lat' dir='ltr'>non</span> <span class='ocrx_word' id='word_1_130' title='bbox 1615 1831 1684 1892; x_wconf 89' lang='lat' dir='ltr'>iura</span> 
     </span>
     <span class='ocr_line' id='line_1_14' title="bbox 361 1919 1683 2006; baseline -0.001 -20"><span class='ocrx_word' id='word_1_131' title='bbox 361 1924 500 1986; x_wconf 78' lang='lat' dir='ltr'>noritis?</span> <span class='ocrx_word' id='word_1_132' title='bbox 536 1919 587 1985; x_wconf 83' lang='lat' dir='ltr'>3t.</span> <span class='ocrx_word' id='word_1_133' title='bbox 609 1925 658 1985; x_wconf 78' lang='lat' dir='ltr'>An</span> <span class='ocrx_word' id='word_1_134' title='bbox 681 1942 753 1985; x_wconf 89' lang='lat' dir='ltr'>cum</span> <span class='ocrx_word' id='word_1_135' title='bbox 774 1919 1054 2005; x_wconf 83' lang='lat' dir='ltr'>proficiscebamini</span> <span class='ocrx_word' id='word_1_136' title='bbox 1075 1921 1214 2004; x_wconf 89' lang='lat' dir='ltr'>paludati</span> <span class='ocrx_word' id='word_1_137' title='bbox 1235 1922 1268 1984; x_wconf 93' lang='lat' dir='ltr'>in</span> <span class='ocrx_word' id='word_1_138' title='bbox 1290 1923 1469 2005; x_wconf 86' lang='lat' dir='ltr'>provincias</span> <span class='ocrx_word' id='word_1_139' title='bbox 1490 1922 1542 1985; x_wconf 88' lang='lat' dir='ltr'>vel</span> <span class='ocrx_word' id='word_1_140' title='bbox 1563 1930 1683 2006; x_wconf 86' lang='lat' dir='ltr'>emptas</span> 
     </span>
     <span class='ocr_line' id='line_1_15' title="bbox 360 2014 1683 2100; baseline -0.001 -21"><span class='ocrx_word' id='word_1_141' title='bbox 360 2018 412 2080; x_wconf 88' lang='lat' dir='ltr'>vel</span> <span class='ocrx_word' id='word_1_142' title='bbox 434 2025 574 2100; x_wconf 87' lang='lat' dir='ltr'>ereptas,</span> <span class='ocrx_word' id='word_1_143' title='bbox 603 2015 747 2080; x_wconf 89' lang='lat' dir='ltr'>consules</span> <span class='ocrx_word' id='word_1_144' title='bbox 769 2035 825 2078; x_wconf 88' lang='lat' dir='ltr'>vos</span> <span class='ocrx_word' id='word_1_145' title='bbox 849 2016 1015 2098; x_wconf 87' lang='lat' dir='ltr'>quisquam</span> <span class='ocrx_word' id='word_1_146' title='bbox 1038 2015 1179 2098; x_wconf 72' lang='lat' dir='ltr'>putavit?</span> <span class='ocrx_word' id='word_1_147' title='bbox 1214 2017 1343 2098; x_wconf 89' lang='lat' dir='ltr'>Itaque,</span> <span class='ocrx_word' id='word_1_148' title='bbox 1377 2014 1488 2089; x_wconf 90' lang='lat' dir='ltr'>credo,</span> <span class='ocrx_word' id='word_1_149' title='bbox 1521 2015 1547 2077; x_wconf 90' lang='lat' dir='ltr'>si</span> <span class='ocrx_word' id='word_1_150' title='bbox 1578 2017 1683 2078; x_wconf 91' lang='lat' dir='ltr'>minus</span> 
     </span>
     <span class='ocr_line' id='line_1_16' title="bbox 360 2105 1720 2195; baseline 0.003 -22"><span class='ocrx_word' id='word_1_151' title='bbox 360 2111 536 2195; x_wconf 86' lang='lat' dir='ltr'>frequentia</span> <span class='ocrx_word' id='word_1_152' title='bbox 558 2130 616 2173; x_wconf 90' lang='lat' dir='ltr'>sua</span> <span class='ocrx_word' id='word_1_153' title='bbox 636 2117 774 2173; x_wconf 87' lang='lat' dir='ltr'>vestrum</span> <span class='ocrx_word' id='word_1_154' title='bbox 796 2128 954 2191; x_wconf 88' lang='lat' dir='ltr'>egressum</span> <span class='ocrx_word' id='word_1_155' title='bbox 976 2107 1117 2170; x_wconf 87' lang='lat' dir='ltr'>ornando</span> <span class='ocrx_word' id='word_1_156' title='bbox 1139 2116 1234 2192; x_wconf 88' lang='lat' dir='ltr'>atque</span> <span class='ocrx_word' id='word_1_157' title='bbox 1257 2108 1455 2183; x_wconf 89' lang='lat' dir='ltr'>celebrando,</span> <span class='ocrx_word' id='word_1_158' title='bbox 1476 2115 1509 2172; x_wconf 88' lang='lat' dir='ltr'>at</span> <span class='ocrx_word' id='word_1_159' title='bbox 1525 2105 1682 2174; x_wconf 89' lang='lat' dir='ltr'>ominibus</span> <span class='ocrx_word' id='word_1_160' title='bbox 1692 2130 1720 2176; x_wconf 78' lang='lat' dir='ltr'>rt</span> 
     </span>
     <span class='ocr_line' id='line_1_17' title="bbox 361 2201 1682 2288; baseline -0.001 -20"><span class='ocrx_word' id='word_1_161' title='bbox 361 2206 470 2268; x_wconf 89' lang='lat' dir='ltr'>saltem</span> <span class='ocrx_word' id='word_1_162' title='bbox 498 2205 589 2268; x_wconf 89' lang='lat' dir='ltr'>bonis</span> <span class='ocrx_word' id='word_1_163' title='bbox 617 2213 652 2268; x_wconf 93' lang='lat' dir='ltr'>nt</span> <span class='ocrx_word' id='word_1_164' title='bbox 674 2202 837 2276; x_wconf 86' lang='lat' dir='ltr'>consules,</span> <span class='ocrx_word' id='word_1_165' title='bbox 870 2221 934 2264; x_wconf 92' lang='lat' dir='ltr'>non</span> <span class='ocrx_word' id='word_1_166' title='bbox 956 2201 1145 2265; x_wconf 85' lang='lat' dir='ltr'>tristissimis</span> <span class='ocrx_word' id='word_1_167' title='bbox 1168 2210 1204 2264; x_wconf 92' lang='lat' dir='ltr'>ut</span> <span class='ocrx_word' id='word_1_168' title='bbox 1224 2202 1332 2265; x_wconf 89' lang='lat' dir='ltr'>hostes</span> <span class='ocrx_word' id='word_1_169' title='bbox 1354 2222 1391 2265; x_wconf 89' lang='lat' dir='ltr'>ac</span> <span class='ocrx_word' id='word_1_170' title='bbox 1412 2203 1589 2288; x_wconf 88' lang='lat' dir='ltr'>proditores</span> <span class='ocrx_word' id='word_1_171' title='bbox 1611 2224 1682 2286; x_wconf 93' lang='lat' dir='ltr'>pro-</span> 
     </span>
     <span class='ocr_line' id='line_1_18' title="bbox 360 2300 583 2382; baseline 0.004 -21"><span class='ocrx_word' id='word_1_172' title='bbox 360 2300 583 2382; x_wconf 83' lang='lat' dir='ltr'>sequebantur.</span> 
     </span>
    </p>

    <p class='ocr_par' dir='ltr' id='par_1_7' title="bbox 355 2387 1720 3881">
     <span class='ocr_line' id='line_1_19' title="bbox 443 2387 1683 2468; baseline 0.004 -14"><span class='ocrx_word' id='word_1_173' title='bbox 443 2393 526 2454; x_wconf 85' lang='lat' dir='ltr'>xlv.</span> <span class='ocrx_word' id='word_1_174' title='bbox 549 2395 637 2456; x_wconf 89' lang='lat' dir='ltr'>Tune</span> <span class='ocrx_word' id='word_1_175' title='bbox 660 2393 771 2464; x_wconf 89' lang='lat' dir='ltr'>etiam,</span> <span class='ocrx_word' id='word_1_176' title='bbox 792 2389 1055 2452; x_wconf 89' lang='lat' dir='ltr'>immanissimum</span> <span class='ocrx_word' id='word_1_177' title='bbox 1076 2408 1112 2451; x_wconf 92' lang='lat' dir='ltr'>ac</span> <span class='ocrx_word' id='word_1_178' title='bbox 1134 2387 1350 2452; x_wconf 80' lang='lat' dir='ltr'>foedissimum</span> <span class='ocrx_word' id='word_1_179' title='bbox 1373 2397 1564 2468; x_wconf 87' lang='lat' dir='ltr'>monstrum,</span> <span class='ocrx_word' id='word_1_180' title='bbox 1586 2414 1683 2459; x_wconf 89' lang='lat' dir='ltr'>ausus</span> 
     </span>
     <span class='ocr_line' id='line_1_20' title="bbox 360 2481 1683 2570; baseline 0.002 -20"><span class='ocrx_word' id='word_1_181' title='bbox 360 2507 393 2550; x_wconf 89' lang='lat' dir='ltr'>es</span> <span class='ocrx_word' id='word_1_182' title='bbox 416 2505 520 2548; x_wconf 91' lang='lat' dir='ltr'>meum</span> <span class='ocrx_word' id='word_1_183' title='bbox 543 2488 714 2550; x_wconf 91' lang='lat' dir='ltr'>discessum</span> <span class='ocrx_word' id='word_1_184' title='bbox 736 2485 843 2558; x_wconf 90' lang='lat' dir='ltr'>illum,</span> <span class='ocrx_word' id='word_1_185' title='bbox 867 2489 978 2547; x_wconf 88' lang='lat' dir='ltr'>testem</span> <span class='ocrx_word' id='word_1_186' title='bbox 1002 2483 1129 2545; x_wconf 89' lang='lat' dir='ltr'>sceleris</span> <span class='ocrx_word' id='word_1_187' title='bbox 1152 2490 1184 2544; x_wconf 91' lang='lat' dir='ltr'>et</span> <span class='ocrx_word' id='word_1_188' title='bbox 1205 2481 1397 2546; x_wconf 85' lang='lat' dir='ltr'>crudelitatis</span> <span class='ocrx_word' id='word_1_189' title='bbox 1419 2492 1509 2570; x_wconf 64' lang='lat' dir='ltr'>luge,</span> <span class='ocrx_word' id='word_1_190' title='bbox 1531 2488 1565 2550; x_wconf 94' lang='lat' dir='ltr'>in</span> <span class='ocrx_word' id='word_1_191' title='bbox 1587 2491 1683 2552; x_wconf 90' lang='lat' dir='ltr'>male-</span> 
     </span>
     <span class='ocr_line' id='line_1_21' title="bbox 359 2575 1720 2665; baseline 0.002 -23"><span class='ocrx_word' id='word_1_192' title='bbox 359 2580 435 2642; x_wconf 92' lang='lat' dir='ltr'>dicti</span> <span class='ocrx_word' id='word_1_193' title='bbox 462 2587 494 2642; x_wconf 88' lang='lat' dir='ltr'>et</span> <span class='ocrx_word' id='word_1_194' title='bbox 522 2580 731 2643; x_wconf 87' lang='lat' dir='ltr'>contumeliae</span> <span class='ocrx_word' id='word_1_195' title='bbox 760 2578 832 2640; x_wconf 91' lang='lat' dir='ltr'>loco</span> <span class='ocrx_word' id='word_1_196' title='bbox 859 2577 1002 2660; x_wconf 77' lang='lat' dir='ltr'>poneret</span> <span class='ocrx_word' id='word_1_197' title='bbox 1040 2576 1111 2651; x_wconf 88' lang='lat' dir='ltr'>Quo</span> <span class='ocrx_word' id='word_1_198' title='bbox 1136 2575 1264 2659; x_wconf 91' lang='lat' dir='ltr'>quidem</span> <span class='ocrx_word' id='word_1_199' title='bbox 1294 2584 1435 2660; x_wconf 87' lang='lat' dir='ltr'>tempore</span> <span class='ocrx_word' id='word_1_200' title='bbox 1457 2581 1542 2663; x_wconf 88' lang='lat' dir='ltr'>cepi,</span> <span class='ocrx_word' id='word_1_201' title='bbox 1576 2590 1720 2665; x_wconf 75' lang='lat' dir='ltr'>patresao</span> 
     </span>
     <span class='ocr_line' id='line_1_22' title="bbox 360 2669 1682 2759; baseline 0.002 -24"><span class='ocrx_word' id='word_1_202' title='bbox 360 2675 545 2757; x_wconf 84' lang='lat' dir='ltr'>conscripti,</span> <span class='ocrx_word' id='word_1_203' title='bbox 578 2673 712 2736; x_wconf 88' lang='lat' dir='ltr'>iructum</span> <span class='ocrx_word' id='word_1_204' title='bbox 736 2671 943 2734; x_wconf 83' lang='lat' dir='ltr'>immortalem</span> <span class='ocrx_word' id='word_1_205' title='bbox 966 2671 1063 2732; x_wconf 88' lang='lat' dir='ltr'>vestri</span> <span class='ocrx_word' id='word_1_206' title='bbox 1093 2671 1125 2732; x_wconf 94' lang='lat' dir='ltr'>in</span> <span class='ocrx_word' id='word_1_207' title='bbox 1148 2689 1198 2732; x_wconf 91' lang='lat' dir='ltr'>me</span> <span class='ocrx_word' id='word_1_208' title='bbox 1220 2676 1252 2731; x_wconf 89' lang='lat' dir='ltr'>et</span> <span class='ocrx_word' id='word_1_209' title='bbox 1273 2669 1390 2732; x_wconf 89' lang='lat' dir='ltr'>amoris</span> <span class='ocrx_word' id='word_1_210' title='bbox 1411 2677 1443 2732; x_wconf 88' lang='lat' dir='ltr'>et</span> <span class='ocrx_word' id='word_1_211' title='bbox 1463 2672 1592 2750; x_wconf 81' lang='lat' dir='ltr'>iudicii3</span> <span class='ocrx_word' id='word_1_212' title='bbox 1626 2675 1682 2759; x_wconf 92' lang='lat' dir='ltr'>qui</span> 
     </span>
     <span class='ocr_line' id='line_1_23' title="bbox 359 2751 1682 2839; baseline 0 -10"><span class='ocrx_word' id='word_1_213' title='bbox 359 2787 421 2830; x_wconf 95' lang='lat' dir='ltr'>non</span> <span class='ocrx_word' id='word_1_214' title='bbox 444 2767 750 2839; x_wconf 87' lang='lat' dir='ltr'>admurmuratione,</span> <span class='ocrx_word' id='word_1_215' title='bbox 787 2751 843 2828; x_wconf 92' lang='lat' dir='ltr'>sed</span> <span class='ocrx_word' id='word_1_216' title='bbox 865 2784 942 2827; x_wconf 84' lang='lat' dir='ltr'>voce</span> <span class='ocrx_word' id='word_1_217' title='bbox 965 2773 996 2826; x_wconf 91' lang='lat' dir='ltr'>ct</span> <span class='ocrx_word' id='word_1_218' title='bbox 1018 2765 1154 2827; x_wconf 87' lang='lat' dir='ltr'>clamore</span> <span class='ocrx_word' id='word_1_219' title='bbox 1182 2764 1296 2826; x_wconf 92' lang='lat' dir='ltr'>abiecti</span> <span class='ocrx_word' id='word_1_220' title='bbox 1321 2764 1458 2827; x_wconf 90' lang='lat' dir='ltr'>hominis</span> <span class='ocrx_word' id='word_1_221' title='bbox 1479 2783 1516 2828; x_wconf 85' lang='lat' dir='ltr'>ac</span> <span class='ocrx_word' id='word_1_222' title='bbox 1537 2767 1682 2831; x_wconf 79' lang='lat' dir='ltr'>semivivi</span> 
     </span>
     <span class='ocr_line' id='line_1_24' title="bbox 358 2855 1681 2944; baseline 0 -21"><span class='ocrx_word' id='word_1_223' title='bbox 358 2861 495 2923; x_wconf 80' lang='lat' dir='ltr'>furorem</span> <span class='ocrx_word' id='word_1_224' title='bbox 513 2859 784 2944; x_wconf 88' lang='lat' dir='ltr'>petulantiamque</span> <span class='ocrx_word' id='word_1_225' title='bbox 799 2858 945 2940; x_wconf 77' lang='lat' dir='ltr'>fregistis.</span> <span class='ocrx_word' id='word_1_226' title='bbox 988 2855 1040 2920; x_wconf 71' lang='lat'>32.</span> <span class='ocrx_word' id='word_1_227' title='bbox 1062 2861 1111 2919; x_wconf 89' lang='lat' dir='ltr'>Tu</span> <span class='ocrx_word' id='word_1_228' title='bbox 1133 2857 1252 2920; x_wconf 89' lang='lat' dir='ltr'>luctum</span> <span class='ocrx_word' id='word_1_229' title='bbox 1274 2864 1417 2932; x_wconf 89' lang='lat' dir='ltr'>senatus,</span> <span class='ocrx_word' id='word_1_230' title='bbox 1440 2865 1475 2920; x_wconf 92' lang='lat' dir='ltr'>tu</span> <span class='ocrx_word' id='word_1_231' title='bbox 1488 2857 1681 2923; x_wconf 90' lang='lat' dir='ltr'>desiderium</span> 
     </span>
     <span class='ocr_line' id='line_1_25' title="bbox 359 2951 1681 3038; baseline 0 -21"><span class='ocrx_word' id='word_1_232' title='bbox 359 2953 514 3038; x_wconf 89' lang='lat' dir='ltr'>equestris</span> <span class='ocrx_word' id='word_1_233' title='bbox 537 2954 676 3026; x_wconf 91' lang='lat' dir='ltr'>ordinis,</span> <span class='ocrx_word' id='word_1_234' title='bbox 698 2960 731 3016; x_wconf 91' lang='lat' dir='ltr'>tn</span> <span class='ocrx_word' id='word_1_235' title='bbox 755 2952 931 3035; x_wconf 88' lang='lat' dir='ltr'>squalorem</span> <span class='ocrx_word' id='word_1_236' title='bbox 955 2951 1079 3026; x_wconf 85' lang='lat' dir='ltr'>ltaliae,</span> <span class='ocrx_word' id='word_1_237' title='bbox 1102 2960 1137 3015; x_wconf 91' lang='lat' dir='ltr'>tu</span> <span class='ocrx_word' id='word_1_238' title='bbox 1152 2953 1257 3014; x_wconf 89' lang='lat' dir='ltr'>curiae</span> <span class='ocrx_word' id='word_1_239' title='bbox 1271 2952 1519 3016; x_wconf 86' lang='lat' dir='ltr'>tacitnmitatem</span> <span class='ocrx_word' id='word_1_240' title='bbox 1533 2972 1681 3029; x_wconf 89' lang='lat' dir='ltr'>annuam,</span> 
     </span>
     <span class='ocr_line' id='line_1_26' title="bbox 358 3034 1719 3130; baseline 0.002 -19"><span class='ocrx_word' id='word_1_241' title='bbox 358 3057 391 3111; x_wconf 91' lang='lat' dir='ltr'>tu</span> <span class='ocrx_word' id='word_1_242' title='bbox 414 3047 574 3110; x_wconf 91' lang='lat' dir='ltr'>silentium</span> <span class='ocrx_word' id='word_1_243' title='bbox 603 3052 791 3130; x_wconf 91' lang='lat' dir='ltr'>perpetuum</span> <span class='ocrx_word' id='word_1_244' title='bbox 820 3044 1009 3109; x_wconf 88' lang='lat' dir='ltr'>iudiciorum</span> <span class='ocrx_word' id='word_1_245' title='bbox 1030 3065 1067 3108; x_wconf 88' lang='lat' dir='ltr'>ac</span> <span class='ocrx_word' id='word_1_246' title='bbox 1088 3043 1164 3120; x_wconf 85' lang='lat' dir='ltr'>lori,</span> <span class='ocrx_word' id='word_1_247' title='bbox 1198 3053 1232 3107; x_wconf 94' lang='lat' dir='ltr'>tu</span> <span class='ocrx_word' id='word_1_248' title='bbox 1254 3053 1360 3109; x_wconf 89' lang='lat' dir='ltr'>cetera</span> <span class='ocrx_word' id='word_1_249' title='bbox 1387 3044 1441 3109; x_wconf 88' lang='lat' dir='ltr'>illa</span> <span class='ocrx_word' id='word_1_250' title='bbox 1467 3049 1501 3111; x_wconf 95' lang='lat' dir='ltr'>in</span> <span class='ocrx_word' id='word_1_251' title='bbox 1522 3034 1719 3114; x_wconf 74' lang='lat' dir='ltr'>maledicatis</span> 
     </span>
     <span class='ocr_line' id='line_1_27' title="bbox 360 3139 1679 3224; baseline 0.003 -20"><span class='ocrx_word' id='word_1_252' title='bbox 360 3143 429 3205; x_wconf 89' lang='lat' dir='ltr'>loco</span> <span class='ocrx_word' id='word_1_253' title='bbox 451 3161 568 3224; x_wconf 92' lang='lat' dir='ltr'>pones,</span> <span class='ocrx_word' id='word_1_254' title='bbox 605 3160 688 3222; x_wconf 89' lang='lat' dir='ltr'>quae</span> <span class='ocrx_word' id='word_1_255' title='bbox 709 3159 798 3202; x_wconf 92' lang='lat' dir='ltr'>meus</span> <span class='ocrx_word' id='word_1_256' title='bbox 820 3139 977 3203; x_wconf 81' lang='lat' dir='ltr'>discessus</span> <span class='ocrx_word' id='word_1_257' title='bbox 998 3141 1044 3202; x_wconf 89' lang='lat' dir='ltr'>rei</span> <span class='ocrx_word' id='word_1_258' title='bbox 1067 3139 1212 3222; x_wconf 89' lang='lat' dir='ltr'>publicae</span> <span class='ocrx_word' id='word_1_259' title='bbox 1233 3139 1364 3202; x_wconf 79' lang='lat' dir='ltr'>vulnera</span> <span class='ocrx_word' id='word_1_260' title='bbox 1385 3139 1523 3205; x_wconf 79' lang='lat' dir='ltr'>inflixit?</span> <span class='ocrx_word' id='word_1_261' title='bbox 1566 3143 1629 3220; x_wconf 85' lang='lat' dir='ltr'>Qui</span> <span class='ocrx_word' id='word_1_262' title='bbox 1652 3145 1679 3207; x_wconf 91' lang='lat' dir='ltr'>si</span> 
     </span>
     <span class='ocr_line' id='line_1_28' title="bbox 358 3231 1681 3318; baseline 0.002 -20"><span class='ocrx_word' id='word_1_263' title='bbox 358 3235 648 3298; x_wconf 89' lang='lat' dir='ltr'>calamitosissimus</span> <span class='ocrx_word' id='word_1_264' title='bbox 681 3231 809 3307; x_wconf 80' lang='lat' dir='ltr'>suisset,</span> <span class='ocrx_word' id='word_1_265' title='bbox 841 3240 946 3295; x_wconf 90' lang='lat' dir='ltr'>tamen</span> <span class='ocrx_word' id='word_1_266' title='bbox 976 3233 1189 3296; x_wconf 90' lang='lat' dir='ltr'>misericordia</span> <span class='ocrx_word' id='word_1_267' title='bbox 1218 3234 1345 3316; x_wconf 78' lang='lat' dir='ltr'>dignior</span> <span class='ocrx_word' id='word_1_268' title='bbox 1371 3253 1466 3318; x_wconf 88' lang='lat' dir='ltr'>quarn</span> <span class='ocrx_word' id='word_1_269' title='bbox 1488 3237 1681 3310; x_wconf 83' lang='lat' dir='ltr'>contumelia</span> 
     </span>
     <span class='ocr_line' id='line_1_29' title="bbox 357 3326 1679 3415; baseline 0.002 -23"><span class='ocrx_word' id='word_1_270' title='bbox 357 3338 389 3392; x_wconf 90' lang='lat' dir='ltr'>et</span> <span class='ocrx_word' id='word_1_271' title='bbox 411 3348 481 3392; x_wconf 89' lang='lat' dir='ltr'>cum</span> <span class='ocrx_word' id='word_1_272' title='bbox 503 3329 602 3410; x_wconf 85' lang='lat' dir='ltr'>gloria</span> <span class='ocrx_word' id='word_1_273' title='bbox 622 3329 728 3411; x_wconf 90' lang='lat' dir='ltr'>potius</span> <span class='ocrx_word' id='word_1_274' title='bbox 751 3347 820 3390; x_wconf 89' lang='lat' dir='ltr'>csse</span> <span class='ocrx_word' id='word_1_275' title='bbox 843 3326 1027 3390; x_wconf 90' lang='lat' dir='ltr'>coniunctus</span> <span class='ocrx_word' id='word_1_276' title='bbox 1050 3347 1145 3411; x_wconf 86' lang='lat' dir='ltr'>quam</span> <span class='ocrx_word' id='word_1_277' title='bbox 1166 3347 1238 3390; x_wconf 92' lang='lat' dir='ltr'>cum</span> <span class='ocrx_word' id='word_1_278' title='bbox 1252 3327 1368 3412; x_wconf 91' lang='lat' dir='ltr'>probro</span> <span class='ocrx_word' id='word_1_279' title='bbox 1382 3336 1563 3410; x_wconf 85' lang='lat' dir='ltr'>putaretur,</span> <span class='ocrx_word' id='word_1_280' title='bbox 1584 3337 1679 3415; x_wconf 81' lang='lat' dir='ltr'>atque</span> 
     </span>
     <span class='ocr_line' id='line_1_30' title="bbox 356 3419 1680 3505; baseline 0.002 -21"><span class='ocrx_word' id='word_1_281' title='bbox 356 3423 410 3485; x_wconf 87' lang='lat' dir='ltr'>ille</span> <span class='ocrx_word' id='word_1_282' title='bbox 433 3422 524 3485; x_wconf 93' lang='lat' dir='ltr'>dolor</span> <span class='ocrx_word' id='word_1_283' title='bbox 544 3442 633 3484; x_wconf 91' lang='lat' dir='ltr'>meus</span> <span class='ocrx_word' id='word_1_284' title='bbox 655 3420 730 3484; x_wconf 89' lang='lat' dir='ltr'>dum</span> <span class='ocrx_word' id='word_1_285' title='bbox 751 3428 853 3494; x_wconf 86' lang='lat' dir='ltr'>taxat,</span> <span class='ocrx_word' id='word_1_286' title='bbox 882 3429 1020 3484; x_wconf 87' lang='lat' dir='ltr'>vestrum</span> <span class='ocrx_word' id='word_1_287' title='bbox 1042 3419 1173 3505; x_wconf 92' lang='lat' dir='ltr'>quidem</span> <span class='ocrx_word' id='word_1_288' title='bbox 1203 3420 1306 3484; x_wconf 91' lang='lat' dir='ltr'>scelus</span> <span class='ocrx_word' id='word_1_289' title='bbox 1334 3441 1371 3484; x_wconf 90' lang='lat' dir='ltr'>ac</span> <span class='ocrx_word' id='word_1_290' title='bbox 1391 3421 1528 3486; x_wconf 88' lang='lat' dir='ltr'>dedecus</span> <span class='ocrx_word' id='word_1_291' title='bbox 1549 3424 1680 3488; x_wconf 85' lang='lat' dir='ltr'>habere·</span> 
     </span>
     <span class='ocr_line' id='line_1_31' title="bbox 357 3512 1712 3598; baseline 0.002 -18"><span class='ocrx_word' id='word_1_292' title='bbox 357 3525 417 3580; x_wconf 87' lang='lat' dir='ltr'>tur.</span> <span class='ocrx_word' id='word_1_293' title='bbox 462 3513 537 3578; x_wconf 91' lang='lat' dir='ltr'>Cum</span> <span class='ocrx_word' id='word_1_294' title='bbox 560 3533 634 3577; x_wconf 86' lang='lat' dir='ltr'>vero</span> <span class='ocrx_word' id='word_1_295' title='bbox 650 3549 691 3560; x_wconf 99' lang='lat'>-</span> <span class='ocrx_word' id='word_1_296' title='bbox 705 3512 836 3576; x_wconf 80' lang='lat' dir='ltr'>forsitan</span> <span class='ocrx_word' id='word_1_297' title='bbox 857 3513 934 3588; x_wconf 92' lang='lat' dir='ltr'>hoc,</span> <span class='ocrx_word' id='word_1_298' title='bbox 958 3515 1044 3598; x_wconf 90' lang='lat' dir='ltr'>quod</span> <span class='ocrx_word' id='word_1_299' title='bbox 1062 3515 1201 3578; x_wconf 87' lang='lat' dir='ltr'>dicturus</span> <span class='ocrx_word' id='word_1_300' title='bbox 1219 3536 1303 3589; x_wconf 93' lang='lat' dir='ltr'>sum,</span> <span class='ocrx_word' id='word_1_301' title='bbox 1326 3515 1470 3578; x_wconf 87' lang='lat' dir='ltr'>mirabile</span> <span class='ocrx_word' id='word_1_302' title='bbox 1484 3515 1592 3580; x_wconf 89' lang='lat' dir='ltr'>auditu</span> <span class='ocrx_word' id='word_1_303' title='bbox 1609 3537 1712 3584; x_wconf 78' lang='lat' dir='ltr'>essese</span> 
     </span>
     <span class='ocr_line' id='line_1_32' title="bbox 355 3606 1678 3696; baseline 0.002 -22"><span class='ocrx_word' id='word_1_304' title='bbox 355 3611 515 3684; x_wconf 81' lang='lat' dir='ltr'>videatur,</span> <span class='ocrx_word' id='word_1_305' title='bbox 537 3607 591 3671; x_wconf 90' lang='lat' dir='ltr'>sed</span> <span class='ocrx_word' id='word_1_306' title='bbox 614 3617 699 3672; x_wconf 89' lang='lat' dir='ltr'>certe</span> <span class='ocrx_word' id='word_1_307' title='bbox 719 3608 753 3671; x_wconf 94' lang='lat' dir='ltr'>id</span> <span class='ocrx_word' id='word_1_308' title='bbox 776 3608 876 3670; x_wconf 88' lang='lat' dir='ltr'>dicam</span> <span class='ocrx_word' id='word_1_309' title='bbox 901 3606 986 3691; x_wconf 93' lang='lat' dir='ltr'>quod</span> <span class='ocrx_word' id='word_1_310' title='bbox 1008 3609 1110 3672; x_wconf 92' lang='lat' dir='ltr'>sentio</span> <span class='ocrx_word' id='word_1_311' title='bbox 1126 3644 1185 3683; x_wconf 89' lang='lat'>·-,</span> <span class='ocrx_word' id='word_1_312' title='bbox 1207 3629 1278 3672; x_wconf 84' lang='lat' dir='ltr'>cum</span> <span class='ocrx_word' id='word_1_313' title='bbox 1296 3610 1391 3672; x_wconf 86' lang='lat' dir='ltr'>tantis</span> <span class='ocrx_word' id='word_1_314' title='bbox 1410 3628 1430 3672; x_wconf 88' lang='lat' dir='ltr'>a</span> <span class='ocrx_word' id='word_1_315' title='bbox 1446 3611 1552 3687; x_wconf 83' lang='lat' dir='ltr'>vobis,</span> <span class='ocrx_word' id='word_1_316' title='bbox 1573 3618 1678 3696; x_wconf 89' lang='lat' dir='ltr'>patres</span> 
     </span>
     <span class='ocr_line' id='line_1_33' title="bbox 356 3703 1678 3794; baseline 0.002 -28"><span class='ocrx_word' id='word_1_317' title='bbox 356 3704 542 3786; x_wconf 84' lang='lat' dir='ltr'>conscripti,</span> <span class='ocrx_word' id='word_1_318' title='bbox 564 3703 726 3766; x_wconf 87' lang='lat' dir='ltr'>beneficiis</span> <span class='ocrx_word' id='word_1_319' title='bbox 749 3703 878 3765; x_wconf 82' lang='lat' dir='ltr'>affectus</span> <span class='ocrx_word' id='word_1_320' title='bbox 901 3703 960 3764; x_wconf 91' lang='lat' dir='ltr'>sim</span> <span class='ocrx_word' id='word_1_321' title='bbox 982 3703 1142 3785; x_wconf 86' lang='lat' dir='ltr'>tantisque</span> <span class='ocrx_word' id='word_1_322' title='bbox 1163 3703 1355 3777; x_wconf 91' lang='lat' dir='ltr'>honoribus,</span> <span class='ocrx_word' id='word_1_323' title='bbox 1387 3723 1453 3766; x_wconf 94' lang='lat' dir='ltr'>non</span> <span class='ocrx_word' id='word_1_324' title='bbox 1473 3704 1568 3768; x_wconf 91' lang='lat' dir='ltr'>modo</span> <span class='ocrx_word' id='word_1_325' title='bbox 1590 3705 1678 3794; x_wconf 66' lang='lat' dir='ltr'>illam</span> 
     </span>
     <span class='ocr_line' id='line_1_34' title="bbox 356 3795 1676 3881; baseline 0.004 -23"><span class='ocrx_word' id='word_1_326' title='bbox 356 3796 564 3860; x_wconf 85' lang='lat' dir='ltr'>calamitatem</span> <span class='ocrx_word' id='word_1_327' title='bbox 587 3814 742 3858; x_wconf 89' lang='lat' dir='ltr'>essenon</span> <span class='ocrx_word' id='word_1_328' title='bbox 764 3795 863 3869; x_wconf 86' lang='lat' dir='ltr'>duco,</span> <span class='ocrx_word' id='word_1_329' title='bbox 886 3795 957 3870; x_wconf 86' lang='lat' dir='ltr'>scd,</span> <span class='ocrx_word' id='word_1_330' title='bbox 991 3797 1018 3859; x_wconf 92' lang='lat' dir='ltr'>si</span> <span class='ocrx_word' id='word_1_331' title='bbox 1041 3796 1117 3880; x_wconf 91' lang='lat' dir='ltr'>quid</span> <span class='ocrx_word' id='word_1_332' title='bbox 1140 3797 1216 3859; x_wconf 93' lang='lat' dir='ltr'>mibi</span> <span class='ocrx_word' id='word_1_333' title='bbox 1239 3805 1343 3879; x_wconf 91' lang='lat' dir='ltr'>potest</span> <span class='ocrx_word' id='word_1_334' title='bbox 1363 3816 1383 3860; x_wconf 88' lang='lat' dir='ltr'>a</span> <span class='ocrx_word' id='word_1_335' title='bbox 1402 3816 1437 3859; x_wconf 83' lang='lat' dir='ltr'>re</span> <span class='ocrx_word' id='word_1_336' title='bbox 1458 3797 1584 3881; x_wconf 89' lang='lat' dir='ltr'>publica</span> <span class='ocrx_word' id='word_1_337' title='bbox 1606 3819 1676 3863; x_wconf 85' lang='lat' dir='ltr'>esse</span> 
     </span>
    </p>
   </div>
   <div class='ocr_carea' id='block_1_7' title="bbox 352 4121 1677 5313">
    <p class='ocr_par' dir='ltr' id='par_1_8' title="bbox 352 4121 1677 5313">
     <span class='ocr_line' id='line_1_35' title="bbox 422 4121 1674 4189; baseline 0.003 -17"><span class='ocrx_word' id='word_1_338' title='bbox 422 4125 444 4173; x_wconf 84' lang='lat' dir='ltr'>t.</span> <span class='ocrx_word' id='word_1_339' title='bbox 464 4125 533 4186; x_wconf 78' lang='lat' dir='ltr'>Quos</span> <span class='ocrx_word' id='word_1_340' title='bbox 544 4123 721 4174; x_wconf 82' lang='lat' dir='ltr'>--otdcbotur</span> <span class='ocrx_word' id='word_1_341' title='bbox 737 4123 814 4173; x_wconf 80' lang='lat' dir='ltr'>allent</span> <span class='ocrx_word' id='word_1_342' title='bbox 831 4121 1001 4183; x_wconf 85' lang='lat' dir='ltr'>Quintilianus</span> <span class='ocrx_word' id='word_1_343' title='bbox 1019 4122 1064 4181; x_wconf 81' lang='lat' dir='ltr'>1x,</span> <span class='ocrx_word' id='word_1_344' title='bbox 1082 4122 1112 4184; x_wconf 77' lang='lat'>3,</span> <span class='ocrx_word' id='word_1_345' title='bbox 1130 4121 1171 4172; x_wconf 83' lang='grc'>67.</span> <span class='ocrx_word' id='word_1_346' title='bbox 1185 4148 1213 4158; x_wconf 94' lang='grc'><strong>-</strong></span> <span class='ocrx_word' id='word_1_347' title='bbox 1229 4123 1338 4184; x_wconf 76' lang='lat' dir='ltr'>privatis</span> <span class='ocrx_word' id='word_1_348' title='bbox 1353 4121 1499 4187; x_wconf 73' lang='lat' dir='ltr'>bominibau]</span> <span class='ocrx_word' id='word_1_349' title='bbox 1516 4123 1550 4174; x_wconf 86' lang='lat' dir='ltr'>cl.</span> <span class='ocrx_word' id='word_1_350' title='bbox 1567 4137 1594 4189; x_wconf 87' lang='lat' dir='ltr'>p.</span> <span class='ocrx_word' id='word_1_351' title='bbox 1608 4127 1674 4176; x_wconf 83' lang='lat' dir='ltr'>sest.</span> 
     </span>
     <span class='ocr_line' id='line_1_36' title="bbox 355 4197 1675 4264; baseline 0.002 -14"><span class='ocrx_word' id='word_1_352' title='bbox 355 4199 422 4264; x_wconf 68' lang='lat'>569.</span> <span class='ocrx_word' id='word_1_353' title='bbox 435 4225 462 4236; x_wconf 89' lang='lat'>-</span> <span class='ocrx_word' id='word_1_354' title='bbox 479 4201 596 4260; x_wconf 56' lang='lat' dir='ltr'>liutolfi</span> <span class='ocrx_word' id='word_1_355' title='bbox 616 4199 648 4249; x_wconf 88' lang='lat' dir='ltr'>ct.</span> <span class='ocrx_word' id='word_1_356' title='bbox 661 4199 694 4248; x_wconf 90' lang='lat' dir='ltr'>ad</span> <span class='ocrx_word' id='word_1_357' title='bbox 707 4212 733 4263; x_wconf 91' lang='lat' dir='ltr'>p.</span> <span class='ocrx_word' id='word_1_358' title='bbox 747 4199 819 4258; x_wconf 83' lang='lat' dir='ltr'>to8t,</span> <span class='ocrx_word' id='word_1_359' title='bbox 833 4199 863 4248; x_wconf 82' lang='grc'>48</span> <span class='ocrx_word' id='word_1_360' title='bbox 876 4202 903 4248; x_wconf 89' lang='lat' dir='ltr'>et</span> <span class='ocrx_word' id='word_1_361' title='bbox 914 4197 946 4247; x_wconf 88' lang='lat' dir='ltr'>nd</span> <span class='ocrx_word' id='word_1_362' title='bbox 959 4211 985 4262; x_wconf 93' lang='lat' dir='ltr'>p.</span> <span class='ocrx_word' id='word_1_363' title='bbox 998 4199 1055 4256; x_wconf 79' lang='lat' dir='ltr'>sut,</span> <span class='ocrx_word' id='word_1_364' title='bbox 1068 4199 1141 4248; x_wconf 60' lang='lat' dir='ltr'>il·</span> <span class='ocrx_word' id='word_1_365' title='bbox 1155 4198 1178 4248; x_wconf 83' lang='grc'>3.</span> <span class='ocrx_word' id='word_1_366' title='bbox 1191 4211 1296 4248; x_wconf 86' lang='lat' dir='ltr'>comma</span> <span class='ocrx_word' id='word_1_367' title='bbox 1312 4199 1374 4248; x_wconf 86' lang='lat' dir='ltr'>ante</span> <span class='ocrx_word' id='word_1_368' title='bbox 1390 4205 1480 4249; x_wconf 81' lang='lat' dir='ltr'>contro</span> <span class='ocrx_word' id='word_1_369' title='bbox 1496 4199 1574 4252; x_wconf 86' lang='lat' dir='ltr'>abest</span> <span class='ocrx_word' id='word_1_370' title='bbox 1585 4200 1619 4251; x_wconf 87' lang='lat' dir='ltr'>ab</span> <span class='ocrx_word' id='word_1_371' title='bbox 1631 4201 1675 4252; x_wconf 88' lang='lat' dir='ltr'>ed.</span> 
     </span>
     <span class='ocr_line' id='line_1_37' title="bbox 355 4273 1675 4337; baseline 0.001 -12"><span class='ocrx_word' id='word_1_372' title='bbox 355 4277 397 4325; x_wconf 88' lang='lat' dir='ltr'>Or.</span> <span class='ocrx_word' id='word_1_373' title='bbox 417 4279 444 4325; x_wconf 90' lang='lat' dir='ltr'>et</span> <span class='ocrx_word' id='word_1_374' title='bbox 459 4274 601 4326; x_wconf 85' lang='lat' dir='ltr'>lllotziana.</span> <span class='ocrx_word' id='word_1_375' title='bbox 622 4301 649 4312; x_wconf 94' lang='lat'><em>-</em></span> <span class='ocrx_word' id='word_1_376' title='bbox 669 4273 692 4325; x_wconf 90' lang='lat' dir='ltr'>l.</span> <span class='ocrx_word' id='word_1_377' title='bbox 711 4276 754 4324; x_wconf 81' lang='lat' dir='ltr'>bos</span> <span class='ocrx_word' id='word_1_378' title='bbox 770 4274 829 4325; x_wconf 83' lang='lat' dir='ltr'>EP:</span> <span class='ocrx_word' id='word_1_379' title='bbox 853 4286 906 4324; x_wconf 91' lang='lat' dir='ltr'>om.</span> <span class='ocrx_word' id='word_1_380' title='bbox 926 4274 1046 4332; x_wconf 57' lang='lat' dir='ltr'>aaut&amp;</span> <span class='ocrx_word' id='word_1_381' title='bbox 1066 4273 1125 4323; x_wconf 87' lang='lat' dir='ltr'>tort.</span> <span class='ocrx_word' id='word_1_382' title='bbox 1142 4287 1182 4324; x_wconf 79' lang='lat' dir='ltr'>cos</span> <span class='ocrx_word' id='word_1_383' title='bbox 1199 4299 1226 4308; x_wconf 87' lang='lat'><em>—</em></span> <span class='ocrx_word' id='word_1_384' title='bbox 1246 4274 1270 4322; x_wconf 89' lang='grc'>6.</span> <span class='ocrx_word' id='word_1_385' title='bbox 1285 4273 1409 4336; x_wconf 74' lang='lat' dir='ltr'>putatoria</span> <span class='ocrx_word' id='word_1_386' title='bbox 1423 4274 1462 4324; x_wconf 79' lang='lat' dir='ltr'>bis</span> <span class='ocrx_word' id='word_1_387' title='bbox 1477 4289 1541 4337; x_wconf 80' lang='lat' dir='ltr'>quac</span> <span class='ocrx_word' id='word_1_388' title='bbox 1555 4275 1577 4327; x_wconf 83' lang='lat' dir='ltr'>E</span> <span class='ocrx_word' id='word_1_389' title='bbox 1594 4275 1675 4327; x_wconf 90' lang='lat' dir='ltr'>solus.</span> 
     </span>
     <span class='ocr_line' id='line_1_38' title="bbox 355 4348 1677 4412; baseline 0.002 -14"><span class='ocrx_word' id='word_1_390' title='bbox 355 4375 384 4386; x_wconf 94' lang='lat'><em>-</em></span> <span class='ocrx_word' id='word_1_391' title='bbox 403 4351 428 4400; x_wconf 80' lang='grc'>7.</span> <span class='ocrx_word' id='word_1_392' title='bbox 446 4364 477 4400; x_wconf 88' lang='lat' dir='ltr'>oc</span> <span class='ocrx_word' id='word_1_393' title='bbox 494 4356 577 4401; x_wconf 75' lang='lat' dir='ltr'>tonus</span> <span class='ocrx_word' id='word_1_394' title='bbox 592 4349 757 4401; x_wconf 88' lang='lat' dir='ltr'>Wunderus:</span> <span class='ocrx_word' id='word_1_395' title='bbox 776 4350 823 4398; x_wconf 84' lang='lat' dir='ltr'>boc</span> <span class='ocrx_word' id='word_1_396' title='bbox 839 4353 921 4399; x_wconf 84' lang='lat' dir='ltr'>tomen</span> <span class='ocrx_word' id='word_1_397' title='bbox 938 4349 987 4398; x_wconf 86' lang='lat' dir='ltr'>CO</span> <span class='ocrx_word' id='word_1_398' title='bbox 1002 4375 1029 4386; x_wconf 90' lang='lat'>—</span> <span class='ocrx_word' id='word_1_399' title='bbox 1048 4348 1072 4398; x_wconf 86' lang='lat'>8.</span> <span class='ocrx_word' id='word_1_400' title='bbox 1091 4361 1142 4398; x_wconf 77' lang='lat' dir='ltr'>caso</span> <span class='ocrx_word' id='word_1_401' title='bbox 1158 4350 1178 4399; x_wconf 86' lang='lat' dir='ltr'>G</span> <span class='ocrx_word' id='word_1_402' title='bbox 1196 4374 1223 4384; x_wconf 98' lang='lat'>-</span> <span class='ocrx_word' id='word_1_403' title='bbox 1243 4349 1267 4398; x_wconf 83' lang='grc'>9.</span> <span class='ocrx_word' id='word_1_404' title='bbox 1286 4362 1404 4412; x_wconf 76' lang='lat' dir='ltr'>oppresso</span> <span class='ocrx_word' id='word_1_405' title='bbox 1419 4349 1540 4412; x_wconf 60' lang='lat' dir='ltr'>mentm</span> <span class='ocrx_word' id='word_1_406' title='bbox 1558 4363 1677 4412; x_wconf 74' lang='lat' dir='ltr'>opprmso</span> 
     </span>
     <span class='ocr_line' id='line_1_39' title="bbox 354 4423 1676 4489; baseline 0.002 -15"><span class='ocrx_word' id='word_1_407' title='bbox 354 4437 408 4475; x_wconf 89' lang='lat' dir='ltr'>om.</span> <span class='ocrx_word' id='word_1_408' title='bbox 429 4425 486 4476; x_wconf 84' lang='lat' dir='ltr'>F-</span> <span class='ocrx_word' id='word_1_409' title='bbox 504 4427 609 4477; x_wconf 68' lang='lat' dir='ltr'>ostrida</span> <span class='ocrx_word' id='word_1_410' title='bbox 627 4427 711 4484; x_wconf 72' lang='lat' dir='ltr'>itis,</span> <span class='ocrx_word' id='word_1_411' title='bbox 730 4427 846 4476; x_wconf 80' lang='lat' dir='ltr'>asstricto</span> <span class='ocrx_word' id='word_1_412' title='bbox 863 4425 922 4474; x_wconf 85' lang='lat' dir='ltr'>E-</span> <span class='ocrx_word' id='word_1_413' title='bbox 944 4423 983 4472; x_wconf 86' lang='lat' dir='ltr'>tt.</span> <span class='ocrx_word' id='word_1_414' title='bbox 1001 4423 1211 4474; x_wconf 63' lang='lat' dir='ltr'>eoscumc-</span> <span class='ocrx_word' id='word_1_415' title='bbox 1231 4426 1272 4474; x_wconf 70' lang='grc' dir='ltr'>η.</span> <span class='ocrx_word' id='word_1_416' title='bbox 1290 4437 1340 4473; x_wconf 84' lang='lat' dir='ltr'>non</span> <span class='ocrx_word' id='word_1_417' title='bbox 1356 4423 1415 4473; x_wconf 66' lang='lat' dir='ltr'>iaco</span> <span class='ocrx_word' id='word_1_418' title='bbox 1431 4425 1676 4489; x_wconf 63' lang='lat' dir='ltr'>conmorastlmoo</span> 
     </span>
     <span class='ocr_line' id='line_1_40' title="bbox 353 4497 1672 4569; baseline 0.002 -21"><span class='ocrx_word' id='word_1_419' title='bbox 353 4513 446 4550; x_wconf 87' lang='lat' dir='ltr'>morem</span> <span class='ocrx_word' id='word_1_420' title='bbox 464 4501 532 4552; x_wconf 89' lang='lat' dir='ltr'>coni.</span> <span class='ocrx_word' id='word_1_421' title='bbox 550 4501 630 4564; x_wconf 81' lang='lat' dir='ltr'>Bake)</span> <span class='ocrx_word' id='word_1_422' title='bbox 649 4527 676 4537; x_wconf 90' lang='lat'>—-</span> <span class='ocrx_word' id='word_1_423' title='bbox 704 4501 743 4550; x_wconf 78' lang='lat' dir='ltr'>to.</span> <span class='ocrx_word' id='word_1_424' title='bbox 762 4505 789 4550; x_wconf 85' lang='lat' dir='ltr'>ut</span> <span class='ocrx_word' id='word_1_425' title='bbox 806 4501 862 4549; x_wconf 84' lang='lat' dir='ltr'>FS:</span> <span class='ocrx_word' id='word_1_426' title='bbox 890 4497 999 4560; x_wconf 79' lang='lat' dir='ltr'>atquoE</span> <span class='ocrx_word' id='word_1_427' title='bbox 1020 4523 1047 4533; x_wconf 91' lang='lat'><em>-</em></span> <span class='ocrx_word' id='word_1_428' title='bbox 1068 4497 1189 4569; x_wconf 79' lang='lat' dir='ltr'>orotor&#39;bos</span> <span class='ocrx_word' id='word_1_429' title='bbox 1204 4499 1236 4548; x_wconf 87' lang='lat' dir='ltr'>S:</span> <span class='ocrx_word' id='word_1_430' title='bbox 1262 4497 1400 4548; x_wconf 68' lang='lat' dir='ltr'>homtmbas</span> <span class='ocrx_word' id='word_1_431' title='bbox 1421 4499 1453 4556; x_wconf 85' lang='lat' dir='ltr'>F;</span> <span class='ocrx_word' id='word_1_432' title='bbox 1479 4497 1591 4553; x_wconf 74' lang='lat' dir='ltr'>omnibus</span> <span class='ocrx_word' id='word_1_433' title='bbox 1606 4500 1626 4550; x_wconf 92' lang='grc' dir='ltr'>Ε</span> <span class='ocrx_word' id='word_1_434' title='bbox 1644 4527 1672 4538; x_wconf 97' lang='grc'><strong>-</strong></span> 
     </span>
     <span class='ocr_line' id='line_1_41' title="bbox 354 4571 1674 4642; baseline 0.002 -19"><span class='ocrx_word' id='word_1_435' title='bbox 354 4577 394 4625; x_wconf 86' lang='grc'>46.</span> <span class='ocrx_word' id='word_1_436' title='bbox 413 4591 444 4626; x_wconf 85' lang='lat' dir='ltr'>ac</span> <span class='ocrx_word' id='word_1_437' title='bbox 460 4577 570 4642; x_wconf 87' lang='lat' dir='ltr'>scripsi:</span> <span class='ocrx_word' id='word_1_438' title='bbox 589 4580 634 4625; x_wconf 82' lang='lat' dir='ltr'>out</span> <span class='ocrx_word' id='word_1_439' title='bbox 651 4575 714 4635; x_wconf 71' lang='lat'>003</span> <span class='ocrx_word' id='word_1_440' title='bbox 733 4579 761 4624; x_wconf 82' lang='lat' dir='ltr'>ot</span> <span class='ocrx_word' id='word_1_441' title='bbox 776 4572 950 4638; x_wconf 81' lang='lat' dir='ltr'>Nipperdeius</span> <span class='ocrx_word' id='word_1_442' title='bbox 968 4571 984 4621; x_wconf 95' lang='lat' dir='ltr'>l.</span> <span class='ocrx_word' id='word_1_443' title='bbox 1002 4585 1027 4622; x_wconf 90' lang='lat' dir='ltr'>c.</span> <span class='ocrx_word' id='word_1_444' title='bbox 1049 4571 1087 4623; x_wconf 85' lang='lat' dir='ltr'>Cl.</span> <span class='ocrx_word' id='word_1_445' title='bbox 1100 4585 1156 4622; x_wconf 73' lang='lat' dir='ltr'>aar.</span> <span class='ocrx_word' id='word_1_446' title='bbox 1174 4571 1320 4623; x_wconf 70' lang='lat' dir='ltr'>lectitet</span> <span class='ocrx_word' id='word_1_447' title='bbox 1335 4586 1363 4637; x_wconf 89' lang='lat' dir='ltr'>p.</span> <span class='ocrx_word' id='word_1_448' title='bbox 1377 4572 1488 4634; x_wconf 61' lang='lat' dir='ltr'>dudm.</span> <span class='ocrx_word' id='word_1_449' title='bbox 1512 4574 1569 4624; x_wconf 87' lang='lat' dir='ltr'>Non</span> <span class='ocrx_word' id='word_1_450' title='bbox 1586 4575 1674 4627; x_wconf 88' lang='lat' dir='ltr'>minus</span> 
     </span>
     <span class='ocr_line' id='line_1_42' title="bbox 353 4647 1675 4714; baseline -0.002 -14"><span class='ocrx_word' id='word_1_451' title='bbox 353 4663 509 4714; x_wconf 88' lang='lat' dir='ltr'>perversum</span> <span class='ocrx_word' id='word_1_452' title='bbox 527 4651 594 4703; x_wconf 83' lang='lat' dir='ltr'>toret</span> <span class='ocrx_word' id='word_1_453' title='bbox 610 4649 675 4700; x_wconf 85' lang='lat' dir='ltr'>inira</span> <span class='ocrx_word' id='word_1_454' title='bbox 694 4648 748 4714; x_wconf 78' lang='lat' dir='ltr'>§lt</span> <span class='ocrx_word' id='word_1_455' title='bbox 762 4663 813 4698; x_wconf 82' lang='lat' dir='ltr'>ooo</span> <span class='ocrx_word' id='word_1_456' title='bbox 829 4648 898 4698; x_wconf 80' lang='lat' dir='ltr'>laudi</span> <span class='ocrx_word' id='word_1_457' title='bbox 908 4652 953 4696; x_wconf 83' lang='lat' dir='ltr'>out</span> <span class='ocrx_word' id='word_1_458' title='bbox 969 4647 1066 4710; x_wconf 70' lang='lat' dir='ltr'>glorior</span> <span class='ocrx_word' id='word_1_459' title='bbox 1077 4650 1128 4697; x_wconf 90' lang='lat' dir='ltr'>cet.</span> <span class='ocrx_word' id='word_1_460' title='bbox 1148 4647 1186 4696; x_wconf 86' lang='lat' dir='ltr'>ct.</span> <span class='ocrx_word' id='word_1_461' title='bbox 1200 4648 1278 4697; x_wconf 88' lang='lat' dir='ltr'>etiam</span> <span class='ocrx_word' id='word_1_462' title='bbox 1296 4647 1355 4711; x_wconf 71' lang='lat'>§78</span> <span class='ocrx_word' id='word_1_463' title='bbox 1367 4651 1433 4699; x_wconf 81' lang='lat' dir='ltr'>extr.</span> <span class='ocrx_word' id='word_1_464' title='bbox 1447 4675 1475 4685; x_wconf 95' lang='lat'><em>-</em></span> <span class='ocrx_word' id='word_1_465' title='bbox 1490 4649 1675 4712; x_wconf 55' lang='lat' dir='ltr'>mutaban-</span> 
     </span>
     <span class='ocr_line' id='line_1_43' title="bbox 353 4722 1672 4784; baseline 0.002 -11"><span class='ocrx_word' id='word_1_466' title='bbox 353 4730 396 4774; x_wconf 82' lang='lat' dir='ltr'>tor</span> <span class='ocrx_word' id='word_1_467' title='bbox 413 4725 518 4776; x_wconf 78' lang='lat' dir='ltr'>dels</span> <span class='ocrx_word' id='word_1_468' title='bbox 536 4752 563 4761; x_wconf 95' lang='lat'><em>-</em></span> <span class='ocrx_word' id='word_1_469' title='bbox 584 4725 623 4776; x_wconf 88' lang='lat' dir='ltr'>t8.</span> <span class='ocrx_word' id='word_1_470' title='bbox 642 4729 700 4774; x_wconf 83' lang='lat' dir='ltr'>tunc</span> <span class='ocrx_word' id='word_1_471' title='bbox 716 4725 791 4774; x_wconf 81' lang='lat' dir='ltr'>ctiam</span> <span class='ocrx_word' id='word_1_472' title='bbox 808 4725 852 4774; x_wconf 88' lang='lat' dir='ltr'>FG</span> <span class='ocrx_word' id='word_1_473' title='bbox 869 4749 893 4760; x_wconf 91' lang='lat'>-</span> <span class='ocrx_word' id='word_1_474' title='bbox 912 4728 987 4784; x_wconf 81' lang='lat' dir='ltr'>atque</span> <span class='ocrx_word' id='word_1_475' title='bbox 1006 4725 1068 4772; x_wconf 86' lang='lat' dir='ltr'>G-</span> <span class='ocrx_word' id='word_1_476' title='bbox 1088 4723 1127 4772; x_wconf 85' lang='lat' dir='ltr'>t9.</span> <span class='ocrx_word' id='word_1_477' title='bbox 1145 4723 1220 4772; x_wconf 68' lang='lat' dir='ltr'>mum</span> <span class='ocrx_word' id='word_1_478' title='bbox 1236 4724 1257 4772; x_wconf 85' lang='lat' dir='ltr'>G</span> <span class='ocrx_word' id='word_1_479' title='bbox 1271 4750 1298 4759; x_wconf 93' lang='lat'>-</span> <span class='ocrx_word' id='word_1_480' title='bbox 1316 4723 1344 4772; x_wconf 80' lang='lat' dir='ltr'>io</span> <span class='ocrx_word' id='word_1_481' title='bbox 1360 4722 1484 4772; x_wconf 70' lang='lat' dir='ltr'>motcdimi</span> <span class='ocrx_word' id='word_1_482' title='bbox 1500 4735 1563 4774; x_wconf 86' lang='lat' dir='ltr'>nos:</span> <span class='ocrx_word' id='word_1_483' title='bbox 1581 4724 1672 4775; x_wconf 81' lang='lat' dir='ltr'>loom</span> 
     </span>
     <span class='ocr_line' id='line_1_44' title="bbox 354 4795 1671 4864; baseline 0 -15"><span class='ocrx_word' id='word_1_484' title='bbox 354 4799 418 4854; x_wconf 70' lang='lat' dir='ltr'>Cot</span> <span class='ocrx_word' id='word_1_485' title='bbox 443 4799 476 4849; x_wconf 87' lang='lat' dir='ltr'>ct.</span> <span class='ocrx_word' id='word_1_486' title='bbox 494 4799 559 4849; x_wconf 86' lang='lat' dir='ltr'>inira</span> <span class='ocrx_word' id='word_1_487' title='bbox 583 4799 597 4863; x_wconf 74' lang='lat'>5</span> <span class='ocrx_word' id='word_1_488' title='bbox 615 4800 655 4849; x_wconf 78' lang='lat'>32.</span> <span class='ocrx_word' id='word_1_489' title='bbox 678 4813 703 4864; x_wconf 92' lang='lat' dir='ltr'>p.</span> <span class='ocrx_word' id='word_1_490' title='bbox 723 4799 826 4850; x_wconf 79' lang='lat' dir='ltr'>cluent</span> <span class='ocrx_word' id='word_1_491' title='bbox 845 4799 860 4862; x_wconf 71' lang='lat' dir='ltr'>g</span> <span class='ocrx_word' id='word_1_492' title='bbox 878 4799 918 4848; x_wconf 68' lang='lat'>62.</span> <span class='ocrx_word' id='word_1_493' title='bbox 939 4800 962 4847; x_wconf 85' lang='lat' dir='ltr'>in</span> <span class='ocrx_word' id='word_1_494' title='bbox 981 4799 1056 4848; x_wconf 88' lang='lat' dir='ltr'>Verr.</span> <span class='ocrx_word' id='word_1_495' title='bbox 1074 4797 1105 4854; x_wconf 85' lang='lat' dir='ltr'>V.</span> <span class='ocrx_word' id='word_1_496' title='bbox 1124 4797 1140 4861; x_wconf 70' lang='lat'>5</span> <span class='ocrx_word' id='word_1_497' title='bbox 1157 4798 1213 4846; x_wconf 80' lang='lat' dir='ltr'>t25.</span> <span class='ocrx_word' id='word_1_498' title='bbox 1235 4823 1262 4832; x_wconf 95' lang='lat'><em>-</em></span> <span class='ocrx_word' id='word_1_499' title='bbox 1280 4797 1321 4846; x_wconf 68' lang='grc' dir='ltr'>ΕΞ.</span> <span class='ocrx_word' id='word_1_500' title='bbox 1340 4795 1372 4847; x_wconf 86' lang='lat' dir='ltr'>ob</span> <span class='ocrx_word' id='word_1_501' title='bbox 1388 4799 1588 4848; x_wconf 61' lang='lat' dir='ltr'>commuuione</span> <span class='ocrx_word' id='word_1_502' title='bbox 1604 4799 1624 4849; x_wconf 84' lang='lat' dir='ltr'><strong>E</strong></span> <span class='ocrx_word' id='word_1_503' title='bbox 1644 4826 1671 4834; x_wconf 96' lang='lat'>-</span> 
     </span>
     <span class='ocr_line' id='line_1_45' title="bbox 353 4871 1672 4939; baseline 0 -17"><span class='ocrx_word' id='word_1_504' title='bbox 353 4885 384 4922; x_wconf 83' lang='lat' dir='ltr'>nc</span> <span class='ocrx_word' id='word_1_505' title='bbox 401 4872 434 4922; x_wconf 85' lang='lat' dir='ltr'>E:</span> <span class='ocrx_word' id='word_1_506' title='bbox 453 4877 476 4922; x_wconf 83' lang='lat' dir='ltr'>et</span> <span class='ocrx_word' id='word_1_507' title='bbox 493 4873 536 4923; x_wconf 85' lang='lat' dir='ltr'>FS</span> <span class='ocrx_word' id='word_1_508' title='bbox 555 4901 581 4910; x_wconf 96' lang='lat'><em>-</em></span> <span class='ocrx_word' id='word_1_509' title='bbox 600 4873 640 4923; x_wconf 77' lang='lat'>25.</span> <span class='ocrx_word' id='word_1_510' title='bbox 659 4873 686 4924; x_wconf 81' lang='lat' dir='ltr'>to</span> <span class='ocrx_word' id='word_1_511' title='bbox 703 4885 755 4924; x_wconf 91' lang='lat' dir='ltr'>om.</span> <span class='ocrx_word' id='word_1_512' title='bbox 776 4873 867 4924; x_wconf 75' lang='lat' dir='ltr'>lamb.</span> <span class='ocrx_word' id='word_1_513' title='bbox 888 4899 915 4908; x_wconf 97' lang='lat'><em>-</em></span> <span class='ocrx_word' id='word_1_514' title='bbox 934 4873 974 4923; x_wconf 74' lang='lat'>26.</span> <span class='ocrx_word' id='word_1_515' title='bbox 993 4871 1115 4935; x_wconf 66' lang='lat' dir='ltr'>mulserit</span> <span class='ocrx_word' id='word_1_516' title='bbox 1132 4871 1201 4920; x_wconf 92' lang='lat' dir='ltr'>coni.</span> <span class='ocrx_word' id='word_1_517' title='bbox 1213 4871 1292 4921; x_wconf 80' lang='lat' dir='ltr'>Bake.</span> <span class='ocrx_word' id='word_1_518' title='bbox 1321 4872 1392 4921; x_wconf 77' lang='lat' dir='ltr'>«Non</span> <span class='ocrx_word' id='word_1_519' title='bbox 1410 4872 1467 4936; x_wconf 85' lang='lat' dir='ltr'>ipse</span> <span class='ocrx_word' id='word_1_520' title='bbox 1483 4873 1577 4924; x_wconf 86' lang='lat' dir='ltr'>Cicero</span> <span class='ocrx_word' id='word_1_521' title='bbox 1592 4886 1672 4939; x_wconf 83' lang='lat' dir='ltr'>pree-</span> 
     </span>
     <span class='ocr_line' id='line_1_46' title="bbox 353 4944 1671 5012; baseline -0.001 -16"><span class='ocrx_word' id='word_1_522' title='bbox 353 4945 461 4996; x_wconf 85' lang='lat' dir='ltr'>dicabat</span> <span class='ocrx_word' id='word_1_523' title='bbox 476 4957 504 4996; x_wconf 84' lang='lat' dir='ltr'>so</span> <span class='ocrx_word' id='word_1_524' title='bbox 521 4945 629 4997; x_wconf 84' lang='lat' dir='ltr'>vulnera</span> <span class='ocrx_word' id='word_1_525' title='bbox 647 4948 771 4998; x_wconf 83' lang='lat' dir='ltr'>inflixisse</span> <span class='ocrx_word' id='word_1_526' title='bbox 789 4948 827 4997; x_wconf 89' lang='lat' dir='ltr'>rei</span> <span class='ocrx_word' id='word_1_527' title='bbox 844 4945 979 5012; x_wconf 85' lang='lat' dir='ltr'>publicae:</span> <span class='ocrx_word' id='word_1_528' title='bbox 1006 4949 1064 4996; x_wconf 87' lang='lat' dir='ltr'>erat</span> <span class='ocrx_word' id='word_1_529' title='bbox 1079 4945 1131 4996; x_wconf 89' lang='lat' dir='ltr'>hoc</span> <span class='ocrx_word' id='word_1_530' title='bbox 1146 4946 1172 4995; x_wconf 93' lang='lat' dir='ltr'>in</span> <span class='ocrx_word' id='word_1_531' title='bbox 1189 4945 1290 4996; x_wconf 88' lang='lat' dir='ltr'>Pisonis</span> <span class='ocrx_word' id='word_1_532' title='bbox 1305 4944 1478 4997; x_wconf 81' lang='lat' dir='ltr'>maledictis.»</span> <span class='ocrx_word' id='word_1_533' title='bbox 1496 4972 1524 4984; x_wconf 92' lang='lat'><em>-</em></span> <span class='ocrx_word' id='word_1_534' title='bbox 1543 4948 1587 5009; x_wconf 81' lang='lat' dir='ltr'>qut</span> <span class='ocrx_word' id='word_1_535' title='bbox 1601 4947 1624 4996; x_wconf 82' lang='lat' dir='ltr'>st</span> <span class='ocrx_word' id='word_1_536' title='bbox 1639 4949 1671 4998; x_wconf 87' lang='lat' dir='ltr'>S:</span> 
     </span>
     <span class='ocr_line' id='line_1_47' title="bbox 352 5020 1673 5085; baseline -0.001 -13"><span class='ocrx_word' id='word_1_537' title='bbox 352 5024 374 5072; x_wconf 77' lang='lat' dir='ltr'>rt</span> <span class='ocrx_word' id='word_1_538' title='bbox 390 5021 486 5072; x_wconf 88' lang='lat' dir='ltr'>omittit</span> <span class='ocrx_word' id='word_1_539' title='bbox 502 5023 534 5080; x_wconf 81' lang='lat' dir='ltr'>F;</span> <span class='ocrx_word' id='word_1_540' title='bbox 559 5025 631 5085; x_wconf 69' lang='lat' dir='ltr'>quos</span> <span class='ocrx_word' id='word_1_541' title='bbox 647 5024 667 5074; x_wconf 91' lang='grc' dir='ltr'>Ε</span> <span class='ocrx_word' id='word_1_542' title='bbox 686 5049 713 5058; x_wconf 91' lang='grc'><strong>-</strong></span> <span class='ocrx_word' id='word_1_543' title='bbox 732 5023 772 5073; x_wconf 75' lang='lat'>27.</span> <span class='ocrx_word' id='word_1_544' title='bbox 791 5028 874 5073; x_wconf 80' lang='lat' dir='ltr'>tameo</span> <span class='ocrx_word' id='word_1_545' title='bbox 885 5023 1031 5074; x_wconf 80' lang='lat' dir='ltr'>--rotiono</span> <span class='ocrx_word' id='word_1_546' title='bbox 1046 5023 1091 5071; x_wconf 82' lang='lat' dir='ltr'>boc</span> <span class='ocrx_word' id='word_1_547' title='bbox 1107 5035 1133 5085; x_wconf 89' lang='lat' dir='ltr'>p.</span> <span class='ocrx_word' id='word_1_548' title='bbox 1152 5021 1230 5081; x_wconf 72' lang='lat'>⁴092,</span> <span class='ocrx_word' id='word_1_549' title='bbox 1248 5021 1275 5070; x_wconf 77' lang='lat' dir='ltr'>at</span> <span class='ocrx_word' id='word_1_550' title='bbox 1297 5020 1380 5070; x_wconf 88' lang='lat' dir='ltr'>habet</span> <span class='ocrx_word' id='word_1_551' title='bbox 1395 5021 1417 5069; x_wconf 83' lang='lat' dir='ltr'>V</span> <span class='ocrx_word' id='word_1_552' title='bbox 1435 5046 1464 5059; x_wconf 94' lang='lat'><em>-</em></span> <span class='ocrx_word' id='word_1_553' title='bbox 1482 5021 1523 5072; x_wconf 79' lang='lat'>29.</span> <span class='ocrx_word' id='word_1_554' title='bbox 1541 5026 1588 5071; x_wconf 74' lang='lat' dir='ltr'>out</span> <span class='ocrx_word' id='word_1_555' title='bbox 1602 5021 1673 5071; x_wconf 66' lang='lat' dir='ltr'>dode</span> 
     </span>
     <span class='ocr_line' id='line_1_48' title="bbox 353 5095 1668 5156; baseline -0.002 -8"><span class='ocrx_word' id='word_1_556' title='bbox 353 5111 396 5148; x_wconf 81' lang='lat' dir='ltr'>cus</span> <span class='ocrx_word' id='word_1_557' title='bbox 417 5098 437 5148; x_wconf 92' lang='grc' dir='ltr'>Ε</span> <span class='ocrx_word' id='word_1_558' title='bbox 459 5095 540 5148; x_wconf 89' lang='lat' dir='ltr'>solus.</span> <span class='ocrx_word' id='word_1_559' title='bbox 560 5125 587 5135; x_wconf 96' lang='lat'><em>-</em></span> <span class='ocrx_word' id='word_1_560' title='bbox 611 5099 650 5150; x_wconf 81' lang='lat'>30.</span> <span class='ocrx_word' id='word_1_561' title='bbox 668 5111 725 5148; x_wconf 76' lang='lat' dir='ltr'>meo</span> <span class='ocrx_word' id='word_1_562' title='bbox 743 5099 941 5148; x_wconf 84' lang='lat' dir='ltr'>oaroVEGP:</span> <span class='ocrx_word' id='word_1_563' title='bbox 963 5103 1016 5146; x_wconf 82' lang='lat' dir='ltr'>tom</span> <span class='ocrx_word' id='word_1_564' title='bbox 1036 5095 1177 5156; x_wconf 78' lang='lat' dir='ltr'>osroblS,</span> <span class='ocrx_word' id='word_1_565' title='bbox 1201 5096 1337 5145; x_wconf 78' lang='lat' dir='ltr'>tuosroF</span> <span class='ocrx_word' id='word_1_566' title='bbox 1357 5121 1382 5133; x_wconf 92' lang='lat'>-</span> <span class='ocrx_word' id='word_1_567' title='bbox 1407 5096 1622 5146; x_wconf 69' lang='lat' dir='ltr'>oidcotwmscl&#39;</span> <span class='ocrx_word' id='word_1_568' title='bbox 1640 5121 1668 5131; x_wconf 94' lang='lat'><em>-</em></span> 
     </span>
     <span class='ocr_line' id='line_1_49' title="bbox 353 5169 1671 5236; baseline -0.003 -14"><span class='ocrx_word' id='word_1_569' title='bbox 353 5173 394 5222; x_wconf 79' lang='lat' dir='ltr'>st.</span> <span class='ocrx_word' id='word_1_570' title='bbox 412 5177 509 5221; x_wconf 84' lang='lat' dir='ltr'>tontum</span> <span class='ocrx_word' id='word_1_571' title='bbox 524 5172 572 5222; x_wconf 79' lang='lat' dir='ltr'>EF</span> <span class='ocrx_word' id='word_1_572' title='bbox 591 5198 617 5210; x_wconf 97' lang='lat'><em>-</em></span> <span class='ocrx_word' id='word_1_573' title='bbox 637 5175 677 5224; x_wconf 73' lang='lat'>32.</span> <span class='ocrx_word' id='word_1_574' title='bbox 696 5175 819 5236; x_wconf 69' lang='lat' dir='ltr'>tactuque</span> <span class='ocrx_word' id='word_1_575' title='bbox 834 5174 868 5221; x_wconf 78' lang='lat' dir='ltr'>V:</span> <span class='ocrx_word' id='word_1_576' title='bbox 886 5174 961 5223; x_wconf 83' lang='lat' dir='ltr'>tontis</span> <span class='ocrx_word' id='word_1_577' title='bbox 978 5173 997 5222; x_wconf 89' lang='lat' dir='ltr'>C</span> <span class='ocrx_word' id='word_1_578' title='bbox 1017 5198 1045 5208; x_wconf 89' lang='lat'><em>-</em></span> <span class='ocrx_word' id='word_1_579' title='bbox 1064 5170 1103 5220; x_wconf 77' lang='lat'>33.</span> <span class='ocrx_word' id='word_1_580' title='bbox 1121 5184 1172 5220; x_wconf 84' lang='lat' dir='ltr'>ooo</span> <span class='ocrx_word' id='word_1_581' title='bbox 1187 5170 1242 5220; x_wconf 82' lang='lat' dir='ltr'>dico</span> <span class='ocrx_word' id='word_1_582' title='bbox 1257 5169 1280 5217; x_wconf 86' lang='lat' dir='ltr'>V</span> <span class='ocrx_word' id='word_1_583' title='bbox 1296 5172 1324 5219; x_wconf 85' lang='lat' dir='ltr'>et</span> <span class='ocrx_word' id='word_1_584' title='bbox 1339 5170 1361 5220; x_wconf 87' lang='grc' dir='ltr'>Ε</span> <span class='ocrx_word' id='word_1_585' title='bbox 1377 5182 1417 5235; x_wconf 80' lang='lat' dir='ltr'>pr.</span> <span class='ocrx_word' id='word_1_586' title='bbox 1431 5183 1467 5221; x_wconf 89' lang='lat' dir='ltr'>m.</span> <span class='ocrx_word' id='word_1_587' title='bbox 1486 5170 1569 5220; x_wconf 81' lang='lat' dir='ltr'>«Vitio</span> <span class='ocrx_word' id='word_1_588' title='bbox 1585 5169 1671 5220; x_wconf 80' lang='lat' dir='ltr'>haesit</span> 
     </span>
     <span class='ocr_line' id='line_1_50' title="bbox 354 5240 1669 5313; baseline -0.004 -16"><span class='ocrx_word' id='word_1_589' title='bbox 354 5249 494 5299; x_wconf 81' lang='lat' dir='ltr'>infinitivus</span> <span class='ocrx_word' id='word_1_590' title='bbox 511 5261 572 5311; x_wconf 79' lang='lat' dir='ltr'>csso,</span> <span class='ocrx_word' id='word_1_591' title='bbox 591 5249 635 5313; x_wconf 89' lang='lat' dir='ltr'>qui</span> <span class='ocrx_word' id='word_1_592' title='bbox 654 5249 756 5298; x_wconf 84' lang='lat' dir='ltr'>nonnisi</span> <span class='ocrx_word' id='word_1_593' title='bbox 772 5249 799 5298; x_wconf 90' lang='lat' dir='ltr'>in</span> <span class='ocrx_word' id='word_1_594' title='bbox 815 5248 907 5298; x_wconf 80' lang='lat' dir='ltr'>vitiosa</span> <span class='ocrx_word' id='word_1_595' title='bbox 919 5245 979 5298; x_wconf 93' lang='lat' dir='ltr'>cod.</span> <span class='ocrx_word' id='word_1_596' title='bbox 991 5246 1050 5296; x_wconf 77' lang='lat' dir='ltr'>l&#39;at.</span> <span class='ocrx_word' id='word_1_597' title='bbox 1062 5242 1175 5295; x_wconf 81' lang='lat' dir='ltr'>lectione</span> <span class='ocrx_word' id='word_1_598' title='bbox 1191 5246 1246 5295; x_wconf 76' lang='lat' dir='ltr'>dico</span> <span class='ocrx_word' id='word_1_599' title='bbox 1261 5243 1366 5295; x_wconf 80' lang='lat' dir='ltr'>delendi</span> <span class='ocrx_word' id='word_1_600' title='bbox 1378 5247 1496 5310; x_wconf 85' lang='lat' dir='ltr'>poterat:</span> <span class='ocrx_word' id='word_1_601' title='bbox 1514 5255 1607 5294; x_wconf 82' lang='lat' dir='ltr'>rursus</span> <span class='ocrx_word' id='word_1_602' title='bbox 1623 5240 1669 5293; x_wconf 88' lang='lat' dir='ltr'>ubi</span> 
     </span>
    </p>
   </div>
   <div class='ocr_carea' id='block_1_8' title="bbox 354 5317 1668 5390">
    <p class='ocr_par' dir='ltr' id='par_1_9' title="bbox 354 5317 1668 5390">
     <span class='ocr_line' id='line_1_51' title="bbox 354 5317 1668 5390; baseline -0.006 -14"><span class='ocrx_word' id='word_1_603' title='bbox 354 5323 504 5386; x_wconf 84' lang='lat' dir='ltr'>subiicitur,</span> <span class='ocrx_word' id='word_1_604' title='bbox 522 5325 659 5388; x_wconf 74' lang='lat' dir='ltr'>optmdcm</span> <span class='ocrx_word' id='word_1_605' title='bbox 674 5325 737 5376; x_wconf 82' lang='lat' dir='ltr'>duco</span> <span class='ocrx_word' id='word_1_606' title='bbox 751 5323 813 5373; x_wconf 78' lang='lat' dir='ltr'>mitt</span> <span class='ocrx_word' id='word_1_607' title='bbox 827 5323 901 5390; x_wconf 66' lang='lat' dir='ltr'>musa</span> <span class='ocrx_word' id='word_1_608' title='bbox 911 5347 948 5373; x_wconf 83' lang='lat'>·-.</span> <span class='ocrx_word' id='word_1_609' title='bbox 957 5321 1099 5386; x_wconf 63' lang='lat' dir='ltr'>totamm,</span> <span class='ocrx_word' id='word_1_610' title='bbox 1120 5317 1262 5386; x_wconf 80' lang='lat' dir='ltr'>legendum</span> <span class='ocrx_word' id='word_1_611' title='bbox 1278 5321 1320 5371; x_wconf 85' lang='lat' dir='ltr'>est</span> <span class='ocrx_word' id='word_1_612' title='bbox 1334 5319 1407 5370; x_wconf 69' lang='lat' dir='ltr'>dcc:</span> <span class='ocrx_word' id='word_1_613' title='bbox 1425 5318 1478 5369; x_wconf 87' lang='lat' dir='ltr'>hoc</span> <span class='ocrx_word' id='word_1_614' title='bbox 1493 5317 1565 5368; x_wconf 83' lang='lat' dir='ltr'>enim</span> <span class='ocrx_word' id='word_1_615' title='bbox 1580 5318 1668 5382; x_wconf 87' lang='lat' dir='ltr'>ipsum</span> 
     </span>
    </p>
   </div>
   <div class='ocr_carea' id='block_1_9' title="bbox 0 0 2010 6154">
    <p class='ocr_par' dir='ltr' id='par_1_10' title="bbox 0 0 2010 6154">
     <span class='ocr_line' id='line_1_52' title="bbox 0 0 2010 6154; baseline 0 0"><span class='ocrx_word' id='word_1_616' title='bbox 0 0 2010 6154; x_wconf 95' lang='lat' dir='ltr'> </span> 
     </span>
    </p>
   </div>
  </div>
 </body>
</html>
