4009 6159
427 539 510 615 ltob
757 601 760 610 .
847 550 999 617 ORATIO
1025 550 1250 616 PHILIPPICA
1269 551 1309 614 ΙΙ.

430 730 462 787 44
487 722 605 786 hortos.
649 719 699 785 68.
722 720 749 784 0
779 720 940 786 audaciam
967 721 1153 786 immaneml
1183 730 1218 785 tu
1247 721 1342 785 etiam
1367 718 1488 802 ingredi
1508 718 1597 783 illam
1618 720 1752 784 domum

427 836 521 880 ausus
550 819 607 880 444
637 823 671 880 tu
698 816 777 878 illud
802 817 1033 880 sanctissimum
1060 817 1157 880 limen
1178 817 1316 880 intraret
1345 823 1380 877 tu
1401 813 1525 876 illarum
1546 813 1674 877 aedium
1697 815 1751 878 dis
1805 893 1809 898 .

427 909 593 992 penatibus
615 930 650 974 os
672 911 920 993 impurissimum
942 911 1137 974 ostendere?
1160 910 1262 986 Quam
1285 908 1414 971 domum
1435 906 1632 990 aliquamdiu
1653 929 1750 973 nemo

426 1004 588 1086 adspicere
616 1012 755 1089 poterat,
783 1025 876 1069 nemo
905 1005 974 1068 sine
1002 1005 1140 1068 lacrimis
1167 1003 1354 1087 praeterire,
1381 1001 1440 1064 bac
1460 1009 1492 1064 te
1512 1001 1545 1063 in
1567 1003 1663 1065 domo
1684 1011 1750 1066 tam

404 1095 479 1159 sdiu
502 1097 659 1162 deversari
680 1118 743 1161 non
766 1098 886 1182 pudetl
909 1099 941 1162 in
964 1119 1044 1182 qua,
1066 1099 1211 1184 quamvis
1233 1096 1312 1160 nibil
1333 1096 1453 1180 sapias,
1475 1103 1579 1158 44444444
1593 1094 1672 1158 nibil
1691 1096 1752 1159 tibi

426 1198 623 1274 potestesse
644 1193 826 1256 iucundum.
868 1193 1013 1256 XXVIII.
1035 1194 1084 1255 In
1108 1201 1156 1270 tu,
1182 1192 1238 1255 illa
1265 1191 1299 1254 in
1320 1190 1476 1254 vestibulo
1496 1197 1598 1253 rostra
1620 1185 1751 1274 [spolia]

427 1305 499 1348 cum
521 1287 711 1370 adspexisti,
735 1287 861 1351 domum
884 1293 968 1350 tuam
991 1295 1022 1348 44
1043 1287 1174 1351 introire
1190 1289 1304 1370 putas?
1327 1282 1395 1348 lieri
1409 1303 1474 1346 non
1488 1290 1605 1366 potest.
1630 1282 1753 1359 Quam·

428 1379 476 1441 vis
498 1382 581 1444 enim
604 1381 670 1446 sine
693 1388 815 1456 mente,
837 1381 905 1444 sine
928 1401 1025 1444 sensu
1047 1381 1116 1455 sis‚·
1131 1387 1167 1444 ut
1188 1401 1237 1454 es,
1260 1388 1365 1445 umen
1387 1386 1420 1441 et
1440 1386 1472 1441 44
1492 1385 1525 1441 44
1545 1384 1601 1442 tua
1622 1386 1654 1442 et
1675 1387 1750 1444 tuos

429 1475 521 1538 nosti.
557 1477 621 1538 Nec
649 1495 724 1539 vero
752 1483 783 1539 te
811 1495 961 1558 umquam
989 1495 1095 1559 neque
1122 1475 1303 1558 vigilantem
1324 1493 1430 1557 neque
1455 1474 1489 1537 iu
1509 1473 1629 1536 soumis
1650 1472 1749 1537 credo

390 1579 418 1627 44
428 1587 522 1650 posse
549 1577 652 1633 mente
674 1571 856 1635 consistere.
901 1571 1037 1633 Necesse
1059 1576 1123 1644 est,
1150 1569 1293 1652 qrramvis
1315 1568 1374 1641 sis,
1402 1574 1439 1630 ut
1460 1587 1510 1642 es,
1533 1567 1690 1633 violentus
1711 1576 1747 1633 et

427 1662 552 1739 furens,
580 1685 651 1728 cum
679 1665 738 1728 tibi
767 1664 891 1728 obiecta
920 1665 961 1726 sit
988 1663 1110 1746 specics
1136 1663 1306 1745 singularis
1328 1662 1402 1736 viri,
1431 1661 1632 1745 perterritum
1653 1669 1684 1726 44
1706 1663 1748 1728 de

428 1777 540 1821 somno
564 1759 709 1833 excitari,
731 1758 836 1821 furere
859 1759 953 1822 etlam
975 1777 1071 1841 saepe
1091 1756 1283 1839 vigilantem.
1326 1752 1599 1838 dausqueium
1619 1758 1750 1822 miseret

428 1854 581 1935 parietum
604 1853 744 1936 ipsorum
766 1859 860 1936 atquo
882 1859 1044 1916 tectorum.
1078 1850 1161 1927 Quid
1184 1850 1267 1913 enim
1290 1869 1439 1933 umquam
1459 1848 1572 1914 domus
1590 1852 1646 1915 illa
1659 1852 1749 1916 vide·

427 1955 476 2010 rat
491 1947 553 2010 nisi
569 1947 728 2030 pudicum,
745 1946 822 2031 quid
837 1947 898 2010 ulei
913 1965 953 2010 ex
968 1947 1090 2029 optimo
1105 1965 1192 2010 more
1207 1951 1239 2008 et
1250 1943 1449 2008 sanctissima
1463 1943 1654 2027 disciplinat
1675 1946 1749 2009 Fuit

391 2050 419 2097 44
429 2041 513 2103 enim
535 2041 589 2104 ille
611 2041 676 2116 vir,
697 2048 802 2124 patres
825 2041 1012 2123 conscripti,
1035 2040 1127 2104 sicuti
1149 2039 1251 2113 scitis,
1274 2059 1345 2102 cum
1367 2037 1445 2101 loris
1459 2037 1560 2102 clarus
1579 2045 1646 2103 tum
1660 2039 1748 2104 domi

428 2134 649 2209 admirandus,
678 2155 784 2219 neque
809 2135 902 2199 rebus
925 2136 1064 2198 externis
1085 2135 1184 2217 magis
1205 2132 1383 2197 laudandus
1405 2151 1499 2215 quam
1519 2133 1669 2198 institutis
1690 2136 1750 2197 do·

420 2228 577 2292 mesticis.
605 2229 708 2294 liuius
729 2231 762 2292 in
781 2229 909 2294 sedibus
928 2249 985 2312 pro
1001 2228 1155 2292 cubiculis
1170 2226 1301 2300 stabula,
1322 2245 1380 2309 pro
1394 2225 1595 2289 conclavibus
1610 2227 1748 2311 popinae

429 2330 512 2409 sunt
544 2322 612 2386 Etsi
634 2324 695 2387 iam
718 2331 831 2407 negat:
859 2325 959 2386 nolite
981 2343 1149 2407 quaerere3
1177 2321 1260 2403 frugi
1288 2319 1390 2384 iactus
1411 2327 1475 2383 est:
1504 2320 1591 2383 illam
1612 2320 1636 2401 i
1657 2343 1747 2388 suam

429 2403 502 2481 suas
524 2418 654 2482 ressibi
675 2418 792 2482 habere
814 2419 923 2492 iussit,
952 2438 993 2481 ex
1015 2416 1179 2480 duodecim
1204 2412 1322 2478 tabulis
1343 2413 1447 2478 claves
1467 2413 1602 2488 ademit,
1631 2416 1747 2498 exegit.

391 2511 530 2588 ”Quam
552 2532 648 2595 porro
670 2521 828 2596 spectatus
851 2513 944 2588 civis,
972 2531 1066 2594 quam
1089 2510 1257 2593 probatus!
1289 2509 1379 2572 cuias
1407 2527 1447 2571 ex
1469 2509 1555 2571 omni
1576 2511 1641 2573 vita
1668 2511 1749 2573 nibil

429 2613 478 2669 est
497 2607 662 2669 honestius
684 2627 778 2691 quam
800 2606 886 2690 quod
908 2627 979 2670 cum
1002 2606 1097 2668 mima
1109 2603 1185 2667 fecit
1198 2603 1378 2672 divortium.
1409 2599 1460 2664 70.
1474 2604 1515 2666 At
1527 2621 1622 2686 quam
1638 2605 1748 2668 crebro

428 2708 559 2782 usurpat
582 2709 644 2763 act
665 2701 808 2764 consul
832 2709 871 2763 44
891 2700 1136 2763 Antoniusn:
1158 2697 1220 2760 hoc
1242 2696 1429 2759 cstdicere:
1451 2703 1485 2760 et
1504 2696 1615 2759 consul
1638 2704 1670 2760 ct
1690 2699 1749 2759 im·

427 2794 661 2878 pudicissimus,
683 2801 715 2858 el
736 2795 847 2858 consul
870 2800 901 2858 ct
921 2794 1016 2858 homo
1037 2792 1262 2876 nequissimus.
1292 2789 1376 2874 Qrdd
1400 2797 1449 2854 est
1469 2790 1554 2854 enim
1575 2789 1662 2854 aliud
1684 2791 1748 2853 An-

428 2889 557 2952 tonius‘l
589 2891 666 2952 Nam
689 2888 716 2952 si
739 2888 874 2971 dignitas
896 2885 1127 2971 significaretur
1147 2886 1180 2947 in
1202 2886 1346 2960 nomine,
1374 2884 1522 2959 dixisset,
1550 2883 1661 2959 credo,
1689 2883 1748 2947 ali·

389 2983 556 3067 aequando
582 3002 659 3045 avus
687 2991 760 3046 tuus
791 3003 825 3045 se
848 2988 879 3046 ct
900 2982 1063 3045 consulem
1086 2989 1118 3044 et
1137 2981 1311 3043 Antonium
1332 3013 1374 3024 —
1394 2999 1567 3063 numquam
1589 2977 1670 3041 dixit
1688 3001 1747 3040 -·:

287 2333 300 2390 7

279 2396 300 2429 a

287 3071 317 3181 ί
428 3077 561 3140 dixisset
584 3078 679 3140 ctiam
701 3077 822 3159 collega
843 3096 947 3151 meus,
969 3084 1100 3173 patruus
1122 3082 1212 3148 tuus,
1233 3073 1344 3136 nisisi
1366 3081 1400 3136 tu
1422 3093 1456 3135 es
1478 3073 1565 3136 solus
1581 3073 1748 3136 Antonius.

429 3171 491 3234 Sed
513 3169 623 3235 omitto
647 3189 684 3233 ea
704 3179 850 3254 peccata,
879 3191 960 3255 quae
987 3166 1054 3234 ndu
1076 3177 1150 3232 sunt
1171 3188 1278 3231 earum
1299 3169 1436 3251 partium
1459 3166 1602 3251 propria,
1630 3167 1748 3251 quibus

427 3272 461 3328 tu
483 3284 549 3328 rem
572 3263 729 3348 publicam
751 3265 923 3330 vexavisti:
945 3264 985 3327 ad
1008 3266 1093 3348 ipsas
1114 3271 1184 3326 tuas
1206 3269 1310 3346 partes
1332 3261 1446 3336 redeo,
1468 3260 1501 3323 id
1523 3267 1573 3324 444
1592 3261 1633 3322 ad
1655 3259 1747 3324 civile

495 3606 517 3652 4.
536 3603 661 3653 4444444444
677 3614 693 3651 a
710 3627 738 3637 -
757 3601 832 3651 444444
849 3600 886 3650 V:
914 3613 967 3651 cnr.
985 3601 1007 3650 D
1026 3627 1054 3637 -
1071 3601 1173 3663 inprede
1188 3597 1220 3649 V¹
1239 3627 1265 3638 -
1291 3601 1316 3650 2.
1334 3602 1394 3664 post
1415 3612 1441 3650 44
1457 3600 1483 3648 in
1499 3599 1522 3647 V
1539 3600 1581 3649 est
1595 3611 1697 3651 4434444.
1717 3627 1744 3638 -

427 3678 482 3728 illut
498 3679 558 3727 V-
577 3677 658 3728 dieb:
677 3675 852 3739 diisVagtO
867 3701 893 3712 -
913 3675 1126 3737 sponasnuv
1139 3701 1165 3712 -
1185 3674 1418 3738 inpurissimumV:
1437 3674 1666 3738 44444444444444444444
1682 3675 1703 3724 D
1718 3701 1745 3710 -

428 3753 559 3818 cuendsre]
576 3757 643 3804 444444
653 3752 883 3815 inportunissimum
899 3751 1002 3811 ciarev,
1021 3750 1054 3801 cl.
1067 3749 1152 3801 slmile
1169 3753 1317 3802 monstrum
1329 3749 1451 3802 vocabuli
1468 3748 1626 3814 glossemate
1637 3750 1747 3814 disrupti

428 3829 659 3894 adplicat.-
675 3827 824 3889 aliquandiu
839 3827 915 3877 at-
935 3823 1106 3877 44444444-
1125 3826 1288 3877 &diamari
1303 3827 1365 3877 D-
1383 3826 1411 3875 in
1426 3838 1504 3886 quom
1520 3827 1569 3875 4-
1586 3825 1647 3875 nibil
1662 3824 1748 3887 sapiae

427 3910 510 3955 4444444
527 3917 580 3956 om.
599 3917 615 3954 a
634 3931 661 3942 —
685 3907 765 3965 potest
780 3901 824 3952 tibi
839 3914 869 3965 g;
896 3900 940 3950 4444
956 3912 1009 3950 cm.
1027 3901 1039 3950 t
1055 3925 1083 3935 -
1112 3900 1136 3950 6.
1155 3901 1200 3950 illo
1220 3903 1246 3950 in
1267 3900 1404 3951 4444444444
1419 3902 1454 3960 V;
1475 3901 1522 3950 4444
1540 3900 1662 3952 uestibulo
1677 3901 1699 3950 Ι)
1717 3925 1746 3936 ·-

427 3985 529 4030 4444444
544 3981 625 4042 spolia
634 3979 670 4039 V;
686 3983 772 4028 444444
787 3991 818 4027 oc
834 3976 914 4040 spotia
930 3975 1070 4034 Graevius3
1089 3988 1138 4026 nos
1154 3977 1234 4039 444444
1246 3988 1308 4026 cum
1320 3977 1339 4027 0
1350 3978 1380 4025 ut
1395 3973 1526 4039 glossema
1543 3973 1706 4026 inclusimus.
1717 4001 1746 4010 -

429 4053 761 4119 4444444444-4444444
782 4079 805 4090 -
831 4052 855 4102 8.
874 4052 1156 4108 tamustclteinras.
1175 4053 1253 4114 mil
1272 4050 1748 4116 etletexp.)situaetuosncstiV

430 4156 457 4167 -
471 4131 496 4180 e,
507 4141 627 4192 umquam
641 4127 711 4192 necq'.
725 4129 780 4192 (sic)
792 4128 815 4176 V
828 4153 855 4163 -
875 4129 915 4178 40.
927 4125 1146 4177 44444444444444
1162 4127 1301 4177 4444444444
1312 4128 1387 4190 gt0;
1407 4130 1433 4178 at
1450 4125 1513 4177 illud
1524 4126 1608 4190 magis
1618 4125 1653 4176 ad
1662 4125 1749 4187 444444

429 4205 560 4270 quadrare
576 4205 689 4255 videtur.
711 4231 735 4242 -
758 4205 798 4254 44.
816 4202 851 4253 ibi
866 4206 901 4253 at
919 4227 946 4239 -
966 4203 1066 4264 44444444
1080 4202 1104 4250 V
1122 4227 1149 4237 —
1167 4203 1226 4267 4444]
1244 4202 1283 4251 444
1298 4203 1321 4251 V
1338 4229 1366 4239 -
1389 4204 1419 4253 444
1433 4215 1518 4252 menno
1535 4209 1558 4254 44
1574 4205 1597 4262 4;
1614 4215 1648 4252 ear
1663 4214 1748 4251 44444444

429 4294 482 4332 om.
501 4286 524 4332 te
539 4293 555 4330 a
574 4307 601 4317 -
621 4281 661 4331 44.
679 4279 794 4330 4444444444
811 4292 826 4328 4
845 4303 871 4314 -
890 4279 979 4329 misere
993 4279 1056 4327 V-
1076 4275 1117 4328 tl.
1136 4279 1196 4338 quid
1211 4277 1305 4332 nisiV:
1324 4277 1372 4327 nisi
1388 4278 1450 4328 D-
1470 4279 1510 4328 444.
1527 4277 1656 4340 4444444444.
1673 4276 1749 4325 acutis

428 4359 496 4407 444444
513 4357 570 4416 (ntis
586 4358 652 4424 4444
667 4356 693 4405 in
712 4367 764 4405 ras.
783 4367 819 4405 m.
837 4354 861 4416 44
878 4367 935 4404 cum
950 4354 1021 4419 444444
1035 4353 1060 4400 V
1077 4378 1104 4388 -
1123 4354 1195 4402 sicuti
1210 4353 1265 4402 bt:
1283 4353 1346 4402 444444
1361 4353 1429 4416 ago
1442 4379 1470 4388 -
1486 4353 1559 4416 [44444
1575 4354 1585 4401 4
1602 4377 1631 4388 -
1650 4352 1690 4402 td.
1703 4364 1749 4400 ae·

428 4433 505 4482 tenvis
520 4431 542 4480 V
561 4459 589 4470 -
606 4431 723 4481 inistituis
738 4430 761 4480 V
779 4455 806 4465 -
825 4428 852 4478 in
868 4429 969 4480 4444444444
985 4428 1101 4480 Ursinus.
1115 4454 1142 4463 -
1162 4428 1202 4476 44.
1217 4442 1267 4490 pro
1282 4427 1438 4478 conclavibus
1450 4429 1559 4491 popinae
1574 4429 1684 4492 scripsi:
1701 4441 1748 4490 pro

428 4504 586 4557 conclavibus
598 4508 708 4570 popinae
723 4505 827 4556 triclinus
843 4505 879 4566 V;
896 4519 944 4567 pro
960 4504 1075 4554 tricliniis
1091 4504 1204 4566 4444444444
1217 4503 1235 4564 t)
1249 4502 1359 4565 popinae
1374 4502 1434 4552 Do.
1457 4503 1494 4552 Ex
1511 4501 1570 4553 loco
1587 4503 1614 4552 in
1630 4514 1683 4565 quo
1700 4515 1749 4552 ex·

430 4585 481 4634 stat
496 4582 600 4632 4444444444
616 4583 642 4632 in
657 4583 681 4632 V
697 4583 808 4646 apparel
824 4581 875 4631 hoc
893 4593 953 4631 esse
970 4578 1115 4642 glossema,
1134 4592 1187 4629 non
1204 4577 1362 4628 concionibus
1380 4604 1407 4614 -
1426 4580 1466 4630 48.
1484 4576 1618 4628 noliteVb
1630 4581 1655 4626 t:
1673 4578 1749 4628 nolite

428 4658 511 4709 inclite
527 4671 582 4721 ag;
605 4658 694 4717 nolite,
716 4657 791 4707 444444
807 4658 827 4706 0
844 4682 873 4692 -
900 4668 972 4705 444444
988 4667 1047 4703 suas
1062 4667 1102 4704 444
1118 4652 1140 4701 V
1157 4654 1183 4704 in
1200 4666 1252 4704 ras.
1271 4667 1308 4704 m.
1327 4655 1356 4716 Ξ,
1380 4655 1428 4706 sed
1444 4655 1551 4719 antiqua
1567 4653 1662 4712 bahet;
1684 4652 1746 4705 4444.

428 4733 498 4783 idam
513 4734 618 4783 mimam
633 4745 674 4782 444
689 4744 748 4782 atas
763 4730 810 4780 4444
824 4729 914 4781 baden
932 4756 959 4765 -
985 4728 1024 4778 49.
1043 4741 1077 4778 ee
1093 4729 1220 4779 duodecim
1236 4729 1339 4779 4444444·
1355 4730 1438 4780 claves
1453 4729 1569 4780 distinxit
1584 4731 1604 4780 0
1623 4755 1650 4766 -
1668 4730 1749 4779 4444444

346 4840 348 4845 ·
429 4808 491 4870 Vh,
510 4809 596 4858 4444444
613 4811 663 4866 44;
685 4807 765 4858 444444
780 4807 873 4856 adunit
887 4805 1006 4868 forasque
1020 4804 1102 4867 444444
1118 4802 1195 4854 affert
1211 4805 1310 4855 Nonius
1326 4817 1352 4868 p.
1366 4805 1410 4855 2444
1425 4807 1496 4856 lt·
1514 4806 1555 4856 2l.
1572 4819 1630 4856 curn
1645 4818 1699 4857 om.
1712 4808 1749 4855 at

431 4907 458 4920 -
477 4884 519 4934 22.
538 4889 560 4933 44
576 4885 637 4933 44444
653 4883 709 4933 Ant.
728 4895 780 4933 om.
799 4895 814 4932 4
833 4907 860 4918 -
880 4887 903 4932 44
919 4883 979 4932 ante
996 4893 1045 4931 444.
1064 4893 1117 4930 om.
1135 4880 1157 4927 V
1177 4907 1205 4917 -
1222 4880 1421 4942 inpudicisaisnus
1435 4881 1482 4930 Va
1500 4907 1528 4917 -
1549 4881 1590 4932 43.
1608 4881 1674 4931 44444
1688 4893 1748 4930 4444-

429 4957 632 5021 quisstmusV-
653 4963 687 5009 444
703 4957 768 5008 44444
783 4955 855 5006 Vb2:
875 4957 940 5007 enim
956 4961 990 5005 444
1007 4968 1060 5019 ag;
1078 4953 1264 5005 enimomb¹t
1282 4979 1309 4991 -
1329 4956 1392 5005 444444
1407 4955 1470 5004 V·
1487 4954 1529 5006 el.
1546 4955 1662 5020 qniturV
1675 4983 1703 4993 -
1720 4956 1748 5005 in

430 5047 483 5085 om.
502 5032 652 5084 Lambinus.
673 5059 699 5068 -
718 5033 791 5082 444444
808 5033 943 5094 aliquado
960 5033 1030 5082 VD:
1048 5031 1184 5093 aliquando
1200 5033 1273 5081 credo
1290 5032 1354 5081 0-
1369 5031 1410 5081 25.
1428 5031 1462 5095 44]
1478 5033 1520 5082 aed
1532 5031 1555 5080 V
1567 5057 1594 5068 -
1614 5038 1637 5083 44
1652 5033 1714 5095 post
1723 5043 1749 5081 44

430 5122 482 5160 om.
501 5109 523 5159 D
543 5135 570 5144 -
587 5119 725 5168 numquam
741 5107 805 5157 4444444
820 5108 855 5157 D:
873 5108 1000 5170 Numquid
1016 5107 1047 5169 V,
1066 5105 1138 5156 unde
1154 5107 1286 5157 Muretus:
1304 5107 1425 5168 munquid
1440 5107 1524 5157 4444444
1540 5133 1568 5143 -
1586 5107 1627 5157 26.
1645 5106 1749 5168 conlega

428 5185 507 5235 4444444
523 5183 560 5244 V3
583 5183 678 5248 collega
698 5184 750 5232 4444
766 5185 777 5232 4
794 5188 900 5235 -44444
916 5197 970 5234 orn.
987 5183 1010 5231 V
1030 5209 1057 5218 -
1079 5182 1128 5231 nisi
1143 5183 1164 5231 si
1180 5183 1265 5232 Vbt:
1283 5183 1331 5232 nisi
1347 5183 1425 5245 ago.
1450 5183 1489 5234 ct.
1507 5181 1591 5234 ilend.
1609 5182 1685 5233 Ture.
1703 5181 1745 5242 lV,

430 5273 457 5326 p.
476 5259 524 5311 439
541 5271 601 5326 sqq.
622 5285 649 5296 —
668 5257 820 5319 luninech,
839 5271 891 5311 om.
911 5273 926 5310 a
946 5285 973 5300 ·-
991 5259 1032 5310 48,
1046 5257 1169 5322 44444444
1187 5281 1214 5296 ··
1233 5257 1259 5310 id
1275 5271 1300 5309 44
1315 5271 1333 5310 4
1348 5257 1421 5309 ciuile
1436 5258 1468 5309 V.
