4009 6159
383 575 466 646 l272
818 577 970 643 ORATIO
992 575 1216 643 affluentes
1235 577 1275 639 Il.

382 749 564 824 bibebatur,
593 745 778 824 ludebatur,
798 747 992 813 vomebatur.
1032 746 1060 810 0
1082 753 1163 811 tecta
1183 748 1253 829 ipsa
1273 745 1387 810 misera
1408 765 1523 829 quam
1544 744 1703 829 dispari

385 843 564 906 dominol
589 842 786 925 Quamquam
809 861 873 926 quo
896 840 991 904 modo
1013 841 1075 905 iste
1096 841 1264 904 dominus?
1287 839 1343 904 sed
1358 848 1464 903 manen
1478 859 1574 923 quam
1587 840 1627 903 ab
1641 839 1706 904 dis·

383 938 452 1021 pari
473 936 676 1000 tenebantur!
699 937 875 1000 studiorum
897 937 980 998 enim
1003 956 1130 999 suorum
1144 937 1187 1000 M.
1201 937 1300 998 Varro
1314 934 1416 998 voluit
1435 933 1528 1008 illud,
1548 954 1613 1000 non
1634 935 1705 999 libi·

384 1031 493 1095 diuum
515 1031 741 1094 deversorium.
785 1025 857 1092 l05.
880 1029 969 1105 Quae
991 1029 1025 1090 in
1047 1029 1102 1092 ille
1119 1029 1195 1092 villa
1215 1036 1310 1091 antea
1331 1026 1533 1091 dicebanturt
1555 1048 1637 1112 quae
1652 1048 1706 1093 oo·

360 1125 576 1208 agitabantur!
605 1143 687 1208 quae
709 1124 821 1188 litteris
843 1121 1089 1186 mandabantur!
1120 1123 1192 1184 lura
1213 1121 1324 1206 populi
1344 1123 1492 1196 Romani,
1514 1125 1706 1187 monimenta

382 1219 554 1293 maiorum,
577 1219 678 1282 omnis
701 1219 873 1302 sapientiae
894 1218 975 1281 ratio
996 1218 1164 1300 omnisque
1188 1216 1360 1279 doctrinae.
1391 1217 1433 1278 At
1452 1235 1528 1280 vero
1551 1223 1582 1280 te
1602 1217 1707 1301 inqui·

381 1312 447 1375 lino
468 1347 509 1358 -
530 1333 594 1375 non
616 1313 701 1375 enim
723 1312 853 1374 domino
874 1345 916 1360 -
937 1311 1150 1394 personabant
1172 1310 1278 1373 omnia
1300 1309 1430 1374 vocibus
1453 1309 1629 1384 ebriorum,
1651 1329 1707 1374 na·

381 1407 489 1469 tabant
509 1405 689 1488 pavimenta
710 1406 803 1480 vino,
826 1405 993 1469 madebant
1014 1405 1166 1486 parietes,
1187 1405 1320 1487 ingenui
1334 1403 1425 1488 pueri
1439 1424 1509 1467 cum
1525 1404 1706 1480 meritoriis,

238 1513 255 1606 Ζ
381 1507 485 1564 scorta
513 1499 597 1562 inter
622 1507 737 1564 matres
766 1499 902 1562 familias
929 1500 1146 1588 versabantur.
1189 1499 1303 1561 Casino
1331 1497 1501 1562 salutatum
1528 1498 1706 1572 veniebant,

343 1615 371 1661 ro
381 1594 526 1678 Aquino,
556 1595 746 1657 Interamna.
784 1593 947 1656 Admissus
978 1601 1026 1656 est
1055 1612 1159 1655 nerno.
1195 1593 1268 1654 lure
1290 1591 1324 1653 id
1346 1590 1494 1674 quidem
1523 1592 1556 1655 in
1578 1592 1706 1655 bomine

381 1689 465 1753 enim
486 1687 670 1770 turpissimo
691 1685 918 1751 obsolefiebant
939 1687 1101 1769 dignitatis
1122 1686 1268 1769 insignia.
1304 1681 1377 1748 406.
1392 1685 1472 1748 Cum
1486 1683 1562 1748 inde
1574 1686 1706 1748 Romam

380 1782 585 1864 proficiscens
605 1781 647 1844 ad
668 1781 828 1863 Aquinum
851 1783 1031 1854 accederet,
1051 1781 1176 1845 obviarn
1192 1781 1222 1843 ei
1243 1781 1415 1862 prooessit,
1437 1786 1473 1841 ut
1487 1786 1536 1843 est
1555 1778 1705 1863 frequens

379 1875 604 1957 municipium,
627 1893 738 1958 magna
760 1895 836 1938 sane
858 1876 1034 1939 mullitudo.
1068 1879 1106 1937 At
1125 1874 1186 1939 iste
1204 1881 1313 1958 operta
1334 1873 1445 1936 lectica
1465 1872 1548 1936 latus
1569 1893 1628 1957 per
1648 1895 1706 1958 op-

380 1969 489 2052 pidum
511 1976 560 2032 esl
580 1976 616 2031 ut
637 1976 789 2032 mortuus.
828 1969 929 2032 Stulte
950 1970 1144 2051 Aquinates:
1174 1969 1230 2031 sed
1257 1975 1362 2029 tamen
1384 1967 1418 2028 in
1440 1967 1492 2029 via
1512 1967 1704 2033 babitabant.

343 2079 371 2125 ts
382 2061 482 2139 Quid,
511 2062 690 2146 Anagnini?
720 2063 782 2139 Qui
805 2083 876 2125 cum
899 2071 1007 2126 essent
1028 2062 1129 2135 devii,
1159 2060 1408 2135 abscenderunt,
1436 2069 1473 2123 ut
1494 2061 1606 2138 istum,
1627 2070 1706 2128 tam·

379 2156 525 2240 quamsi
548 2163 646 2231 esset,
669 2157 831 2219 consulem
854 2156 1036 2220 salutarent.
1072 2154 1259 2218 Incredibile
1280 2153 1385 2229 dictu,
1408 2154 1501 2235 †sed
1523 2163 1591 2218 tum
1610 2156 1706 2220 nimis

379 2252 461 2314 inter
482 2269 591 2313 omnes
613 2250 777 2314 consmbat
799 2251 956 2313 neminem
980 2270 1051 2313 esse
1072 2250 1294 2323 resalutalum,
1327 2250 1512 2333 pracsertim
1534 2271 1605 2314 cum
1627 2249 1705 2314 duos

265 2335 283 2426 ί.
380 2364 487 2408 secum
509 2343 691 2426 Anagninos
712 2343 859 2418 baberet,
885 2344 1053 2435 Mustelam
1076 2352 1108 2408 et
1128 2344 1307 2418 Laconem,
1329 2364 1463 2425 quonum
1485 2343 1564 2424 aller
1585 2344 1706 2427 gladio·

348 2432 449 2501 lrum
478 2446 526 2501 est
555 2439 719 2520 princeps,
751 2438 831 2527 :dtas
858 2438 1053 2522 poculorum.
1098 2434 1169 2500 007.
1192 2437 1278 2514 Quid
1306 2458 1366 2520 ego
1395 2439 1465 2502 illas
1492 2438 1584 2502 istius
1604 2439 1705 2502 minas

342 2531 648 2614 socontumeliasque
671 2551 926 2606 commemorem,
950 2533 1068 2614 quibus
1089 2533 1232 2595 invectus
1257 2540 1306 2596 est
1326 2533 1359 2595 in
1383 2533 1558 2607 Sidicinos,
1580 2533 1707 2597 vexavit

207 2641 290 2744 ὦ
379 2625 585 2700 Puteolanos,
613 2625 698 2708 quod
730 2625 763 2688 C.
794 2625 935 2688 Cassium
967 2633 999 2688 et
1026 2629 1139 2690 Brutos
1160 2634 1309 2709 patronos
1331 2627 1559 2709 adoptassent‘l
1592 2628 1705 2720 ΜΨ

376 2719 511 2804 'quidem
532 2719 652 2794 studio,
675 2719 807 2793 iudicio,
829 2719 1066 2794 benevolentia,
1089 2722 1232 2794 caritate,
1254 2740 1333 2793 non,
1355 2728 1392 2783 ut
1411 2727 1444 2782 te
1460 2727 1491 2781 et
1505 2719 1652 2795 Basilum,
1673 2721 1704 2784 ri

380 2821 413 2878 et
433 2814 543 2888 armis,
571 2819 603 2876 et
625 2813 703 2876 alios
726 2813 820 2876 vestri
843 2813 975 2886 similes,
1006 2833 1087 2892 quos
1110 2813 1241 2876 clientes
1263 2834 1357 2876 nemo
1379 2813 1496 2877 babere
1518 2813 1610 2889 velit,
1640 2833 1705 2878 non

380 2907 475 2972 modo
497 2908 622 2971 illorum
644 2908 741 2970 cliens
765 2927 845 2970 esse.
889 2907 986 2968 XLIl.
1009 2908 1134 2971 Interea
1157 2905 1231 2970 dum
1253 2915 1287 2970 lu
1302 2908 1395 2981 abes,
1414 2907 1474 2990 qui
1489 2907 1557 2971 dies
1571 2907 1626 2971 ille
1640 2909 1705 2972 col·

342 3002 469 3085 releges
491 3002 538 3064 tui
559 3001 634 3077 fuit,
658 3021 729 3064 oum
752 3000 848 3074 illud,
872 3003 959 3084 quod
974 3002 1117 3065 venerari
1140 3000 1279 3075 solebas,
1301 3002 1428 3064 bustum
1444 3002 1478 3063 in
1492 3001 1561 3064 loro
1576 3002 1703 3066 evertit!

381 3117 445 3181 qua
473 3115 506 3159 re
534 3095 590 3158 tibi
619 3096 778 3170 nuntiata,
810 3103 844 3158 nt
874 3095 1037 3158 constabat
1058 3096 1142 3158 inter
1165 3116 1238 3170 eos,
1269 3096 1324 3180 qui
1346 3116 1409 3160 una
1430 3095 1572 3171 luerunt,
1601 3097 1706 3160 conoi-

381 3189 465 3253 disti.
499 3189 583 3265 Quid
605 3191 746 3253 evenerit
768 3197 877 3271 postea
898 3190 1068 3252 nescio-
1085 3197 1203 3252 metum
1224 3190 1319 3252 credo
1335 3189 1473 3252 valuisse
1494 3198 1527 3252 et
1546 3209 1703 3265 arma-3

381 3285 532 3368 collegam
561 3285 689 3368 quidem
712 3283 751 3346 de
773 3283 861 3346 caelo
884 3282 1046 3346 detraxisti
1075 3283 1287 3365 effecistique,
1315 3301 1380 3345 non
1402 3290 1436 3344 tu
1458 3283 1587 3365 quidem
1610 3285 1703 3352 etiam

380 3399 481 3452 nunc,
503 3385 539 3441 ul
560 3377 673 3442 similis
695 3379 760 3452 tui,
782 3378 838 3440 sed
861 3385 945 3440 certe
968 3384 1003 3439 ut
1025 3377 1185 3439 dissimilis
1208 3383 1296 3439 esset
1313 3377 1372 3440 sui.

446 3705 469 3754 l.
487 3703 705 3754 mouebatart-
725 3703 885 3753 wcataV-
905 3716 1087 3764 mamao-
1108 3704 1132 3752 Ι.
1151 3700 1379 3764 sedtbqaamt-
1399 3703 1478 3753 abV:
1496 3707 1593 3756 all-
1613 3705 1706 3758 bleo-

379 3780 472 3830 baotar
488 3779 524 3838 V;
549 3779 678 3828 terebatur
693 3779 705 3827 t
721 3802 749 3813 -
774 3779 810 3828 Μ.
829 3791 881 3828 om.
901 3779 932 3828 V¹
951 3803 977 3814 —
997 3778 1074 3827 barro
1091 3778 1162 3828 V-
1183 3779 1269 3828 bollait
1285 3779 1323 3837 V:
1350 3779 1425 3829 acted
1441 3782 1452 3830 t
1469 3807 1497 3816 -
1516 3781 1579 3831 tuoe
1594 3783 1630 3832 V:
1657 3797 1706 3834 esse

379 3855 442 3904 illud
458 3854 509 3904 bo
529 3880 555 3891 -
574 3852 598 3904 l.
618 3854 776 3903 dmersomtm
792 3853 829 3912 V;
856 3853 1022 3903 dlaerson'am
1038 3854 1059 3903 D
1079 3881 1106 3890 -
1130 3861 1205 3904 actea
1220 3856 1258 3905 V:
1286 3859 1343 3904 acte
1359 3856 1381 3905 D
1400 3881 1427 3890 -
1451 3867 1516 3917 qaae
1531 3856 1707 3921 cogitabamus·

381 3929 417 3979 V:
437 3941 490 3978 om.
509 3929 531 3978 Ι)
550 3953 578 3965 -
602 3929 626 3978 b.
644 3928 796 3978 monimenta
817 3928 904 3990 Vag:
929 3934 1090 3979 mmamema
1106 3927 1175 3979 bt0
1201 3957 1227 3966 -
1255 3931 1279 3979 c.
1298 3931 1512 3993 omatantesap.
1532 3931 1706 3995 Nemesisque

381 4003 504 4066 sapientia
519 4007 575 4053 erat
591 4015 645 4052 om.
663 4003 729 4052 ratio
747 4004 764 4064 t)
784 4027 810 4038 -
830 4003 959 4054 doctr-leae
975 4005 1011 4052 V:
1030 4005 1144 4055 doctrina
1160 4007 1182 4055 D
1202 4033 1230 4042 —-
1249 4011 1272 4056 te
1286 4019 1347 4055 aero
1364 4007 1375 4055 t
1392 4031 1419 4040 —
1442 4005 1466 4054 7.
1484 4005 1705 4058 ommia-wata-

382 4079 441 4129 baat
458 4091 510 4129 om.
529 4079 541 4127 t
559 4106 585 4115 -
608 4078 633 4129 8.
650 4079 748 4143 lagerio
764 4079 788 4126 V
807 4102 833 4114 -
856 4078 880 4128 9.
898 4079 991 4129 {scorta
1007 4081 1030 4129 V
1048 4107 1075 4116 -
1094 4083 1210 4130 matrlst
1229 4108 1255 4117 -
1279 4081 1387 4131 Casllr'm
1404 4080 1495 4143 (Cass.)
1512 4081 1533 4130 D
1554 4108 1582 4118 -
1606 4083 1645 4132 to.
1664 4084 1705 4132 le·

381 4155 453 4204 aem
470 4153 487 4202 b
508 4179 532 4190 -
554 4152 593 4202 ll.
611 4154 677 4204 calm
694 4167 746 4204 om.
761 4157 772 4203 t
788 4181 820 4190 -
837 4153 975 4205 obsolebant
991 4158 1065 4217 agl:
1084 4155 1286 4218 obsolefaciebant
1302 4156 1335 4215 b;
1354 4155 1533 4206 obsolescebact
1549 4155 1608 4206 cod.
1620 4155 1702 4208 Colat.

383 4255 411 4264 -
431 4229 470 4278 ⁴2.
489 4227 572 4278 obiam
587 4229 611 4276 V
629 4256 654 4266 -
675 4229 715 4280 ta.
734 4235 822 4292 aperta
839 4243 853 4278 n
868 4255 895 4264 -
913 4235 948 4279 est
962 4244 1009 4292 per
1025 4231 1141 4292 oppidum
1159 4232 1180 4280 D
1194 4257 1220 4267 -
1240 4229 1279 4280 ll.
1299 4231 1382 4279 morea
1399 4231 1460 4281 ΙΙ-
1482 4231 1522 4281 lb.
1541 4232 1607 4281 deme*
1623 4231 1658 4281 V:
1677 4233 1706 4283 de

380 4302 503 4361 alaelb;
522 4302 731 4355 deaiiobus'amel
747 4318 801 4367 ag:
820 4305 1003 4355 amlaobm'am
1021 4308 1043 4356 ol
1060 4309 1108 4355 t-
1123 4305 1308 4367 tb.colcmV¹;
1326 4303 1527 4356 0003100ῑῦ-
1543 4307 1704 4359 salmoretV¹

384 4405 412 4416 —
431 4379 523 4428 dictam
538 4379 562 4428 V
577 4405 610 4417 -
631 4380 672 4430 sed
688 4384 740 4430 tam
756 4380 830 4429 almis
847 4380 906 4430 cod.
925 4380 1076 4431 Cololianus
1094 4383 1121 4430 et
1137 4379 1216 4430 Palat.
1235 4381 1336 4444 primm
1355 4382 1474 4431 Gruteri:
1498 4383 1540 4432 sed
1561 4397 1618 4434 cam
1633 4385 1708 4434 maret

381 4453 418 4514 V;
441 4457 465 4501 et
480 4453 641 4504 samololaus
657 4457 681 4514 l:
704 4459 726 4505 et
748 4456 822 4504 simol
838 4455 907 4519 abg
925 4455 981 4519 (sed
999 4469 1053 4504 orn.
1071 4460 1094 4505 et
1111 4455 1150 4518 a);
1176 4455 1277 4515 dictast,
1301 4460 1384 4507 mmm
1400 4457 1550 4519 Ferrarium
1574 4459 1641 4509 dicta
1656 4463 1706 4517 cst,·

381 4529 424 4579 sed
438 4541 493 4577 sum
512 4529 608 4580 claras
629 4530 746 4594 Madvig;
771 4533 882 4581 sedtum
898 4532 956 4580 alsa
971 4530 1125 4594 Nipperdey
1142 4531 1167 4580 ln
1184 4531 1307 4594 Pblloloqo
1324 4532 1370 4592 111,
1389 4530 1450 4592 ill:
1474 4533 1517 4583 sed
1535 4537 1618 4583 tamea
1634 4533 1707 4583 stads

382 4601 581 4666 Naegelsbach:
600 4603 658 4655 lort.
677 4606 780 4667 dictast,
799 4611 881 4656 mmm
897 4607 992 4655 aiclaos
1006 4607 1072 4654 inter
1088 4618 1171 4655 mnam
1186 4608 1237 4656 oet.
1258 4633 1285 4642 -
1305 4607 1345 4656 47.
1364 4607 1444 4656 amalr
1458 4606 1481 4656 V
1494 4631 1521 4643 -
1540 4608 1637 4658 censae
1652 4608 1702 4657 t-

383 4677 701 4741 rememoreramus
719 4707 746 4716 -
764 4681 904 4730 mustellam
920 4681 931 4728 l
948 4705 975 4715 -
994 4680 1164 4743 gladiatorum
1180 4682 1216 4729 at
1233 4708 1261 4717 -
1280 4680 1320 4730 aa.
1333 4682 1377 4730 estt
1393 4679 1425 4729 V¹
1438 4707 1465 4716 -
1480 4683 1632 4744 populosam
1648 4684 1659 4732 l
1675 4707 1703 4717 -

382 4766 442 4816 erpo
459 4752 520 4802 abt
539 4779 566 4789 —
584 4755 646 4804 letas
661 4755 727 4804 llllas
743 4758 754 4805 t
772 4781 798 4790 -
818 4755 858 4804 20.
875 4754 988 4818 fldiclnos
1004 4758 1054 4804 t—
1073 4756 1114 4804 il.
1132 4755 1159 4805 to
1175 4756 1320 4817 qaodv-
1339 4761 1363 4806 et
1378 4757 1416 4805 V:
1435 4758 1501 4817 qaod
1518 4757 1579 4806 D-
1598 4757 1706 4807 basta-

383 4829 424 4878 dlo
440 4827 531 4878 labiola
546 4827 628 4880 Vbt:
648 4831 739 4880 ladlclo
755 4830 835 4880 studio
852 4830 922 4893 ego
941 4855 968 4866 —
988 4829 1092 4879 beclool.
1111 4831 1172 4880 mei.
1193 4857 1220 4866 —
1239 4836 1314 4881 coola
1330 4836 1353 4881 tc
1368 4831 1391 4880 V
1409 4857 1437 4867 -
1456 4836 1480 4881 et
1495 4830 1580 4881 Vbt:
1600 4844 1653 4881 om.
1672 4845 1703 4894 g:

382 4909 411 4953 at
427 4904 472 4954 aO
491 4929 518 4938 -
542 4902 656 4954 basillam
673 4906 694 4955 D
714 4932 742 4942 —
765 4906 806 4956 23.
825 4919 850 4954 es
865 4906 929 4954 allos
944 4905 1006 4954 allel
1022 4905 1045 4953 V
1062 4931 1089 4941 -
1113 4905 1192 4955 nostrl
1208 4904 1268 4955 b-
1286 4906 1381 4956 cimolia
1397 4905 1446 4956 Vb
1466 4931 1493 4942 -
1518 4905 1560 4957 il.
1578 4907 1613 4956 ill.
1631 4907 1706 4956 mear

384 4991 434 5029 esse
451 4978 484 5028 V:
505 4991 555 5029 esse
575 4981 610 5030 stt.
629 4980 703 5030 olims
719 4979 771 5040 bl;
795 4979 830 5028 tlt.
850 4993 898 5030 csse
915 4980 989 5030 olims
1009 4993 1040 5041 g:
1062 4992 1112 5030 esse
1127 4979 1202 5029 ctiam
1218 4993 1233 5030 a
1252 5005 1279 5017 -
1301 4981 1375 5031 babes
1390 4980 1457 5030 Vat
1474 5007 1502 5018 -
1520 4981 1623 5046 omuga
1638 4987 1663 5032 et
1678 4987 1707 5032 ta

384 5055 407 5102 V
426 5081 452 5090 -
471 5055 512 5105 ib.
530 5055 578 5118 salt
594 5054 629 5104 V:
647 5069 701 5106 om.
720 5056 742 5105 Ι)
762 5083 788 5092 -
807 5057 872 5116 qaod
890 5056 924 5104 V:
943 5055 1010 5116 qaod
1026 5060 1053 5104 ta
1070 5055 1121 5105 ΒΟ
1140 5054 1197 5116 (scd
1214 5055 1239 5105 in
1257 5070 1272 5106 a
1289 5060 1316 5105 ta
1332 5069 1391 5120 sup.
1409 5053 1454 5106 lla.
1474 5055 1533 5106 ead.
1548 5059 1596 5121 m.)
1611 5083 1638 5093 -
1657 5055 1705 5106 ba-

384 5135 448 5181 rtam
465 5131 501 5181 D:
520 5130 543 5181 b.
557 5136 610 5180 tam
626 5131 648 5179 V
666 5129 696 5192 lb.
715 5143 730 5180 a
748 5143 783 5181 m.
802 5131 866 5192 sca.)
881 5157 907 5167 -
926 5131 967 5180 26.
985 5130 1107 5180 caumata
1123 5130 1185 5179 V·
1203 5131 1240 5193 at]
1257 5136 1302 5181 eat
1318 5133 1329 5181 l
1346 5159 1374 5168 -
1392 5131 1494 5194 fueram
1509 5133 1577 5183 coni.
1590 5133 1702 5183 Ernesti.

386 5232 414 5241 -
433 5207 474 5256 il.
492 5219 589 5257 mecam
605 5207 616 5255 l
633 5231 660 5240 -
679 5205 720 5256 28.
738 5205 866 5269 conlegam
881 5204 943 5254 V-
962 5205 1062 5268 effecisti
1079 5217 1143 5266 qaae
1160 5205 1193 5265 V·,
1212 5210 1236 5255 et
1249 5206 1328 5269 [saltu
1344 5218 1409 5268 qaae
1421 5206 1513 5270 (quob)
1530 5207 1553 5258 Ι)
1571 5231 1598 5242 -
1617 5205 1658 5258 29.
1675 5211 1705 5258 ret

385 5281 472 5332 smilis
487 5282 522 5332 V:
541 5287 569 5333 al
584 5281 616 5332 sit
631 5281 718 5331 similis
734 5281 787 5332 Do
805 5307 832 5317 -
851 5279 887 5345 at]
905 5281 932 5330 al
947 5279 970 5328 V
988 5306 1016 5316 -
1035 5280 1074 5329 sai
1090 5285 1149 5330 esset
1165 5277 1192 5330 b.
