4009 6159
512 506 516 511 ¹
610 552 1220 639 cu.xxv‚-xxv11.ssso-oo.
1417 638 1420 644 Ι
1513 545 1575 613 aaa

262 744 296 791 se
317 726 377 809 ipsi
399 724 587 807 expendant,
608 732 675 787 tum
697 746 767 789 cum
788 725 839 788 his
856 721 913 808 [se]
930 732 1120 807 comparent,
1142 730 1217 800 tum,
1239 726 1267 787 si
1280 724 1452 800 audebunt,
1474 724 1576 808 digui-

262 819 316 883 tati
338 818 453 881 horum
475 828 668 902 anteponant
689 839 787 883 suam.

343 901 538 993 satiarunt
557 912 783 989 Athenienses,
805 914 889 977 unde
910 914 1107 988 humanitas,
1131 913 1290 988 doctriua,
1312 913 1440 997 religio,
1461 917 1577 999 fruges,

259 1009 343 1083 iura,
365 1006 453 1088 leges
474 1013 560 1101 ortae
581 1014 676 1090 atque
698 1009 730 1071 in
753 1028 862 1071 omnes
884 1016 983 1071 terras
998 1008 1183 1094 distributae
1198 1002 1365 1101 putantur)
1388 1006 1427 1070 de
1442 1030 1578 1091 quorum
1686 1047 1764 1100 aa*

259 1102 344 1165 urhis
367 1102 569 1185 possessione
583 1110 714 1185 propter
727 1102 993 1185 pulchritudinem
1009 1103 1104 1165 etiam
1118 1102 1201 1164 inter
1215 1086 1466 1166 desss‘certamen
1479 1104 1601 1169 luisses

259 1194 418 1279 proditum
440 1202 504 1257 est:
527 1214 609 1277 quae
631 1203 786 1259 vetustate
809 1215 846 1259 ea
869 1205 931 1269 est,
953 1204 990 1259 ut
1010 1196 1081 1278 ipsa
1102 1215 1143 1258 ex
1159 1214 1228 1258 sese
1243 1214 1317 1258 suos
1332 1195 1417 1259 cives
1432 1200 1579 1279 genuisse

259 1288 382 1353 dicatur
403 1298 564 1352 eteorum
586 1287 696 1353 eadem
718 1297 800 1352 terra
823 1310 953 1371 parens,
976 1289 1087 1363 altrix,
1111 1289 1213 1371 patria
1233 1288 1372 1364 dicatur,
1394 1293 1579 1355 anctoritate

260 1391 364 1446 autem
393 1390 480 1447 tanta
509 1392 573 1456 est,
602 1390 639 1445 nt
659 1384 722 1446 iam
744 1383 875 1447 fractum
897 1403 994 1466 prope
1016 1404 1053 1446 ac
1074 1383 1271 1446 debilitatum
1294 1384 1442 1447 Graeciae
1464 1404 1579 1447 nomen

259 1475 352 1539 huius
373 1475 461 1539 urbis
483 1477 577 1540 laude
601 1478 727 1541 nitatur.
771 1474 821 1539 63.
838 1477 963 1541 Adsunt
977 1476 1235 1551 Lacedaemonii,
1256 1478 1348 1539 euius
1363 1480 1497 1542 civimtis
1511 1498 1581 1562 spe·

260 1576 341 1633 ctata
371 1590 408 1633 ac
435 1570 600 1634 nobilitata
630 1570 730 1635 virtus
757 1592 820 1634 non
851 1572 955 1634 solum
976 1579 1090 1634 natura
1111 1571 1328 1644 corroborata,
1356 1590 1466 1633 rernm
1487 1574 1618 1635 etiamso

260 1662 428 1747 disciplina
454 1672 597 1746 putatur:
627 1666 683 1748 qui
710 1664 769 1729 soli
798 1673 865 1729 tolo
888 1665 966 1727 orbe
987 1672 1139 1727 terrarum
1161 1664 1376 1746 septingentos
1397 1665 1460 1727 iam
1481 1686 1582 1729 anuos

260 1758 397 1841 amplius
426 1759 499 1821 unis
528 1759 667 1823 moribus
696 1767 728 1822 et
748 1778 922 1841 numquam
944 1759 1071 1821 mutatis
1093 1758 1217 1839 legibus
1239 1759 1358 1822 nsunt,
1397 1760 1521 1823 Adsunt
1541 1782 1583 1823 er

260 1853 377 1916 Achaia
399 1861 513 1917 cuncta
533 1852 623 1916 multi
646 1853 756 1936 legati,
788 1855 936 1924 Boeotia,
959 1852 1140 1915 Thessalia:
1173 1852 1288 1934 quibus
1311 1852 1390 1916 locis
1412 1875 1514 1937 nuper
1538 1856 1584 1917 le·
1612 1862 1618 1879 ‘

262 1956 350 2029 gatus
377 1947 509 2010 Flaccus
538 1947 727 2030 imperatore
756 1947 884 2011 Metello
912 1946 1058 2029 praefuit.
1103 1948 1214 2029 Neque
1246 1966 1320 2009 vero
1351 1948 1592 2029 te,(llassilia>

262 2050 441 2124 praetereo,
463 2061 546 2122 quae
568 2042 603 2103 L.
625 2041 771 2105 Flaccum
792 2041 925 2105 militem
948 2049 1213 2124 quaestoremque
1233 2042 1505 2123 cognominentur
1525 2062 1585 2125 ego
1594 2058 1623 2105 so

263 2135 398 2199 civitatis
420 2135 620 2218 disciplinam
642 2143 736 2218 atque
758 2136 943 2217 gravitatem
966 2154 1031 2197 non
1045 2134 1147 2197 solnm
1163 2134 1327 2209 Graeciae,
1349 2132 1406 2197 sed
1419 2134 1505 2198 haud
1520 2139 1585 2199 scio

264 2250 303 2294 an
325 2232 447 2294 cunctis
470 2229 617 2313 gentibus
638 2229 891 2311 anteponendam
908 2219 1132 2327 dicambquae
1154 2236 1217 2291 tam
1238 2228 1350 2314 procul
1363 2248 1382 2291 a
1397 2229 1585 2293 Graecorum

266 2325 406 2389 omnium
435 2324 633 2406 regionibus,
662 2314 1034 2405 discipltnlfflinguaqne
1056 2323 1174 2397 divisa,
1208 2343 1278 2385 cum
1300 2324 1333 2386 in
1354 2324 1473 2388 adlimis
1495 2326 1586 2388 terris

265 2419 365 2483 cincta
398 2419 560 2482 Gallorum
588 2418 734 2500 gentibus
764 2416 927 2479 barbariae
957 2414 1103 2479 lluctibns
1133 2416 1286 2489 alluatur,
1321 2418 1367 2479 sic
1388 2420 1586 2501 optimatium

265 2513 398 2575 consilio
421 2512 630 2595 gubernatur,
651 2518 688 2574 ut
707 2531 816 2574 omnes
832 2511 900 2573 eius
914 2510 1059 2573 instituta
1072 2510 1202 2573 laudare
1216 2509 1340 2574 facilius
1355 2515 1477 2594 possint
1492 2528 1624 2597 quamne

264 2606 426 2671 aemulari.
469 2601 520 2668 bl.
542 2606 636 2668 Hisce
652 2605 751 2667 utitur
765 2605 982 2668 laudatoribus
997 2605 1141 2679 Flaccus,
1163 2606 1213 2667 his
1229 2605 1431 2670 innocentiae
1445 2609 1588 2682 testibus,

264 2709 298 2763 ut
319 2699 514 2763 Graecorum
536 2698 698 2782 cupiditati
721 2699 912 2763 Graecorum
933 2698 1054 2762 auxilio
1077 2700 1271 2762 resistamus,

348 2794 480 2857 xxvu.
509 2792 708 2876 Quamquam
736 2794 809 2877 quis
838 2793 977 2875 ignorat,
998 2794 1064 2876 'qui
1089 2793 1184 2857 modo
1212 2814 1361 2877 umquam
1389 2795 1589 2859 mediocriter

264 2908 313 2953 res
344 2888 422 2951 istas
445 2888 526 2951 scira
548 2887 684 2961 curavit,
714 2887 792 2971 quin
814 2887 875 2949 tria
897 2889 1088 2951 Graecorum
1110 2907 1227 2969 genera
1248 2888 1312 2950 sint
1331 2893 1426 2952 vere‘l
1439 2888 1587 2972 (quornm

265 2982 320 3045 uni
342 2989 418 3046 sunt
440 2980 665 3055 Athenienses,
695 3000 777 3074 quae
799 3001 876 3063 gens
898 2982 1012 3043 lonnm
1036 2975 1202 3067 hebetum)
1216 2982 1328 3045 Aeoles
1354 2982 1460 3056 alteri,
1487 2984 1625 3046 Doresss
1691 3050 1725 3066 ἡ
1744 2966 1770 2993 ”

264 3078 348 3141 tertii
370 3076 621 3139 nominabantur.
654 3078 757 3157 Atque
776 3074 855 3138 haee
870 3082 981 3137 cuncta
997 3075 1144 3148 Graecia,
1167 3093 1250 3157 quae
1263 3075 1360 3149 tama,
1383 3096 1465 3159 quae
1479 3076 1587 3159 gloria,
1732 3093 1736 3101 ·

265 3190 347 3255 qnae
369 3167 529 3244 doctrina,
538 3162 633 3253 “quae
648 3169 792 3253 plurimis
807 3169 942 3244 artibus,
965 3188 1047 3252 quae
1063 3168 1159 3232 etiam
1173 3169 1308 3251 imperio
1322 3179 1355 3233 et
1366 3170 1479 3233 bellica
1493 3170 1588 3232 laude

264 3265 388 3341 lloruit,
420 3282 551 3348 mum
581 3262 738 3345 quendam
766 3263 888 3336 locum,
920 3269 955 3326 nt
983 3263 1089 3336 scitis,
1121 3263 1266 3345 Europae
1294 3271 1381 3327 tenet
1401 3284 1587 3348 semperque

265 3359 383 3423 mnnita
411 3358 506 3421 Asiae
534 3358 703 3421 maximam
730 3376 816 3421 oram
841 3356 925 3419 bello
951 3364 1131 3438 superatam
1161 3356 1261 3420 cinxit
1288 3358 1434 3435 urbibus,
1461 3379 1526 3421 non
1551 3364 1588 3421 ut

264 3453 418 3517 munitam
439 3452 572 3515 coloniis
596 3447 694 3534 [illam
717 3447 872 3533 gentem],
896 3450 952 3514 sed
966 3458 1003 3514 ut
1017 3451 1178 3513 obsessam
1200 3459 1332 3515 teneret
1361 3451 1412 3515 65.
1429 3452 1530 3528 Quam
1546 3451 1625 3514 obse

264 3567 329 3610 rem
358 3565 478 3630 quaeso
506 3565 527 3608 a
551 3544 656 3619 robis,
689 3545 819 3609 Asiatici
846 3554 959 3621 testes,
992 3552 1043 3621 ut,
1071 3565 1143 3609 cum
1170 3566 1244 3608 vere
1270 3546 1428 3610 recordari
1455 3546 1587 3618 voletis,

266 3648 420 3725 quantum
441 3639 634 3703 auctoritatis
655 3639 686 3701 in
711 3639 859 3703 iudicium
882 3640 1037 3713 alteratis,
1059 3648 1182 3704 vosmet
1200 3640 1261 3722 ipsi
1276 3640 1458 3703 describatis
1472 3641 1588 3712 Asiam,

184 3734 185 3737 ’
264 3752 323 3797 nec
353 3732 432 3816 quid
462 3733 657 3816 alienigenae
686 3734 837 3797 devehis
865 3733 955 3818 loqui
977 3734 1117 3808 soleant,
1146 3734 1201 3796 sed
1224 3733 1303 3817 quid
1325 3743 1445 3799 vosmet
1465 3735 1526 3815 ipsi
1548 3733 1588 3795 de

264 3845 380 3909 genere
408 3834 514 3891 restro
544 3828 702 3902 statuatis,
734 3828 950 3891 memineritis.
982 3830 1144 3911 Namque,
1169 3834 1206 3890 nt
1234 3828 1362 3910 opinor,
1388 3829 1463 3891 Asia
1483 3836 1589 3891 vestra

266 3926 390 3985 constat
412 3940 454 3984 ex
474 3920 627 4005 Phrygia,
649 3921 766 4005 Mysia,
791 3921 897 3996 Garia,
918 3922 1028 4005 Lydia.
1068 3922 1179 3984 Utrum
1200 3921 1296 4003 igitur
1315 3928 1457 3984 nostrum
1479 3930 1528 3985 est
1548 3936 1626 3984 auae

265 4020 404 4079 vestrum
424 4013 486 4077 hec
508 4015 724 4098 proverbium,
746 4015 900 4099 Phrygem
922 4016 1025 4099 plagis
1046 4015 1115 4078 fieri
1137 4015 1240 4078 solere
1261 4015 1450 4079 meliorem?
1481 4016 1588 4091 Quint

266 4107 305 4171 de
334 4114 404 4172 tota
430 4106 520 4172 Caria
557 4128 662 4173 nonne
682 4108 745 4173 hoc
765 4117 871 4173 restra
892 4130 968 4174 voce
989 4109 1152 4192 vulgatum
1173 4117 1237 4184 est,
1264 4108 1291 4172 si
1314 4109 1392 4192 quid
1414 4130 1485 4173 cum
1506 4111 1589 4193 peri-

331 4353 356 4402 t.
374 4352 509 4417 apodians
523 4365 564 4418 pr.
586 4352 603 4402 S
621 4376 649 4387 -
675 4364 732 4402 cam
748 4364 810 4402 cum
827 4352 870 4404 ed.
888 4353 1037 4404 Victoriana
1055 4364 1108 4403 om.
1128 4354 1146 4403 L
1166 4378 1193 4390 -
1210 4366 1237 4403 se
1252 4354 1314 4403 ante
1330 4364 1356 4402 v.
1374 4358 1517 4415 conposui
1534 4366 1587 4403 om.

266 4426 296 4489 S,
314 4427 395 4480 codd.
413 4428 636 4494 Lagomarsintani
653 4440 746 4479 omnes
764 4432 791 4479 et
807 4433 870 4479 A-
888 4430 912 4479 ἱ.
931 4432 1084 4490 anteponam
1100 4428 1160 4478 SA:
1177 4433 1327 4490 mmponoat
1342 4428 1445 4478 Taso
1459 4455 1486 4466 -
1504 4431 1528 4479 o.
1544 4442 1591 4491 po·

264 4502 412 4554 maman
425 4528 453 4539 —
472 4506 496 4556 7.
515 4508 538 4555 at
554 4506 785 4568 eoam-pcata
799 4506 963 4555 aucarum.
976 4504 993 4552 s
1008 4494 1035 4539 -“
1054 4502 1078 4553 s.
1091 4507 1190 4552 mom.
1203 4503 1222 4551 L
1235 4528 1262 4537 -
1277 4500 1316 4552 tt.
1329 4500 1589 4553 moussiacum

266 4576 345 4628 codd.
358 4578 466 4641 Lagona.
480 4582 507 4630 et
518 4581 618 4631 Oronn
631 4580 755 4631 omnihus
765 4597 771 4630 :
789 4578 817 4630 L.
830 4580 934 4630 Flocesss
946 4578 991 4628 ΡΙ.
1001 4577 1021 4628 0
1033 4605 1059 4615 —
1072 4579 1114 4628 Ab.
1125 4576 1236 4641 mnam]
1248 4577 1374 4627 maeatas
1384 4580 1491 4628 mattam
1498 4577 1591 4629 Guliel-

265 4652 335 4703 mius
353 4650 568 4718 ooll.540l.-
594 4654 790 4705 inlaesa:
818 4666 871 4705 om.
890 4652 993 4704 'l'FLO
1018 4680 1045 4689 -
1069 4652 1109 4703 ta.
1128 4652 1247 4702 oblsoasr
1267 4652 1313 4702 ST
1333 4678 1360 4688 —
1384 4654 1589 4716 optionattnmsz

266 4728 414 4790 optimam
430 4729 521 4780 ceteri.
535 4754 562 4765 -
581 4728 622 4781 ΞΟ.
641 4728 731 4794 onmes]
748 4729 856 4779 bonoim
866 4727 1065 4780 nommsantus.
1081 4753 1108 4763 -
1127 4727 1256 4777 medaeas
1267 4753 1295 4762 -
1313 4727 1355 4777 22.
1372 4728 1503 4790 eaplddod
1513 4729 1592 4780 Graa-

265 4816 353 4853 consm
369 4814 423 4854 om.
441 4803 517 4855 Sl'A
536 4828 562 4840 -·
582 4804 622 4856 23.
641 4806 713 4856 awdo
729 4809 758 4855 ot
772 4803 1015 4868 asponm--sctret
1031 4802 1048 4853 S
1067 4825 1094 4839 —
1113 4804 1154 4854 25.
1169 4804 1324 4854 somensac
1338 4810 1395 4854 sesa
1412 4805 1469 4854 F-
1488 4804 1593 4854 habetur

267 4878 328 4928 SA:
347 4876 485 4929 bobohotss·
501 4880 607 4931 TFLO
625 4904 652 4915 -
671 4880 762 4945 Acobs]
780 4880 827 4930 eott'
843 4881 875 4940 S;
893 4878 952 4928 colb
969 4878 988 4928 Τ
1007 4903 1034 4914 -
1053 4877 1109 4927 dors'
1125 4879 1155 4933 S:
1174 4878 1242 4929 doris
1257 4880 1286 4928 Τ.
1305 4877 1343 4929 ct.
1362 4878 1470 4929 Lachm.
1488 4880 1522 4928 ad
1540 4880 1592 4929 Lu·

268 4953 332 5003 cret.
350 4965 379 5017 p.
396 4953 454 5004 28⁰.
474 4976 500 4989 -
520 4954 561 5005 ΞΘ.
580 4966 645 5017 quoa
658 4954 730 5018 feroc
746 4966 808 5005 cum
829 4967 882 5004 uno
900 4952 992 5005 codice
1011 4953 1127 5016 (Lagom.
1144 4951 1169 5016 t)
1187 4964 1240 5003 om.
1259 4954 1278 5003 F
1297 4974 1324 4989 —
1342 4952 1384 5003 29.
1401 4954 1543 5004 mammam
1558 4955 1590 5001 s:

266 5026 424 5077 mmtttmom
440 5028 532 5078 ceteri.
554 5054 581 5064 -
600 5028 641 5079 30.
660 5029 730 5079 idom
745 5033 841 5095 gestem
857 5029 917 5079 SA:
940 5026 1011 5077 illam
1026 5032 1156 5091 maret
1172 5028 1206 5087 Τς
1230 5027 1301 5078 ittam
1317 5034 1419 5092 aegerat
1435 5028 1495 5087 FO,
1520 5028 1593 5077 diuos

268 5106 364 5166 aarum
380 5108 484 5168 negem
499 5104 528 5153 L.
546 5104 700 5157 Garutontus
717 5106 744 5157 in
762 5106 823 5157 Cur.
841 5114 896 5154 sec.
910 5099 1008 5151 delevit
1023 5100 1105 5151 verba
1121 5101 1193 5151 wem
1208 5106 1304 5165 gauso
1320 5109 1431 5167 ougast.
1445 5130 1472 5141 -
1492 5104 1532 5154 32.
1550 5104 1593 5166 os-

268 5177 339 5241 {aas
354 5178 387 5239 T;
405 5177 553 5243 asamar
569 5205 597 5218 -
614 5180 655 5235 36.
672 5182 718 5234 toc
732 5187 802 5235 oetas
813 5177 975 5243 praestum
990 5189 1053 5229 cum
1069 5177 1200 5249 Naugeric
1217 5177 1252 5243 (in
1269 5177 1313 5231 ed.
1325 5177 1482 5243 Vlctoriana)
1500 5181 1593 5229 conus

270 5263 365 5303 omnes
381 5250 488 5306 codices
504 5254 559 5309 ΕΙ..

313 5342 481 5401 umenti.
1336 5348 1377 5423 52
