4009 6159
417 553 499 624 1370
829 563 980 630 esurio
1002 565 1226 632 PHILIPPICA
1246 568 1317 632 XII.

412 752 477 796 non
497 732 631 818 publica.
668 732 760 810 Quod
786 734 931 800 videbam
954 735 1122 820 equidem,
1151 737 1207 801 sed
1230 737 1320 821 quasi
1347 758 1406 823 per
1426 739 1608 822 caliginemt
1639 759 1733 825 prae-

410 826 577 890 strinxerat
597 827 697 892 aciem
718 829 815 892 animi
836 831 874 892 Il.
897 831 983 893 Bruti
1005 832 1099 894 salus.
1136 831 1229 906 Quod
1251 832 1278 894 si
1301 832 1334 894 in
1358 832 1441 897 bello
1466 833 1535 896 dari
1549 835 1658 898 vicarii
1677 855 1731 899 so·

333 915 335 924 '
409 919 523 994 lerent,
552 919 689 985 libenter
709 943 774 997 me,
796 931 831 987 ut
851 927 889 986 D.
911 925 1027 987 Brutus
1049 924 1260 1000 emitteretur,
1290 945 1348 1008 pro
1369 925 1425 989 illo
1449 926 1570 990 includi
1592 937 1728 1011 paterer.

410 1009 441 1075 1.
456 1015 560 1096 Atque
581 1014 640 1079 hac
659 1035 738 1080 voce
760 1017 798 1092 Q.
812 1015 891 1080 I'ulii
914 1018 997 1099 cepti
1019 1037 1142 1081 sumus:
1168 1038 1226 1082 une
1247 1019 1274 1082 si
1298 1019 1453 1082 31131133
1475 1020 1604 1104 quidem
1625 1041 1732 1085 reces-

388 1108 506 1182 oserit,
534 1107 698 1174 audiemus
719 1112 913 1175 Antoniumi
941 1131 982 1174 ne
1011 1111 1038 1174 si
1060 1112 1093 1174 in
1115 1119 1243 1176 senatus
1266 1112 1394 1197 quidem
1414 1121 1570 1197 potestate
1590 1114 1731 1179 futurum

412 1221 448 1266 se
469 1201 634 1266 dixeritto
664 1205 784 1268 Durum
805 1201 986 1268 videbatur:
1015 1203 1123 1286 itaque
1143 1205 1234 1269 fructi
1254 1227 1378 1283 mmus,
1401 1207 1562 1272 cessimus.
1601 1209 1732 1272 Recedit

411 1294 695 1378 igiturallutinui
719 1299 876 1362 «Nescio»
908 1300 1000 1361 Paret
1014 1299 1159 1361 senatuit
1185 1299 1335 1375 «Credopr
1359 1300 1463 1385 inquit
1478 1301 1629 1378 Calenus,
1654 1303 1730 1366 used

411 1388 473 1463 ita,
495 1397 656 1454 31133331
676 1391 888 1475 dignitatem.»
924 1391 1025 1456 Valde
1045 1392 1190 1456 hercules
1204 1393 1293 1457 vobis
1314 1394 1521 1458 laborandum
1538 1403 1601 1470 est,
1623 1403 1729 1478 patros

412 1484 598 1568 conscripti,
626 1493 661 1550 ut
681 1493 815 1550 vestram
837 1485 1021 1570 dignitatem
1041 1487 1206 1561 amittatis,
1234 1507 1316 1571 quae
1337 1489 1474 1551 maxima
1495 1497 1558 1564 est,
1589 1489 1728 1565 Antonii,

375 1593 492 1661 requae
514 1599 619 1663 neque
641 1588 689 1645 est
709 1581 775 1643 ulia
796 1600 900 1665 neque
923 1599 992 1644 esse
1014 1586 1135 1663 potest,
1157 1582 1333 1657 retineatis,
1355 1590 1391 1645 ut
1411 1601 1481 1645 cam
1502 1603 1560 1665 per
1574 1603 1631 1648 vos
1649 1587 1731 1649 reci-

411 1677 517 1754 peret,
539 1693 634 1758 quam
655 1694 767 1756 perse
789 1673 935 1757 perdidit.
981 1674 1015 1736 Si
1037 1673 1143 1737 iacens
1164 1675 1323 1739 vobiscum
1345 1676 1464 1760 aliquid
1485 1686 1609 1760 ageret,
1638 1680 1731 1743 audi-

411 1785 477 1828 rem
497 1765 647 1830 fortasse:
670 1787 859 1852 quamquam
881 1767 993 1831 -sed
1015 1766 1076 1830 hoc
1097 1768 1179 1830 malo
1201 1769 1324 1832 dicere:
1346 1769 1497 1832 audirem.
1534 1772 1635 1837 Stanti
1649 1773 1730 1836 resi-

411 1859 557 1923 stendum
579 1868 641 1935 est,
663 1868 718 1924 aut
739 1859 941 1924 concedenda
960 1880 1025 1924 una
1046 1881 1116 1924 cunr
1138 1861 1289 1944 dignitate
1311 1862 1450 1926 libertas.
1492 1861 1523 1926 0.
1545 1864 1586 1927 At
1600 1885 1664 1928 non
1680 1874 1730 1930 est

410 1953 582 2036 integrum:
605 1955 775 2018 constituta
795 1954 911 2036 legatio
927 1961 985 2018 est.
1014 1953 1098 2038 Quid
1119 1963 1224 2018 eutem
1246 1976 1310 2019 non
1333 1957 1491 2039 integrum
1513 1965 1561 2021 est
1581 1959 1729 2041 sapienti,

374 2047 497 2130 eoquod
519 2048 642 2112 restitui
665 2051 788 2132 potest?
812 2048 958 2112 Cuiusvis
978 2049 1116 2112 hominis
1138 2057 1186 2112 ost
1202 2069 1316 2123 errare,
1338 2049 1457 2114 nullius
1471 2051 1533 2113 nisi
1549 2052 1729 2135 insipientis

411 2142 444 2204 in
466 2160 570 2204 errore
591 2162 810 2225 perseverare:
837 2142 1025 2227 posteriores
1054 2143 1138 2206 enim
1167 2144 1388 2226 cogitatIones,
1416 2152 1452 2207 ut
1473 2144 1578 2221 aiunt,
1605 2148 1729 2231 sepien-

410 2235 505 2298 tiores
526 2237 628 2300 soleni
649 2257 728 2301 esse.
763 2237 913 2301 Discussa
935 2243 984 2300 est
1004 2237 1060 2300 iila
1077 2238 1199 2320 caligo,
1222 2257 1317 2322 quam
1338 2237 1433 2320 paulo
1455 2246 1527 2300 3313
1542 2239 1625 2301 dixi:
1646 2239 1728 2328 dilu-

410 2328 474 2403 xit,
502 2337 603 2414 petet,
636 2331 777 2395 videmus
807 2332 926 2406 omnia,
959 2352 1064 2415 neque
1096 2353 1154 2415 per
1174 2351 1232 2394 nos
1255 2330 1374 2406 solum,
1406 2331 1462 2394 sed
1483 2331 1729 2397 admonemure

409 2423 535 2487 nostris.
582 2425 769 2490 attendistis
800 2425 895 2508 paulo
925 2435 997 2489 ante
1024 2425 1285 2511 praestantissimi
1316 2425 1375 2488 viri
1405 2445 1486 2509 quae
1513 2432 1597 2488 esset
1618 2428 1729 2491 oratio.

245 2504 258 2542 ·‘
374 2518 576 2612 3113331333,
598 2518 718 2602 inquit,
740 2517 867 2583 domum
884 2519 1017 2595 ollendi,
1040 2520 1215 2602 coniugem,
1236 2519 1364 2582 liberos.
1397 2502 1728 2582 Adinirebanturltoni

409 2611 484 2686 viri,
515 2612 705 2676 accusabant
730 2613 838 2687 amici,
872 2613 958 2696 quod
989 2633 1046 2696 spe
1074 2615 1162 2696 pacis
1193 2612 1382 2696 legationem
1405 2614 1624 2694 suscepissem.
1664 2616 1731 2678 Nec

410 2707 538 2782 minim,
560 2708 593 2770 P.
610 2706 732 2770 Servili.
766 2707 842 2769 Tuis
864 2708 949 2770 enim
971 2708 1179 2771 severissimis
1195 2707 1450 2791 gravissimisque
1467 2707 1629 2770 sententiis
1643 2709 1729 2772 omni

411 2809 545 2866 estnon
567 2803 637 2865 dieo
659 2800 826 2884 dignitate,
848 2801 905 2864 sed
927 2801 1021 2866 etiam
1044 2821 1100 2884 spe
1123 2800 1233 2864 salutis
1255 2800 1406 2884 spoliatus
1428 2801 1594 2865 Antonius.
1634 2801 1666 2865 6.
1681 2804 1729 2866 Ad

410 2916 482 2960 eum
505 2897 551 2960 ire
573 2903 604 2960 te
625 2896 780 2979 legatum,
803 2896 875 2979 quis
897 2916 962 2959 non
984 2896 1171 2959 miraretur?
1203 2894 1250 2956 ne
1272 2915 1322 2956 me
1344 2894 1507 2976 experior:
1536 2898 1625 2960 cuius
1644 2898 1730 2961 idem

371 2991 597 3066 reconciliem,
619 2990 705 3074 quod
727 2997 829 3064 tuum,
851 2992 954 3054 sentio
976 3008 1070 3074 quam
1091 2986 1350 3070 reprehendatur.
1385 2989 1448 3051 Nos
1470 2989 1732 3071 reprehendimur

410 3085 497 3149 solit
526 3084 636 3163 Qutet
665 3084 713 3148 vir
740 3083 930 3147 fortissimus
960 3085 1060 3146 Pansa
1082 3082 1151 3145 sine
1174 3101 1268 3144 causa
1289 3080 1384 3164 paulo
1406 3089 1479 3145 ante
1500 3090 1563 3146 1333
1584 3092 1730 3147 accurate

408 3179 530 3243 locutus
560 3187 609 3242 cst
636 3186 699 3241 tam
728 3177 805 3240 utut
846 3177 929 3252 Quid
952 3178 1016 3259 egit
1036 3175 1097 3239 nisi
1121 3177 1165 3238 oti
1187 3175 1297 3240 falsam
1320 3176 1508 3261 proditionis
1529 3199 1547 3242 a
1572 3201 1606 3242 se
1628 3181 1731 3262 suspi-

408 3275 529 3336 cionem
560 3271 752 3354 depellerere
784 3270 873 3334 Unde
901 3278 1005 3334 autem
1028 3271 1089 3333 ista
1110 3271 1247 3352 suspicio
1270 3275 1342 3334 est‘t
1374 3272 1422 3334 Ex
1445 3273 1532 3354 pacis
1553 3275 1731 3356 patrocinio

408 3368 590 3450 repentino,
613 3365 699 3454 quod
721 3365 825 3430 subito
849 3365 1000 3448 suscepit,
1024 3365 1135 3427 eodem
1157 3373 1268 3447 captus
1293 3385 1397 3428 errore
1419 3386 1482 3450 quo
1506 3387 1574 3430 nos.

372 3471 401 3519 eo
492 3461 547 3524 111.
568 3458 598 3523 7.
620 3459 713 3536 Quod
736 3460 763 3522 si
785 3466 833 3522 est
856 3465 1008 3540 erratum,
1034 3465 1139 3542 patres
1160 3459 1346 3542 conscripti,
1379 3480 1435 3543 spe
1455 3459 1535 3524 13133
1554 3468 1650 3545 atque
1671 3461 1731 3525 131-

408 3555 484 3631 1331,
506 3554 672 3619 redeamus
692 3553 727 3617 in
749 3554 841 3618 riam.
878 3553 1025 3636 Optimus
1047 3559 1096 3615 est
1116 3559 1227 3634 portus
1249 3553 1421 3636 paenitenti
1446 3555 1577 3618 mutatio
1594 3555 1728 3619 consilii.

1104 3725 1108 3729 .
1119 3723 1363 3732 ---.->--—-—-—

336 3893 344 3904 ,
473 3849 495 3897 1.
512 3846 773 3910 prr-aestrtamercatm
791 3843 977 3907 perstrinxerat
993 3840 1054 3892 abi
1074 3866 1099 3878 -
1124 3843 1149 3892 2.
1168 3840 1337 3891 3313333313·
1354 3840 1526 3892 3333313-
1547 3843 1727 3894 03331-

407 3923 432 3978 1.
449 3923 524 3986 etqot
540 3923 693 3986 Naugerius.
709 3945 735 3957 -
754 3917 834 3981 potati
849 3917 892 3967 ab
909 3943 943 3954 -
957 3917 1003 3980 top
1019 3919 1068 3976 31;
1086 3916 1145 3978 terti
1162 3914 1198 3965 bi
1217 3939 1244 3952 -
1271 3915 1348 3978 3331]
1364 3916 1413 3965 3131
1429 3916 1460 3966 ai
1482 3943 1510 3954 -·
1528 3919 1553 3967 5.
1569 3923 1688 3980 potestate
1704 3920 1727 3969 i:

310 3997 315 4006 '
403 4001 548 4062 potestatem
564 3997 624 4048 00.
643 3995 690 4045 Vix
707 3992 780 4045 credi
796 3994 883 4058 potest
900 3992 1058 4043 Ciceronem
1069 3992 1209 4056 scripsisse
1220 3989 1277 4042 131.
1290 3992 1317 4042 13
1331 3997 1489 4052 3313313133;
1507 3991 1728 4046 conternent

407 4086 513 4139 quoque
530 4072 544 4136 ἓ
562 4073 578 4124 8
595 4073 615 4123 D
633 4069 732 4122 hebent
747 4074 900 4118 retentorum
916 4069 1113 4131 inprotectam,
1131 4067 1180 4117 333
1197 4067 1219 4115 V
1235 4067 1262 4116 13
1274 4071 1406 4129 potestate,
1425 4069 1534 4117 utitem
1549 4067 1610 4117 Vin
1627 4080 1667 4117 or.
1684 4067 1726 4130 Vi,

407 4149 422 4214 5
438 4148 454 4200 1
472 4151 499 4199 31
514 4149 550 4210 X,
569 4147 584 4211 ἓ
601 4148 632 4199 ee
650 4145 739 4197 hebet.
753 4169 780 4180 ·-
800 4144 824 4193 o.
842 4143 973 4193 uidebatur
989 4143 1033 4193 ti:
1050 4141 1174 4192 otdsottor
1190 4140 1259 4204 abg
1273 4168 1299 4178 -
1317 4142 1412 4192 recedet
1429 4146 1439 4191 t
1455 4141 1515 4191 tort.
1527 4144 1614 4205 recte,
1632 4155 1729 4206 quem-

407 4237 488 4288 quam
505 4223 625 4288 sequItur
638 4225 711 4285 paret
726 4219 866 4270 3333131-
882 4218 906 4268 8.
919 4217 1029 4268 13333133
1044 4217 1113 4267 ati:
1131 4215 1257 4266 13333131)
1268 4217 1312 4279 go
1326 4243 1353 4254 —
1367 4216 1391 4266 9.
1403 4215 1541 4266 admittatis
1552 4219 1563 4267 t
1575 4243 1602 4252 -
1622 4217 1661 4267 10.
1674 4217 1729 4266 atta

406 4303 472 4348 3313
491 4324 518 4335 -
535 4299 654 4360 reciperet
670 4296 696 4345 t:
714 4296 841 4356 recuperet
857 4293 876 4342 0
893 4319 926 4329 —
948 4294 988 4342 tt.
1007 4292 1029 4340 31
1045 4292 1127 4340 tacere
1143 4292 1169 4340 ta
1184 4291 1310 4342 33113333
1326 4294 1412 4355 speret
1428 4291 1437 4340 i
1454 4317 1481 4326 -
1508 4293 1548 4342 te.
1564 4293 1649 4342 3131133
1663 4293 1728 4342 reri·

405 4375 516 4424 31333333
531 4378 567 4424 eet
582 4377 665 4423 331333
676 4371 733 4434 (per
744 4369 842 4433 comp.)
853 4367 1031 4418 comedendam
1048 4368 1059 4415 t
1076 4391 1103 4402 -
1124 4364 1329 4428 1113313131-
1347 4365 1474 4416 331333.1
1492 4391 1519 4403 -
1536 4380 1587 4416 333
1602 4367 1727 4431 13133333

406 4449 442 4500 D:
461 4450 584 4514 integram
599 4446 740 4496 33310-
760 4445 848 4495 temo
864 4443 1034 4493 333313131-
1053 4441 1102 4489 3131
1116 4441 1349 4502 pereptcteattrt—
1366 4441 1405 4490 16.
1423 4453 1586 4503 perseuerare
1600 4442 1627 4490 13
1643 4453 1729 4491 errore

406 4521 466 4573 ubi
485 4548 512 4559 -
530 4523 659 4573 mtmom.
672 4522 683 4569 t
697 4523 753 4568 -31
769 4519 849 4580 31331]
865 4517 974 4567 attactui
991 4519 1015 4576 1,
1033 4515 1091 4565 tort.
1105 4528 1138 4564 ex
1154 4515 1191 4563 311
1207 4515 1279 4564 atam
1297 4541 1326 4553 -
1344 4516 1384 4565 17.
1404 4515 1495 4579 rotgo,
1513 4517 1610 4576 3133333
1625 4513 1726 4567 malim.

408 4623 436 4635 -
450 4597 489 4648 te.
503 4609 673 4648 ammonemur
689 4598 724 4657 gt
736 4621 763 4630 -
783 4593 821 4644 19.
841 4607 907 4656 quac
922 4599 957 4642 est
973 4592 990 4642 b
1004 4617 1031 4627 ·-
1050 4592 1092 4640 11.
1107 4591 1143 4640 Nc
1157 4589 1251 4639 mirum
1266 4589 1315 4639 b·
1334 4589 1375 4640 tt.
1392 4591 1550 4640 3333313313113
1560 4588 1726 4641 Gulielmius:

405 4673 540 4723 3313313313
556 4671 636 4732 100,
656 4681 736 4734 quem
753 4667 894 4718 lectionem
911 4667 1042 4731 erpiicare
1058 4671 1169 4718 3333133
1185 4668 1227 4717 331
1242 4671 1308 4729 Aug.
1327 4664 1384 4716 cut.
1401 4667 1537 4731 Zumptius
1555 4667 1581 4715 in
1598 4670 1727 4715 33333331.

408 4749 438 4798 tie
455 4747 504 4798 013.
519 4749 552 4797 od
568 4749 604 4798 Μ.
622 4747 728 4796 Brutum
745 4746 796 4794 331.
815 4745 884 4806 mist.
903 4756 928 4807 p.
942 4745 988 4800 ἳδς
1007 4744 1035 4793 31
1050 4757 1076 4793 v.
1095 4755 1175 4806 supra
1193 4740 1351 4805 31196,οὃ
1368 4744 1396 4791 31
1412 4754 1438 4805 p.
1453 4739 1580 4801 135919.
1595 4765 1622 4776 -·
1640 4739 1681 4790 13.
1693 4745 1730 4790 eet

406 4834 460 4873 om.
479 4834 495 4872 3
513 4847 540 4858 -
567 4821 609 4872 et.
627 4822 665 4870 tre
686 4825 708 4870 13
728 4820 785 4869 01·Ι
811 4823 834 4869 13
857 4819 894 4868 tre
911 4820 930 4869 0
948 4830 1008 4867 cum
1026 4816 1104 4868 codd.
1123 4816 1242 4868 Ferrarii.
1260 4843 1294 4854 -
1317 4819 1455 4868 miraretur
1471 4830 1486 4867 3
1503 4829 1572 4867 corr.
1591 4818 1610 4877 [t
1632 4815 1678 4877 m.)
1695 4829 1727 4866 er

404 4899 523 4958 miretur,
541 4899 571 4947 ut
587 4894 679 4946 metult
691 4894 808 4954 Ernesti;
827 4896 855 4943 31
869 4893 1007 4943 miraretur
1022 4890 1193 4944 reiercndum
1210 4894 1251 4942 est
1261 4891 1295 4942 ed
1307 4893 1441 4956 superiore
1459 4890 1515 4942 tila:
1536 4891 1730 4942 3133133133133

405 4972 527 5023 13313131
544 4973 594 5022 cet.
614 4996 641 5007 -
666 4971 707 5021 16.
723 4970 800 5033 paolo
824 4973 882 5018 3313
898 4974 950 5018 tarn
966 4973 1085 5018 accurate
1100 4967 1222 5030 (33331313
1238 4969 1256 5028 1)
1274 4968 1310 5018 D:
1334 4972 1387 5017 tom
1403 4980 1458 5017 acc.
1473 4967 1551 5029 pacto
1568 4965 1678 5017 331310
1696 4989 1726 5002 -

405 5047 446 5100 et.
464 5047 559 5097 1333133
575 5050 622 5106 eet,
645 5050 698 5095 tam
713 5043 776 5095 etto?
798 5043 913 5094 distinxit
935 5043 1062 5094 liuretus.
1082 5065 1110 5077 -·
1133 5041 1386 5100 3113113313-
1408 5042 1595 5105 1311333331-
1617 5041 1728 5092 201313

404 5117 941 5184 333311133310333113133333131310-
959 5131 992 5167 33
1006 5116 1089 5180 patrie
1104 5117 1115 5165 t
1132 5142 1159 5152 -
1179 5117 1220 5167 30.
1237 5131 1280 5181 spe
1295 5130 1348 5168 om.
1362 5131 1377 5167 3
1393 5142 1419 5154 -
1439 5117 1598 5180 31333333
1613 5121 1727 5178 331333-

404 5201 452 5247 133.
469 5191 605 5247 313131131
623 5196 719 5248 33331111
736 5197 746 5246 1
762 5195 831 5262 (poet
844 5199 933 5257 portos
949 5207 1016 5245 nova
1032 5193 1127 5258 pagine
1145 5192 1242 5257 incipit)
1262 5219 1290 5230 -
1307 5197 1398 5256 portos
1413 5197 1448 5243 cet
1463 5205 1481 5257 g
1496 5217 1524 5229 -
1542 5189 1678 5255 paeritmti
1694 5202 1725 5253 g:
