4009 6159
435 541 498 609 990
838 551 991 619 ORATIO
1013 555 1056 621 lli
1076 556 1112 621 Ρ.
1132 555 1331 623 vilisimis

436 737 477 781 ex
498 725 529 785 te
550 742 685 806 quaero:
714 719 873 788 Tribunus
895 725 938 808 pl.
959 724 1049 790 fuisti
1070 758 1112 773 -
1132 726 1263 810 seiunge
1285 734 1316 791 te
1337 747 1356 792 a
1377 729 1530 795 consule:
1551 764 1595 779 -
1616 732 1753 818 collegas

434 811 570 879 habuisti
597 817 682 899 viros
710 816 807 882 sortes
828 839 953 883 norem.
995 821 1044 882 Ex
1065 820 1106 884 iis
1127 827 1191 885 tres
1213 832 1317 896 erant,
1345 844 1427 907 quos
1448 831 1483 888 tu
1507 827 1651 909 quotidie
1673 827 1754 891 scie-

432 907 489 973 bas
518 932 641 977 servare
670 911 709 977 de
731 912 836 987 eaelo,
865 934 946 997 qnos
967 914 1139 990 irridebas,
1169 937 1251 1000 quos
1278 918 1418 1001 privatos
1445 940 1515 982 esse
1542 918 1684 996 dicebas;
1712 922 1753 984 de

434 1004 549 1086 quihus
577 1007 656 1071 duos
684 1013 898 1089 praetextatos
923 1008 1070 1073 sedentes
1098 1011 1205 1085 vides,
1239 1018 1270 1074 te
1291 1011 1468 1076 aediliciam
1489 1020 1684 1095 praetextam
1704 1020 1754 1076 lo-

410 1116 520 1179 ngam,
549 1121 643 1183 44444
663 1100 778 1166 frustra
806 1101 1001 1177 confeceras,
1028 1104 1230 1180 vendidisse,
1252 1106 1378 1169 tertium
1399 1106 1459 1169 scis
1481 1107 1599 1171 exilio
1621 1109 1752 1172 obsesso

433 1198 527 1276 atque
556 1194 673 1259 afflicto
701 1195 863 1260 tribunatu
891 1196 1088 1260 consularem
1116 1200 1335 1263 auctoritatem
1362 1198 1523 1263 hominem
1554 1220 1623 1264 esse
1644 1200 1754 1265 adole-

348 1342 360 1373 :
432 1294 571 1351 aceniam
598 1296 812 1354 consecutum.
856 1290 981 1375 Reliqui
1009 1312 1067 1355 sex
1098 1292 1241 1369 fuerunt,
1270 1314 1288 1357 e
1315 1293 1432 1377 quihus
1452 1296 1566 1377 paptim
1587 1294 1683 1377 plane
1707 1304 1755 1357 te-

289 1322 330 1464 4
340 1428 345 1436 «
412 1387 504 1445 'cum
524 1369 717 1474 senhqbani,
739 1385 854 1477 paptim
876 1383 1016 1448 medium
1034 1386 1193 1469 quendam
1214 1407 1341 1451 cursum
1362 1388 1525 1451 tenebant:
1554 1410 1665 1454 omnes
1695 1392 1755 1457 ha·

429 1474 568 1541 buerunt
598 1480 685 1561 leges
715 1478 943 1561 promulgatas,
975 1479 1008 1541 in
1037 1480 1083 1543 eis
1111 1481 1226 1544 multas
1256 1502 1346 1545 meus
1367 1483 1573 1559 necessarius,
1595 1486 1690 1549 etiam
1711 1486 1754 1550 de

393 1587 501 1639 umes
532 1574 703 1648 sententia,
737 1572 770 1635 C.
791 1573 981 1659 Cosconius,
1014 1572 1111 1649 iudex
1140 1582 1264 1651 noster,
1291 1596 1386 1659 44444
1412 1583 1446 1639 tu
1472 1576 1660 1661 dirumperis
1682 1602 1754 1644 cum

430 1662 610 1729 aedilicium
632 1668 731 1732 vides.
774 1662 824 1729 tt.
847 1666 929 1731 Volo
949 1667 996 1729 uti
1018 1662 1095 1729 mihi
1116 1669 1327 1752 respondeas,
1348 1690 1425 1734 num
1447 1670 1519 1753 quis
1536 1691 1577 1734 ex
1597 1680 1665 1737 toto
1686 1674 1754 1738 eol·

268 1770 345 1869 Vq„
430 1755 513 1841 legio
541 1760 643 1843 legem
670 1762 711 1825 sit
738 1781 834 1825 ausus
859 1759 942 1823 ferre
970 1768 1096 1843 praeter
1122 1782 1223 1825 unum
1253 1766 1307 1826 tet
1319 1767 1418 1847 (quae
1445 1771 1530 1827 44444
1550 1767 1583 1829 in
1605 1775 1636 1829 te
1657 1766 1754 1847 444444

429 1853 580 1929 audacia,
609 1876 689 1939 quae
718 1863 805 1919 tanta
832 1854 978 1947 visque,
1010 1855 1095 1937 quod
1126 1876 1240 1922 novem
1263 1859 1308 1922 tui
1329 1858 1471 1940 collegae
1492 1858 1552 1921 sibi
1576 1861 1752 1925 timendum

430 1958 500 2011 esse
529 1949 692 2025 duxerint,
722 1950 753 2013 id
782 1969 863 2013 unus
890 1948 942 2024 iu,
971 1969 1112 2013 emersus
1133 1970 1151 2014 e
1173 1971 1289 2028 caeno,
1319 1952 1460 2015 omnium
1487 1951 1581 2016 facile
1603 1955 1752 2018 omnibus

393 2061 421 2108 44
430 2042 525 2107 rebus
546 2040 688 2119 infimus,
710 2042 994 2119 contemnendum,
1017 2044 1272 2128 despiciendum,
1294 2047 1488 2109 irridendum
1502 2050 1651 2128 putares?
1672 2068 1751 2111 num

430 2156 524 2218 quem
551 2147 625 2221 post
651 2138 763 2202 urbem
788 2137 948 2200 conditam
969 2138 1051 2202 scias
1072 2139 1233 2202 tribunum
1253 2140 1296 2223 pl.
1319 2141 1422 2223 egisse
1443 2160 1515 2203 cum
1535 2141 1646 2223 plebe,
1677 2162 1751 2205 cum

429 2239 587 2297 constaret
614 2240 773 2297 servatum
799 2251 869 2295 esse
899 2231 938 2294 de
965 2233 1079 2297 caelo‘l
1123 2228 1173 2296 t8.
1196 2234 1297 2298 Simul
1324 2236 1418 2298 etiam
1439 2233 1519 2298 illud
1540 2234 1614 2298 volo
1634 2234 1681 2298 uti
1700 2254 1751 2297 re·

288 2360 310 2449 3
429 2326 692 2409 spondeas‚(cum
714 2334 746 2389 te
767 2325 895 2389 tribuno
915 2326 959 2409 pl.
975 2334 1062 2391 esset
1082 2329 1178 2391 etiam
1199 2335 1265 2391 tum
1288 2329 1322 2391 in
1343 2350 1379 2393 re
1399 2329 1526 2413 publiea
1546 2328 1599 2417 le}
1613 2328 1704 2391 Aelia
1717 2335 1752 2391 et
1914 2341 1916 2412 4

168 2370 241 2491 ’5²¹1'
429 2416 515 2484 Fufia
521 2406 634 2507 lquac
656 2421 742 2504 leges
764 2438 859 2502 saepe
880 2406 1048 2484 numero*
1034 2421 1216 2485 tribunicios
1229 2422 1352 2487 furores
1367 2422 1570 2488 debilitarunt
1581 2432 1614 2487 et
1626 2443 1750 2506 repres-

391 2524 552 2593 soserunt,
577 2536 656 2601 quas
679 2522 789 2579 444444
809 2520 932 2598 praeter
952 2522 984 2578 te
1005 2536 1100 2579 nemo
1121 2536 1271 2599 nmquam
1287 2517 1452 2581 estfacere
1465 2525 1652 2581 conatus-
1666 2536 1749 2600 quae

429 2608 559 2692 quidem
580 2610 668 2693 leges
689 2629 772 2673 anno
793 2615 882 2691 post,
910 2609 1094 2673 sedentibus
1121 2609 1156 2673 in
1184 2611 1301 2695 templo
1324 2610 1447 2676 duobus
1468 2630 1534 2674 non
1555 2610 1749 2687 consulibus,

427 2704 484 2767 sed
514 2704 729 2787 proditoribus
757 2702 853 2767 huius
881 2702 1017 2767 civitatis
1046 2722 1084 2766 ac
1112 2704 1272 2787 pestibus,
1302 2726 1367 2769 una
1387 2726 1460 2770 cum
1479 2706 1646 2789 auspiciis,
1677 2727 1748 2769 cum

427 2797 723 2873 intercessionibus,
752 2818 823 2861 cum
853 2798 938 2861 omni
961 2796 1029 2861 iure
1055 2796 1183 2881 publico
1205 2795 1474 2883 conflagraverunt
1492 2820 1553 2861 -2
1581 2798 1747 2883 ecquando

427 2892 579 2961 dubitaris
601 2901 711 2959 contra
732 2912 785 2955 eas
807 2892 893 2976 leges
915 2912 987 2955 cum
1008 2892 1100 2976 plebe
1115 2911 1209 2974 agere
1223 2901 1254 2956 et
1272 2893 1440 2958 concilium
1454 2897 1649 2958 convocaret
1670 2913 1746 2957 num

389 3005 418 3053 44
428 3009 523 3072 quem
543 3008 586 3051 ex
604 2988 750 3052 omnihus
766 2987 898 3051 tribunis
912 2986 967 3069 pl.,
988 2987 1182 3070 quicumque
1196 2987 1337 3052 seditiosi
1350 2987 1494 3064 fuerunt,
1516 2997 1580 3052 tam
1594 2989 1746 3052 audacem

425 3084 562 3149 audieris
582 3083 700 3157 fuisse,
728 3090 764 3144 ut
790 3101 940 3165 umquam
963 3088 1072 3145 contra
1092 3081 1196 3167 legem
1217 3080 1339 3145 Aeliam
1359 3091 1414 3145 aut
1434 3080 1554 3147 Fufiam
1576 3081 1745 3145 concilium

239 3118 291 3182 ’ᾧ
425 3177 618 3241 advocaret?
660 3176 743 3241 Vlll.
766 3170 816 3237 49.
839 3175 965 3252 Quaero
995 3173 1076 3238 illud
1097 3176 1192 3239 ctiam
1213 3195 1254 3238 ex
1275 3183 1322 3252 te,
1353 3184 1525 3241 conatusne
1546 3177 1610 3252 sis,
1637 3176 1745 3241 volue-

490 3533 515 3583 4.
532 3530 605 3599 {mis
620 3530 670 3581 PG
688 3556 715 3567 -
734 3542 767 3581 44
782 3530 940 3582 444--44444
955 3530 1038 3583 hahet
1054 3535 1075 3584 Α
1094 3560 1122 3570 -
1140 3537 1169 3584 ta
1184 3544 1238 3584 om.
1256 3534 1278 3583 Δ
1297 3558 1324 3567 -
1342 3532 1374 3583 iis
1389 3533 1482 3585 APG:
1500 3533 1538 3583 444
1553 3532 1640 3583 80-
1657 3532 1745 3583 cotidie

425 3608 503 3659 APG
522 3633 550 3643 -
568 3604 671 3656 siciebas
688 3607 720 3667 1³;
738 3606 826 3656 om.G
842 3632 869 3641 —
887 3605 911 3656 3.
930 3607 960 3657 de
975 3607 1027 3658 celo
1043 3608 1103 3657 1>—
1123 3608 1311 3670 qaospiioatos
1326 3620 1378 3659 esse
1393 3608 1555 3659 dieebosPlu
1568 3607 1745 3673 marg.habet

424 3682 513 3733 addita
530 3694 610 3733 manu
628 3678 759 3743 secunde,
778 3678 828 3729 sed
843 3682 942 3731 vetere.
967 3680 1005 3733 ot.
1025 3680 1086 3731 adn.
1105 3684 1131 3732 iu
1147 3684 1213 3733 Nou.
1230 3684 1298 3733 ltus.
1311 3683 1394 3733 Rhea.
1406 3682 1454 3743 lx,
1472 3696 1499 3748 p.
1511 3680 1567 3733 344.
1582 3708 1610 3719 -
1628 3696 1642 3734 4
1658 3683 1745 3747 quibas

422 3754 949 3821 lospsuetesloioslslcl--odaissceatan
964 3762 1121 3807 causeam
1136 3756 1296 3809 44444444-
1312 3758 1337 3810 4.
1355 3758 1588 3810 444444444Ρ44-
1608 3760 1744 3811 4444444444»

423 3835 455 3896 P,
474 3834 587 3885 4444444444
603 3834 638 3891 (4;
657 3832 745 3881 oms
762 3829 936 3895 probantibus
953 3831 1082 3895 iladvigto
1099 3845 1127 3896 p.
1139 3832 1187 3883 5⁴2
1199 3833 1226 3884 et
1242 3833 1322 3883 ltavio
1332 3833 1393 3884 Var.
1406 3834 1490 3884 Lecti.
1502 3835 1525 3893 1,
1544 3846 1570 3899 p.
1585 3833 1641 3885 484.
1660 3834 1743 3885 ecum

422 3907 475 3960 duo
492 3905 540 3970 illl,
559 3906 608 3957 Cn.
626 3904 754 3956 Domitius
772 3907 799 3954 et
816 3906 845 3966 Q.
864 3906 1024 3967 Ancharius,
1048 3906 1145 3957 luerint
1159 3910 1311 3971 praetores,
1329 3907 1501 3960 acerbissime
1517 3908 1569 3959 hoc
1584 3921 1645 3959 voc.
1662 3921 1743 3959 usur-

422 3986 514 4049 patum
530 3982 635 4034 videtur
651 3980 703 4032 boc
720 3980 880 4043 significatu:
899 3978 952 4030 duo
969 3979 1002 4031 illi
1021 3993 1083 4032 cum
1099 3982 1153 4033 iam
1169 3986 1307 4046 praetores
1323 3983 1384 4034 tacti
1400 3984 1465 4046 sint,
1482 3985 1511 4033 tu
1528 3996 1562 4034 ne
1579 3981 1671 4034 aedilis
1687 3985 1743 4047 qul-

422 4058 485 4108 dem
510 4056 568 4108 fieri
588 4055 705 4122 potuisti.
735 4056 876 4105 Praeterea
899 4055 925 4105 'ru
949 4050 1082 4121 λήμμασι
1102 4055 1259 4107 scholiastae
1282 4069 1363 4122 saepe
1384 4058 1539 4108 omittuntur
1554 4070 1586 4107 ea
1601 4055 1740 4119 vocabula,

422 4146 490 4199 quae
507 4134 564 4185 sine
581 4143 677 4184 sensus
694 4130 853 4182 detrimento
871 4130 966 4182 abesse
983 4133 1108 4196 possunt,
1127 4132 1261 4183 4444444444
1271 4133 1351 4184 etiam
1364 4132 1525 4183 necessaria.
1543 4133 1586 4183 Sic
1600 4132 1660 4197 436
1670 4131 1742 4197 apud

421 4206 507 4259 schol.
526 4210 582 4259 est:
603 4208 631 4257 44
647 4204 740 4256 444444
753 4206 876 4270 predialis
893 4205 1006 4269 0444444,
1029 4219 1083 4259 om.
1100 4208 1139 4257 rei
1156 4206 1227 4270 pati.
1245 4210 1306 4258 ante
1324 4207 1447 4259 0444444.»
1465 4210 1556 4259 044444
1573 4208 1617 4272 (4).
1644 4208 1741 4259 Contra

420 4285 535 4336 llanutlo
551 4289 637 4348 wqom
653 4282 808 4346 suspectum
825 4283 891 4331 erat.
910 4282 946 4345 (ta
961 4282 1227 4333 aestuosissimis
1242 4281 1351 4343 Lamb.;
1376 4287 1403 4334 44
1418 4296 1443 4333 v.
1463 4285 1549 4333 Garat.
1567 4280 1602 4331 ad
1619 4281 1646 4332 h.
1664 4280 1692 4346 l.)
1711 4307 1739 4318 -

420 4355 885 4417 &comeaeris-adquae
906 4357 1741 4424 -odtlictoAP-ti.ltominem]aemiaemA-cdulmcca·

420 4438 469 4485 tem
483 4435 534 4484 ΑΡ
550 4460 583 4472 -
599 4433 623 4483 7.
642 4444 656 4482 e
672 4428 759 4493 444444
774 4430 839 4481 PG:
856 4443 889 4480 44
905 4430 994 4491 quibes
1009 4432 1055 4482 80
1075 4456 1102 4466 -
1120 4430 1146 4481 8.
1162 4431 1301 4483 habuerunt
1317 4432 1394 4485 edd:
1418 4434 1558 4484 4444444444
1573 4431 1651 4483 codd.
1669 4434 1738 4494 noti;

419 4510 483 4559 etv.
496 4509 607 4572 iladvig.
620 4519 646 4571 p.
659 4505 707 4557 443
719 4508 774 4556 not.
790 4531 817 4543 ·-
836 4504 860 4555 9.
873 4506 900 4556 ia
916 4506 951 4557 444
966 4506 1073 4571 scripsi:
1091 4506 1163 4556 444444
1179 4508 1242 4568 PG;
1260 4508 1363 4559 444440
1375 4535 1403 4544 -
1423 4510 1463 4560 to.
1477 4508 1739 4573 diwopeishamhs

419 4584 583 4646 dimisis
598 4586 631 4643 P;
652 4580 916 4643 amoueo-
935 4580 1127 4632 tesmonium
1142 4583 1232 4633 PG·
1250 4584 1359 4646 44444444
1374 4585 1432 4634 Ρ-
1452 4583 1493 4634 te.
1511 4585 1738 4647 qoodGoreanus:

418 4672 476 4709 4444
492 4659 570 4711 codd.
590 4683 618 4695 -
636 4656 753 4720 conisque
768 4657 787 4706 P
804 4656 850 4719 (tui
866 4655 973 4719 44444444
988 4668 1077 4706 ewen
1092 4655 1122 4717 L)
1142 4682 1167 4694 -
1189 4656 1229 4708 44.
1247 4659 1357 4710 dismas
1373 4660 1395 4709 G
1411 4683 1439 4696 -
1458 4672 1535 4709 44444
1551 4660 1615 4709 Po:
1633 4658 1739 4708 coean

421 4758 448 4769 -
468 4733 508 4784 lli.
525 4732 598 4785 rebus
614 4744 669 4783 om.
687 4732 708 4781 G
726 4756 753 4767 -
771 4730 964 4783 444444ηά4441)
982 4756 1011 4767 -
1030 4731 1132 4793 pum
1146 4732 1355 4798 Wesenberqius
1371 4734 1398 4784 in
1415 4734 1530 4785 0444444.
1548 4734 1583 4783 cd
1597 4733 1739 4785 8444444444

418 4821 446 4873 p.
463 4806 496 4859 44
513 4806 572 4859 coll.
591 4806 606 4872 4
624 4804 668 4857 il:
687 4818 752 4868 qaae
768 4810 791 4857 44
807 4810 879 4856 teate
895 4806 1013 4868 prwdcs
1027 4806 1116 4856 mentis
1131 4807 1248 4870 44444444,
1270 4809 1472 4872 acumem
1485 4810 1659 4872 scammis
1673 4810 1736 4869 ceta

418 4884 446 4933 44
462 4881 577 4948 utsii
593 4878 833 4933 4444434444.-
852 4880 1051 4933 48.44444--44
1067 4880 1320 4943 4444444446-
1340 4883 1380 4935 49.
1398 4882 1613 4934 4444444444οεΡ-
1631 4883 1739 4945 sipost

416 4956 552 5009 4444444444
568 4958 600 5008 P:
624 4952 776 5019 4444444444
795 4959 815 5007 G
835 4956 1204 5021 (samsom-pracsertim
1222 4956 1305 5008 habet
1323 4958 1353 5023 Α)
1375 4986 1403 4997 -
1429 4958 1523 5010 dachar
1541 4972 1592 5009 444
1607 4962 1669 5010 AP:
1686 4972 1738 5010 444

417 5030 594 5083 44444444-
619 5031 879 5094 sumamus·
903 5032 1144 5097 themuseos:
1169 5033 1412 5096 4444444446-
1438 5034 1735 5098 4444444441)-

417 5106 460 5157 844.
475 5106 578 5171 pecual
593 5106 656 5158 Pe:
678 5104 772 5170 4444444
787 5107 821 5168 0;
845 5107 880 5158 44.
897 5106 983 5160 Madv.
1003 5122 1030 5173 p.
1047 5108 1104 5160 444.
1122 5133 1157 5145 -
1171 5107 1214 5160 26.
1231 5109 1307 5161 eiiam
1323 5110 1345 5160 i}
1362 5136 1390 5147 -
1408 5110 1449 5161 44.
1467 5109 1686 5169 corocensem,
1708 5112 1738 5160 44

417 5193 443 5232 v.
461 5180 477 5245 4
493 5182 535 5233 44.
553 5180 588 5233 (44
604 5181 685 5235 domo
702 5195 750 5235 444
767 5182 783 5248 fl
799 5183 839 5235 te.
858 5184 886 5235 tn
901 5185 976 5237 verr.
993 5186 1043 5248 111,
1059 5184 1075 5250 5
1092 5185 1141 5237 444
1157 5186 1209 5239 cet.
1226 5210 1254 5221 -
1276 5185 1339 5237 44444
1358 5186 1435 5239 444444
1450 5186 1515 5238 PG:
1537 5187 1614 5239 444444
1629 5184 1692 5235 illud
1706 5185 1734 5235 8.

418 5252 457 5307 ct.
475 5254 536 5309 adn.
554 5267 644 5311 meam
659 5258 687 5312 ln
703 5256 747 5312 ed.
764 5258 834 5326 Lips.
852 5272 880 5327 p.
898 5261 939 5313 69.
1452 5292 1454 5296 ·
