4009 6159
731 630 804 695 on».
825 631 952 695 1-111.
979 629 1026 715 ss
1049 627 1154 696 ι-ι.
1520 626 1603 695 rste

279 798 310 865 3.
331 802 372 865 Et
403 800 432 864 si
455 800 591 865 maiores
619 801 715 866 vestri
745 822 800 865 eos
827 802 1048 887 imperatores,
1081 802 1137 885 qui
1164 800 1298 865 militum
1328 803 1444 867 virtute
1464 801 1605 866 hostium

279 895 443 980 fregerunt
461 894 618 971 brrorem,
641 896 870 960 iucundissimo
890 896 995 960 fructu
1017 897 1170 961 libertatis
1191 896 1393 960 reconciliato
1416 914 1481 960 non
1503 896 1605 960 solum

280 990 392 1055 statuis
421 989 534 1073 dignos
560 996 726 1073 putarunt,
755 990 811 1054 sed
841 992 937 1055 etiam
965 1000 1094 1055 aeterna
1118 989 1269 1073 triumphi
1291 990 1384 1053 leude
1407 990 1606 1065 decorarunt,

158 1122 162 1127 -
280 1091 348 1148 tnm
369 1102 428 1147 ros
450 1103 524 1147 eum
547 1084 726 1159 consulem,
752 1085 807 1168 qui
828 1106 893 1150 non
914 1086 1048 1149 militum
1070 1085 1227 1169 praesenti
1248 1082 1449 1159 fortitudine,
1471 1084 1527 1149 sed
1550 1104 1607 1148 sua

280 1178 397 1243 eximia
411 1178 522 1241 -animi
542 1178 660 1241 virtute
683 1178 833 1242 hostilem
854 1180 967 1243 oivium
990 1186 1128 1243 mentem
1150 1183 1278 1241 senatus
1299 1178 1485 1243 anctoritate
1506 1177 1634 1241 vindi-⁶

280 1272 378 1346 eavit,
400 1272 579 1336 existimate
600 1273 691 1336 vobis
712 1274 912 1337 retinendum
935 1293 1005 1335 esse
1032 1274 1066 1335 in
1088 1272 1223 1335 civitate.
1267 1272 1305 1334 11.
1328 1267 1359 1335 l.
1381 1272 1426 1347 Si,
1449 1291 1531 1356 quae
1551 1273 1608 1337 be-

279 1362 393 1430 neficia
414 1364 546 1448 singulis
568 1367 689 1430 civibus
711 1368 923 1451 privatimque
945 1367 1077 1441 dantur,
1100 1386 1137 1429 ea
1160 1366 1263 1430 solent
1283 1365 1324 1428 iis
1343 1385 1413 1430 esse
1434 1366 1607 1444 fructuosa,

279 1480 299 1524 a
321 1459 437 1544 quibus
459 1466 536 1523 sunt
555 1460 712 1545 profecta,
734 1462 803 1524 iure
825 1469 858 1525 et
878 1462 990 1523 merito
1014 1479 1143 1542 possum
1167 1479 1225 1542 ego
1247 1479 1305 1523 vos
1326 1460 1366 1523 ad
1389 1459 1607 1526 defensionem

279 1572 368 1617 mene
396 1552 508 1617 salutis
536 1554 710 1630 adhortari,
740 1575 822 1638 qnos
850 1555 1036 1617 conservavi
1064 1555 1240 1617 universos.
1276 1555 1356 1617 Nam
1377 1574 1483 1639 neque
1504 1556 1607 1619 maius

280 1656 329 1711 est
350 1644 521 1710 defendere
542 1668 640 1712 unum
664 1668 757 1732 quam
779 1649 948 1732 populum,
973 1667 1079 1732 nequo
1101 1648 1206 1711 verius
1232 1647 1272 1711 ab
1294 1648 1428 1732 singulis
1450 1668 1545 1733 quam
1567 1648 1644 1711 abo

280 1743 426 1807 omnibus
447 1751 592 1825 repetere
615 1739 713 1805 oflicii
734 1744 907 1826 praemium
930 1749 962 1805 et
982 1741 1133 1817 fructum,
1159 1750 1327 1826 propterea
1348 1744 1436 1825 quod
1456 1743 1490 1807 in
1512 1743 1607 1807 unius

280 1837 420 1922 periculo
444 1856 539 1920 saepe
561 1836 720 1901 eontentio
742 1856 839 1921 parra
860 1845 927 1911 est,
949 1844 985 1899 ut
1005 1836 1085 1899 levis
1102 1837 1145 1901 sit
1165 1835 1607 1900 laboroetensorioustinen-

280 1932 354 2005 dus,
384 1931 420 1994 in
441 1932 486 1996 rei
508 1932 654 2014 publicae
675 1931 815 2006 insidiis,
846 1951 911 2015 quo
931 1927 1051 1995 firmins
1074 1930 1232 2015 estquod
1254 1938 1469 2014 oppugnatur,
1491 1949 1529 1993 eo
1550 1950 1607 2012 pa·

279 2027 413 2090 ratiores
437 2033 511 2089 sunt
531 2025 670 2099 inimici,
698 2031 733 2088 ut
755 2024 793 2087 iis
814 2026 877 2088 nisi
898 2043 1011 2108 magna
1033 2024 1260 2099 sollieitudine,
1290 2024 1462 2098 industria,
1491 2023 1606 2087 virtute

280 2140 346 2185 non
374 2127 472 2203 queat
496 2120 611 2183 resisti.
655 2118 684 2181 5.
709 2118 750 2181 Et
776 2118 973 2201 singulorum
1001 2139 1079 2203 opes
1106 2139 1201 2203 saepe
1228 2125 1303 2183 sunt
1326 2126 1438 2182 tenues
1466 2121 1499 2179 et
1518 2115 1643 2179 infir-ts

280 2234 351 2278 mae
372 2212 413 2277 ad
435 2214 566 2296 gratim
587 2211 801 2288 referendam,
827 2220 863 2275 ut
884 2212 1033 2297 opitulari
1058 2213 1354 2277 benemerentibus
1377 2221 1551 2297 nequeant,
1577 2211 1606 2275 si

281 2308 419 2374 maxime
442 2306 590 2391 cupiant:
611 2307 828 2371 universorum
851 2306 1005 2369 auxilium
1026 2306 1195 2389 plurimum
1217 2306 1360 2391 prodest,
1382 2326 1446 2389 quo
1460 2304 1607 2369 firmiori-

280 2405 340 2467 bus
370 2402 485 2485 opibus
513 2401 708 2465 estnixum.
745 2402 817 2463 lore
843 2402 951 2483 igitur,
981 2400 1132 2483 quoniam
1155 2408 1189 2463 et
1208 2401 1310 2464 maior
1330 2400 1474 2483 impensa
1495 2399 1529 2463 in
1550 2417 1606 2482 pa·

280 2499 371 2561 triam
401 2494 498 2559 officii
528 2493 610 2557 laeta
636 2501 699 2569 est,
730 2513 825 2579 quam
846 2495 880 2557 in
902 2495 1024 2579 privata
1045 2490 1080 2557 lit
1101 2493 1301 2569 defensione,
1331 2500 1363 2557 et
1383 2495 1456 2577 plus
1477 2513 1496 2556 a
1517 2493 1606 2557 robis

280 2588 433 2675 praesidii
461 2608 557 2673 quam
586 2608 605 2651 a
634 2588 747 2651 ceteris
775 2588 845 2671 opis
873 2590 913 2652 ad
942 2588 1076 2652 salutem
1101 2594 1207 2672 potest
1227 2587 1350 2662 ademi,
1375 2606 1432 2650 vos
1454 2586 1644 2661 obtestor,so

280 2704 363 2769 quos
386 2682 463 2746 mihi
485 2689 517 2746 et
540 2682 655 2747 debere
678 2690 710 2746 et
730 2702 826 2764 posse
848 2682 990 2765 intelligo
1012 2682 1169 2765 opitulari.
1206 2680 1235 2744 6.
1258 2683 1328 2745 Non
1348 2680 1497 2744 convenit
1510 2680 1606 2755 enim,

281 2800 353 2843 eum
383 2797 443 2861 ego
472 2775 512 2839 ad
537 2778 781 2861 promerendum
804 2776 944 2840 oftioium
966 2784 1028 2839 tem
1051 2775 1163 2840 luerim
1185 2774 1368 2859 expeditus,
1396 2795 1453 2839 vos
1475 2772 1515 2837 ad
1537 2793 1607 2856 gra·

281 2873 356 2936 tiam
378 2870 576 2934 referendam
599 2892 669 2936 esse
692 2869 859 2946 tardiores,
881 2891 936 2946 ne,
957 2872 1047 2935 ouius
1065 2870 1306 2953 amplitudinem
1322 2876 1354 2932 et
1367 2869 1497 2952 gloriam
1511 2867 1606 2931 laude

281 2974 376 3050 atque
397 2964 573 3029 honoribus
595 2963 787 3049 amplificare
810 2965 964 3041 debeatis,
987 2966 1055 3028 eius
1077 2964 1326 3028 incolumitatem
1348 2970 1381 3026 et
1401 2962 1536 3026 salutem
1551 2962 1607 3025 de-

281 3056 447 3124 serendam
476 3060 673 3124 existimetis.
717 3061 771 3122 111.
801 3060 927 3123 Etenim
956 3064 1054 3133 errat,
1083 3058 1110 3121 si
1136 3057 1193 3142 qui
1214 3058 1381 3120 arbitratur
1401 3057 1442 3121 hl.
1466 3056 1644 3120 Tulliumnt

281 3154 400 3217 ideireo
426 3152 462 3215 in
490 3154 676 3236 perieulum*
689 3154 800 3237 eapitis
822 3155 945 3228 vocari,
971 3152 1060 3237 quod
1082 3151 1254 3236 deliquerit
1274 3150 1411 3235 aliquid,
1439 3150 1526 3233 quod
1553 3168 1608 3232 pa·

281 3247 374 3311 triam
396 3248 537 3323 laeserit,
561 3247 648 3330 qnod
670 3248 813 3330 improbe
828 3248 953 3311 vixerit
987 3250 1059 3310 Non
1075 3247 1190 3310 citatur
1205 3266 1279 3310 reus
1294 3245 1459 3309 audaciae:
1482 3243 1607 3309 virtutis

280 3362 356 3405 rens
378 3342 510 3418 oitetur;
537 3362 602 3405 non
624 3347 805 3416 aoeusatnr,
833 3341 918 3427 quod
941 3342 1188 3425 rempublicam
1210 3341 1412 3425 oppugnarit,
1441 3337 1497 3401 sed
1520 3335 1607 3421 quod

279 3436 377 3500 bomo
400 3456 501 3500 novus
523 3435 736 3519 perniciosum
757 3435 911 3498 nobilium
934 3436 1115 3499 restinxerit
1134 3434 1284 3497 furorem.
1324 3436 1395 3498 Non
1417 3433 1509 3497 obest
1529 3430 1608 3495 mibi

281 3551 400 3596 nocens
429 3538 462 3593 et
489 3530 606 3613 turpis,
636 3529 692 3593 sed
719 3529 944 3594 honestissime
971 3529 1210 3614 lautissimeque
1239 3536 1308 3592 acta
1334 3528 1415 3603 rita3
1441 3546 1506 3591 non
1532 3526 1645 3589 odioso

281 3627 454 3699 honorum,
483 3624 540 3687 sed
566 3623 685 3688 invidis
713 3644 840 3707 premor
861 3624 1025 3687 malorum.
1069 3620 1100 3685 7.
1121 3622 1305 3705 Intelligunt
1325 3622 1487 3696 homines,
1509 3627 1555 3684 tot
1577 3622 1609 3681 et

280 3728 344 3785 tam
367 3718 539 3803 praeclaris
561 3716 752 3781 testimoniis
774 3718 1041 3802 monimentisque
1062 3717 1187 3781 rimatis
1208 3716 1413 3800 comparatis,
1434 3718 1476 3779 Μ.
1491 3714 1608 3790 ΤιιΙΙίο,

281 3813 357 3879 dum
387 3816 429 3879 sit
453 3812 636 3886 incolumis,
665 3811 735 3876 tore
761 3812 924 3897 voluptati.
965 3812 1087 3875 ldoiroo
1116 3811 1212 3875 vitam
1239 3811 1360 3895 eripere
1386 3810 1534 3893 eupiunt,
1561 3809 1610 3873 uti

282 3929 355 3973 enm
376 3909 487 3992 spiritu
510 3926 639 3972 sensum
654 3926 784 3991 quoque
804 3905 1170 3971 adimantiueunditatis.
1205 3907 1318 3969 Nonne
1332 3904 1429 3989 igitur
1442 3902 1609 3986 indignum

348 4216 374 4267 2.
391 4216 564 4267 bomdtotmo
581 4216 656 4266 Pes
676 4242 704 4251 -
722 4214 746 4265 3.
765 4216 855 4265 statuis
869 4226 1005 4279 supersor.
1023 4226 1060 4264 m.
1079 4225 1135 4264 seo.
1153 4210 1304 4276 tmoptottao
1319 4214 1339 4262 P
1357 4237 1384 4249 -
1403 4211 1428 4264 t.
1446 4224 1503 4263 oen
1518 4224 1572 4263 om.
1591 4212 1611 4264 E

284 4293 348 4342 S-
372 4291 482 4341 cenneks
504 4292 540 4351 E;
567 4292 634 4341 eoos
657 4292 720 4341 s-
747 4292 828 4341 this
847 4292 910 4350 PG;
935 4290 1066 4351 btjss-
1091 4286 1301 4352 8.tnre]tnteC
1322 4287 1609 4338 -9.adertertP—

284 4366 325 4417 to.
344 4365 376 4415 ob
392 4366 545 4429 simne:
565 4380 583 4415 a
598 4366 703 4430 stupetis
719 4366 780 4415 0-
799 4367 839 4416 tt.
859 4365 925 4429 efflet
941 4366 1002 4414 P-
1016 4368 1191 4427 proerntemet
1205 4362 1359 4427 sruetnmm
1377 4366 1488 4430 mactem
1503 4371 1613 4431 etprae-

189 4435 196 4448 “
282 4441 362 4491 mium
378 4440 454 4491 GES
473 4465 500 4476 -
520 4441 561 4490 tt.
579 4440 837 4503 centmtoporutE3
860 4444 972 4489 contento
986 4442 1106 4503 puratos
1126 4468 1153 4478 -
1172 4440 1212 4492 tl.
1230 4440 1346 4501 term
1364 4440 1490 4503 btjsS—
1507 4443 1556 4492 nist
1573 4443 1611 4493 C:

282 4518 335 4567 stne
352 4516 372 4565 0
390 4540 419 4551 -
440 4514 481 4564 te.
498 4516 662 4579 referundam
680 4517 700 4565 G
719 4542 746 4551 -ν
771 4515 946 4575 nequeunte:
963 4530 1014 4565 ooo
1031 4521 1123 4579 queant
1139 4518 1159 4566 0
1177 4541 1204 4552 -
1228 4517 1273 4566 tt:
1283 4514 1423 4579 plurimum
1438 4519 1470 4567 P:
1488 4529 1517 4566 eo
1529 4516 1615 4580 pteri-

282 4604 352 4643 mom
368 4590 473 4641 GESO
493 4616 520 4627 -
539 4603 589 4651 quo
606 4592 641 4641 C:
660 4591 726 4653 qnod
742 4590 762 4641 0
780 4616 808 4625 -
829 4590 868 4640 te.
886 4591 990 4652 inpenso
1007 4593 1027 4640 P
1045 4618 1071 4630 -
1092 4592 1133 4642 49.
1151 4591 1221 4654 {neto
1237 4592 1271 4643 C:
1291 4590 1378 4641 omo
1396 4618 1424 4628 -
1441 4592 1471 4656 ιιι
1486 4590 1548 4641 edd.
1565 4604 1615 4642 an-

283 4668 386 4731 tiquae:
408 4665 457 4728 Μ
474 4667 510 4724 C;
533 4666 565 4715 stt
581 4666 601 4715 0
619 4678 723 4725 errore,
746 4668 776 4715 ut
792 4664 907 4715 videtur.
928 4690 955 4701 -
979 4678 997 4715 e
1011 4666 1080 4715 vobis
1102 4666 1175 4716 extra
1191 4678 1300 4716 versum
1317 4677 1332 4714 a
1350 4676 1430 4716 manu
1446 4665 1548 4715 recenti
1565 4663 1616 4715 ed-

283 4742 338 4793 dita
362 4740 445 4791 habet
461 4741 481 4791 P
498 4741 525 4790 et
546 4742 607 4790 aute
624 4754 650 4789 v.
666 4740 787 4802 praesidii
808 4752 901 4790 erasae
924 4741 987 4790 sunt
1009 4739 1078 4791 duae
1099 4738 1215 4801 litterae,
1241 4752 1310 4804 quae
1331 4739 1412 4791 tuisse
1435 4738 1558 4790 vtdentur
1577 4740 1613 4802 in,

283 4829 346 4869 eum
363 4816 403 4867 sie
419 4813 545 4865 exhibeat
560 4813 619 4865 eod.
638 4816 780 4873 bernensis
797 4828 830 4866 ex
847 4815 987 4865 Peristenst
1003 4815 1164 4879 descriptos.
1186 4842 1212 4852 -
1234 4816 1275 4865 ΡΟ.
1294 4814 1390 4878 adfert
1409 4818 1429 4866 Ρ
1451 4840 1480 4852 -
1509 4820 1616 4877 optestor

283 4896 304 4944 Ρ
322 4918 350 4927 -
368 4892 410 4942 tt.
428 4891 542 4955 budeqo
559 4893 593 4953 G,
612 4891 676 4941 item
692 4904 719 4941 v.
737 4890 778 4940 3-t.
799 4918 826 4927 -
848 4891 889 4939 tt.
907 4892 1020 4954 qrottom
1036 4891 1082 4954 ref.
1102 4891 1137 4941 C:
1156 4890 1202 4953 ref.
1221 4890 1333 4953 pretium
1349 4891 1370 4941 0
1389 4916 1416 4926 -
1440 4889 1481 4941 2³.
1500 4890 1616 4953 resono-

285 4969 344 5017 dom
361 4966 410 5017 GE
429 4990 456 5001 -
475 4970 499 5016 et
516 4966 550 5017 C:
578 4978 610 5015 ao
626 4967 646 5016 0
665 4990 692 5000 -
714 4964 756 5017 tt.
775 4966 864 5015 debetis
879 4968 901 5016 G
918 4992 947 5003 -
972 4967 1164 5018 tneotmnttotem
1180 4966 1200 5016 E
1221 4992 1247 5001 -
1267 4967 1309 5017 at.
1327 4967 1348 5018 st
1365 4967 1408 5029 qut
1424 4965 1565 5017 arbttrotur
1581 4968 1614 5015 P:

285 5040 307 5092 si
324 5041 367 5104 qut
383 5039 543 5091 arbitrentur
558 5042 589 5101 ὃς
608 5040 629 5089 st
646 5039 702 5100 qets
718 5040 861 5090 arbitrator
878 5043 957 5092 GEO
976 5070 1003 5079 -
1028 5042 1069 5093 26.
1087 5043 1177 5092 botroo
1194 5043 1227 5101 G,
1246 5042 1310 5092 item
1327 5056 1353 5093 v.
1372 5041 1413 5093 33.
1434 5066 1461 5077 -
1477 5040 1617 5103 mem

286 5117 375 5180 cepeto
392 5116 427 5167 C:
451 5117 541 5179 ospitis
553 5115 694 5179 peretrum
711 5116 730 5165 0
749 5139 777 5151 -
798 5115 839 5166 28.
855 5117 982 5179 poblicum
998 5129 1052 5168 om.
1071 5118 1088 5167 S
1104 5144 1138 5155 -
1158 5118 1310 5181 oppoqoortt
1326 5118 1361 5167 c:
1384 5117 1411 5166 ot
1426 5114 1580 5180 eppnqosrtt
1596 5116 1617 5165 0

289 5192 371 5243 -bb,
387 5193 547 5243 restsiooesu't
563 5192 609 5243 Es
622 5216 649 5227 -
669 5190 709 5242 30.
727 5204 818 5241 oecon
833 5197 858 5243 et
872 5193 996 5255 turpise:
1016 5193 1096 5254 torpe
1112 5196 1135 5243 et
1151 5193 1270 5243 necesso
1285 5217 1312 5229 -
1331 5191 1515 5252 numque
1530 5190 1615 5241 Pes:
1712 5256 1714 5259 Ι

287 5266 504 5331 loudotiastmeqne
519 5266 608 5330 EtttO
627 5292 656 5303 -
678 5265 719 5316 (tt.
737 5267 941 5329 mmtmeoteqm
957 5268 1016 5317 GS:
1038 5268 1232 5330 monmeottsque
1248 5270 1281 5329 Ρ;
1299 5267 1511 5329 monumentisque
1527 5264 1617 5329 epte

290 5370 317 5381 -
335 5342 435 5394 tullium
450 5340 543 5411 (ronst)
561 5343 581 5394 C
599 5368 627 5383 ·-
645 5341 687 5394 33.
704 5343 741 5394 ott
759 5343 792 5393 C:
811 5345 876 5393 nto
896 5368 923 5380 ω
942 5340 982 5394 34.
1000 5342 1160 5393 ιὀοιιιιάἰωιίι
1175 5342 1231 5392 GS.
