4009 6159
401 515 484 584 loeo
816 519 968 585 ORATIO
990 521 1068 585 PRO
1091 524 1132 586 bl.
1155 521 1301 587 CAELIO

399 691 529 773 piditate
551 690 714 764 vincendi,
737 690 777 753 de
799 689 913 754 ardore
935 692 1050 755 mentis
1071 693 1111 754 ad
1133 691 1280 774 gloriam:
1302 709 1383 775 quae
1405 690 1510 755 studia
1530 693 1564 756 in
1584 693 1635 757 bis
1654 694 1719 758 iam

398 786 551 849 aetatibus
572 785 687 848 nostris
709 786 918 849 contractiora
939 805 1010 849 esse
1031 785 1164 859 debent,
1186 787 1219 848 in
1241 785 1454 848 adolescentia
1468 804 1542 850 rere
1557 792 1719 872 tamquam

398 881 429 942 io
451 879 557 942 herbis
581 867 878 962 significant,(quae
901 878 1025 942 virtutis
1048 881 1209 943 maturitas
1224 887 1257 942 et
1270 885 1407 963 quantae
1422 877 1528 962 fruges
1544 881 1718 946 industriae

396 951 621 1064 sibilatores}
645 972 769 1035 Etenim
792 991 917 1055 semper
938 992 1053 1056 magno
1073 973 1202 1056 ingenio
1218 974 1436 1038 adolescentes
1457 974 1639 1040 refrenandi
1661 997 1720 1060 po-

374 1068 457 1130 etius
485 1088 503 1131 a
533 1068 633 1151 gloria
654 1085 749 1150 quarn
772 1065 925 1130 incitandi
946 1067 1093 1130 fuerunt:
1122 1069 1313 1150 amputanda
1334 1067 1426 1150 plura
1448 1076 1522 1132 sunt
1541 1069 1590 1132 illi
1611 1069 1719 1144 aetati,

396 1165 422 1226 si
451 1163 580 1246 quidem
608 1156 778 1224 elllorescit
806 1158 926 1242 ingenii
959 1160 1123 1236 laudibus,
1154 1181 1248 1242 quam
1270 1161 1446 1225 inserenda.
1488 1159 1540 1225 77.
1563 1162 1669 1238 Quare
1691 1165 1720 1226 si

395 1257 444 1320 oui
466 1258 598 1320 nimium
619 1255 803 1317 efferbuisse
824 1254 949 1338 videtur
973 1254 1067 1317 buius
1090 1253 1140 1316 vel
1161 1255 1194 1316 in
1216 1255 1424 1338 suscipiendis
1446 1255 1496 1318 vel
1518 1257 1550 1320 in
1572 1255 1719 1339 gerendis

394 1351 565 1415 inimicitiis
587 1350 652 1412 suis
673 1339 885 1422 ferocitas‚(si
908 1369 1001 1432 quem
1025 1349 1118 1412 etiam
1137 1348 1337 1411 minimorum
1353 1348 1464 1412 borum
1479 1349 1602 1434 aliquid
1618 1347 1719 1413 ellen-

286 1421 375 1508 ιθ
393 1442 456 1536 dit,
478 1445 506 1507 si
526 1463 685 1527 purpurae
707 1462 824 1524 genus,
846 1443 872 1506 si
895 1443 1069 1505 amicorum
1092 1448 1245 1516 catervae,
1267 1443 1295 1504 si
1312 1441 1473 1524 splendor,
1496 1443 1523 1505 si
1536 1441 1634 1528 nitor)
1653 1444 1717 1506 iam

266 1550 328 1640 (μ’,
357 1537 454 1600 toista
475 1537 788 1624 deferbuerint,(1am
812 1543 898 1600 aetas
920 1538 1042 1612 omnia,
1064 1537 1127 1599 iarn
1148 1555 1241 1610 usus,
1263 1535 1327 1598 iam
1349 1535 1419 1598 dies
1441 1535 1615 1620 mitigarit.)

476 1630 609 1692 XXXII.
633 1629 822 1693 conservate
845 1630 939 1712 igitur
961 1630 1007 1693 rei
1029 1629 1190 1711 publicae,
1212 1628 1352 1703 iudices,
1374 1631 1474 1694 civem
1492 1630 1647 1694 bonarum
1667 1649 1717 1694 ar·

393 1727 489 1799 tium,
517 1724 670 1787 bonarum
700 1723 856 1805 partium,
884 1723 1041 1786 bonerum
1063 1723 1212 1785 virorum.
1251 1723 1400 1786 Promitte
1421 1722 1484 1786 boc
1506 1723 1595 1786 vobis
1617 1730 1651 1786 et
1670 1725 1717 1786 rei

392 1819 539 1902 publicae
567 1817 726 1900 spondeo,
756 1816 899 1880 simodo
922 1837 980 1880 nos
1005 1818 1066 1899 ipsi
1090 1816 1136 1879 rei
1165 1817 1312 1898 publicae
1342 1818 1418 1880 eatis
1446 1816 1599 1896 fecimus,
1626 1839 1717 1881 num·

393 1933 487 1997 quam
509 1912 594 1974 bunc
615 1931 634 1974 a
656 1909 772 1974 nostris
794 1910 970 1974 rationibus
994 1913 1169 1974 seiunctum
1189 1909 1267 1973 fore.
1302 1910 1396 1986 Quod
1412 1931 1481 1974 cum
1495 1910 1596 1975 fretus
1610 1919 1717 1975 nostra

355 2005 601 2070 refamilieritate
623 2004 869 2088 promittebam
891 2005 976 2089 qued
992 1992 1225 2066 durissimisse
1247 2007 1314 2087 ipse
1337 2004 1460 2086 legibus
1479 2006 1541 2070 iam
1556 2006 1716 2089 obligavit.

391 2096 442 2163 78.
464 2101 537 2162 Non
559 2098 643 2161 enim
665 2102 785 2179 potest,
808 2098 864 2180 qui
884 2098 1045 2162 bominem
1067 2097 1281 2171 consularem,
1303 2098 1390 2184 quod
1408 2099 1448 2160 ab
1463 2118 1501 2162 eo
1523 2119 1591 2164 rem
1612 2098 1717 2183 publi·

391 2215 460 2259 cana
481 2193 631 2259 violatam
653 2188 791 2265 diceret,
814 2192 847 2254 in
867 2193 1018 2256 iudicium
1039 2191 1177 2267 vocarit,
1198 2192 1269 2274 ipse
1290 2212 1360 2255 esse
1381 2193 1417 2254 in
1437 2212 1472 2256 re
1492 2193 1620 2277 publiea
1638 2193 1716 2256 ciris

390 2290 606 2354 turbulentus:
628 2305 693 2348 non
715 2292 834 2368 potest,
857 2287 912 2370 qui
934 2285 1054 2350 ambitu
1075 2305 1115 2347 ne
1138 2286 1317 2350 absolutum
1335 2285 1465 2369 quidem
1486 2287 1624 2369 patiebar
1643 2305 1715 2350 esse

390 2383 585 2454 absolutum,
617 2379 686 2461 ipse
712 2380 841 2462 impune
863 2399 1014 2464 umquam
1035 2399 1105 2442 esse
1127 2379 1268 2462 largitor.
1308 2378 1411 2442 Habet
1431 2399 1451 2442 a
1470 2381 1513 2444 ld
1536 2380 1642 2444 Caelio
1662 2399 1715 2443 res

242 2477 256 2568 ᾗ
351 2478 532 2561 republica,
554 2472 690 2546 iudices,
713 2473 791 2536 duas
813 2474 1029 2537 accusationes
1052 2473 1103 2537 vel
1125 2472 1253 2562 obsides
1282 2472 1413 2558 periculi
1434 2473 1485 2538 vel
1507 2477 1639 2558 pigriora
1660 2496 1716 2538 ro·

388 2573 528 2636 luntatis.
563 2567 670 2643 Quare
692 2586 747 2629 oro
771 2569 976 2650 obtestorque
999 2587 1074 2642 ros,
1100 2567 1239 2642 iudices,
1260 2575 1297 2630 ut
1318 2587 1380 2651 qua
1401 2569 1582 2632 incivitate
1603 2569 1715 2651 paucis

388 2666 437 2730 bis
460 2665 571 2730 diebus
594 2661 668 2725 Sex.
692 2660 821 2726 Clodius
844 2661 1007 2725 absolutus
1030 2661 1085 2736 sit,
1115 2681 1210 2744 quem
1233 2680 1289 2724 vos
1318 2681 1375 2744 per
1395 2661 1560 2725 biennium
1581 2669 1636 2727 aut
1656 2663 1714 2726 mi·

386 2761 520 2824 nistrum
548 2755 711 2820 seditionis
739 2765 795 2818 aut
824 2757 935 2819 ducem
966 2754 1107 2828 vidistis,
1141 2757 1195 2839 qui
1223 2756 1318 2818 aedes
1346 2775 1467 2829 sacras,
1497 2755 1553 2838 qui
1582 2775 1714 2820 censum

386 2853 495 2938 populi
517 2849 666 2923 Romani,
689 2850 743 2930 qui
767 2850 949 2914 memoriam
963 2848 1119 2931 publicam
1135 2849 1201 2912 suis
1217 2849 1362 2912 manibus
1377 2848 1531 2924 incendit,
1552 2849 1713 2913 bominem

347 2947 529 3020 resipere,
552 2943 622 3006 sine
643 2943 724 3018 fide,
747 2944 815 3007 sine
830 2964 904 3026 spe,
928 2945 995 3006 sine
1012 2940 1099 3017 sede,
1122 2943 1191 3006 sine
1212 2943 1357 3016 fortunis,
1380 2963 1445 3017 ore,
1467 2942 1585 3026 lingua,
1606 2963 1712 3018 manu,

384 3040 449 3104 vita
479 3039 565 3102 omni
590 3037 808 3121 inquinatum,
840 3039 895 3122 qui
919 3037 1022 3100 Catuli
1045 3046 1282 3102 monumentum
1302 3037 1430 3113 altlinit,
1458 3057 1562 3101 meam
1582 3036 1712 3101 demum

384 3131 494 3208 diruit,
517 3133 579 3197 mei
599 3129 702 3194 fratris
724 3130 882 3208 incendit;
906 3131 961 3216 qui
982 3132 1016 3193 in
1037 3132 1157 3195 Palatio
1177 3140 1275 3217 atque
1296 3132 1329 3194 in
1351 3130 1440 3195 urbis
1462 3131 1562 3194 oeulis
1583 3130 1713 3195 servitia

384 3225 425 3288 ad
447 3227 577 3290 eaedem
599 3231 630 3286 et
651 3223 907 3288 inflammandam
922 3224 1032 3288 urbem
1048 3225 1208 3289 incitavit:
1231 3225 1264 3286 in
1279 3225 1338 3288 bac
1353 3224 1480 3288 civitate
1495 3245 1535 3288 ne
1548 3223 1710 3308 patiamini

384 3319 475 3382 illum
496 3318 673 3382 absolutum
695 3319 839 3380 muliebri
861 3320 981 3401 gratia,
999 3320 1052 3382 ot.
1076 3319 1217 3382 Caelium
1239 3318 1363 3381 libidini
1385 3317 1530 3381 muliebri
1551 3317 1711 3382 condona·

347 3420 467 3489 aetum,
499 3433 540 3475 ne
568 3410 679 3474 eadem
707 3411 819 3474 mulier
845 3433 917 3474 cum
944 3432 1002 3475 suo
1034 3413 1170 3495 coniuge
1201 3419 1233 3476 et
1259 3412 1354 3476 fratre
1376 3421 1408 3476 et
1428 3413 1645 3496 turpissimam
1664 3411 1710 3475 la·

383 3514 506 3571 tronem
535 3506 689 3588 eripuisse
719 3515 751 3568 et
777 3504 1036 3570 honestissimum
1064 3505 1298 3570 adolescentem
1328 3507 1526 3590 oppressisse
1555 3506 1709 3572 rideatur.

323 3649 330 3664 .
384 3595 435 3662 79.
452 3599 544 3676 Quod
565 3619 638 3662 cum
660 3600 755 3663 buius
769 3600 860 3663 vobis
875 3598 1123 3664 adelescentiam
1138 3601 1385 3684 proposueritis,
1406 3603 1622 3667 constituitote
1637 3607 1708 3667 ante

206 1021 293 1109 Μ’

451 3868 474 3915 4.
492 3866 520 3914 io
535 3863 573 3912 bis
588 3863 640 3910 444444
656 3863 690 3911 P:
714 3861 768 3910 iem
783 3860 811 3910 io
826 3861 864 3910 bis
880 3862 930 3912 EG
948 3889 976 3899 -
1001 3863 1026 3912 2.
1046 3863 1147 3913 4444444444
1164 3861 1183 3913 Ε
1203 3889 1230 3898 -
1250 3865 1273 3913 3.
1292 3864 1434 3927 emineant
1450 3864 1480 3912 S:
1503 3864 1629 3927 4444444444
1643 3861 1706 3921 PE;

384 3941 540 4004 sipotfleoter
556 3941 577 3988 G
597 3963 624 3971 -
643 3937 667 3987 4.
686 3938 775 3987 ostelia
792 3934 820 3987 Ρ1
840 3964 866 3973 -
886 3939 910 3988 6.
928 3938 1058 4001 efflorescit
1074 3940 1106 3988 S:
1121 3939 1251 4003 ..4444444444
1267 3940 1398 3999 Pteratne
1415 3939 1585 4003 ecflorescit„
1602 3936 1709 4003 {toroeeit

385 4015 435 4065 EG
450 4041 471 4052 -
494 4015 518 4065 7.
538 4011 675 4077 4444444444
691 4013 724 4062 Ε;
744 4013 886 4074 offmeisse
902 4014 944 4073 P¹;
963 4015 1087 4078 effecisse
1102 4013 1203 4073 P²G0;
1222 4014 1256 4064 ct.
1274 4014 1308 4063 ad
1325 4013 1340 4077 5
1357 4013 1397 4064 43.
1418 4039 1446 4048 -
1465 4014 1490 4063 8.
1507 4012 1643 4063 multila
1657 4012 1709 4062 44444

384 4089 494 4154 scripsi:
518 4088 654 4138 4444444444
673 4089 712 4137 eie
735 4089 794 4138 CO.
825 4089 998 4151 «asyndeton
1019 4089 1170 4141 bimembro
1192 4089 1245 4139 boc
1261 4087 1370 4152 quidem
1387 4086 1445 4138 loco
1461 4089 1524 4140 terri
1540 4101 1594 4139 nen
1609 4089 1706 4154 potest.

368 4165 508 4228 ‘Suspicor
525 4175 609 4227 paene
626 4164 666 4212 4444
682 4164 770 4214 ortum
787 4176 846 4214 esse
864 4176 897 4213 ex
914 4162 1011 4216 ultimis
1028 4164 1110 4216 literis
1126 4162 1250 4214 vocabuli
1265 4163 1427 4212 4444444440.»
1444 4164 1554 4215 mere.
1573 4188 1601 4202 -
1619 4162 1708 4228 feroci·

384 4245 422 4289 tos
438 4239 525 4289 PEG:
541 4239 659 4301 [4444444444
672 4240 813 4302 pertinacia
830 4240 874 4290 SO
886 4266 910 4277 -
933 4241 972 4290 40.
985 4240 1149 4304 assemsum
1166 4252 1227 4290 nos:
1247 4239 1458 4302 deseuwrlotP3
1476 4237 1706 4303 desmointlido

386 4315 482 4364 -iam
497 4326 565 4374 eeu,
582 4315 636 4364 iem
653 4316 703 4364 dies
720 4315 828 4366 Rarius:
848 4315 900 4364 iam
916 4315 965 4365 44444
1013 4316 1064 4366 dies
1080 4318 1099 4366 P
1113 4315 1171 4379 (sed
1187 4316 1214 4365 le
1230 4317 1257 4365 in
1273 4315 1365 4365 temet
1379 4315 1429 4364 isto
1446 4316 1536 4368 iuras.
1549 4315 1629 4376 m.t;
1647 4314 1708 4379 post

383 4389 432 4438 tato
448 4390 490 4439 est
504 4389 620 4453 spatium
636 4391 774 4450 vacuumt;
796 4390 849 4439 iem
864 4392 915 4440 eto
930 4391 982 4440 dios
997 4391 1081 4449 EGS;
1104 4391 1157 4441 44444
1172 4404 1224 4453 res,
1246 4391 1301 4440 tom
1320 4391 1371 4440 4444
1386 4389 1420 4449 0;
1443 4389 1476 4440 et.
1494 4404 1521 4455 p.
1540 4391 1599 4453 tlt,
1615 4389 1658 4441 28.
1676 4413 1705 4424 -

384 4463 424 4512 44.
436 4461 556 4512 bonorum
571 4476 670 4513 4444444444
681 4465 788 4514 Weiske
803 4467 909 4528 praeter
921 4466 1147 4516 necessitatem-
1162 4466 1201 4517 43.
1213 4465 1403 4528 satisfacerem
1415 4465 1436 4516 E
1447 4464 1529 4529 solus,
1542 4465 1616 4531 quod
1631 4476 1707 4531 prae-

385 4536 435 4586 lert
445 4537 662 4601 Wesenbergius.
676 4564 703 4575 -
723 4538 764 4590 tl.
778 4545 836 4601 quot
851 4554 908 4590 cum
924 4541 984 4590 P-
1004 4541 1044 4591 46.
1062 4555 1112 4591 ooo
1125 4542 1157 4592 C:
1176 4542 1286 4604 moeso
1302 4567 1329 4576 -
1349 4541 1389 4591 47.
1407 4542 1435 4590 io
1449 4541 1570 4592 4444444444»
1584 4554 1638 4592 om.
1655 4539 1707 4591 Ee

387 4638 414 4648 —
426 4612 547 4662 4444444444
562 4625 612 4664 esse
628 4613 752 4666 Lamb-
770 4615 811 4666 48.
828 4615 943 4678 potietur
953 4616 1159 4680 Wesenbergius
1177 4620 1215 4682 (et
1229 4621 1291 4683 post
1304 4631 1367 4669 eom
1385 4619 1456 4670 Balce
1474 4620 1501 4669 et
1516 4617 1613 4681 Klotslz
1630 4617 1707 4668 44444444

384 4685 432 4735 PE
446 4687 490 4744 G¹;
510 4688 555 4738 dot
571 4690 612 4749 G²;
628 4691 728 4752 4444444444
744 4689 799 4740 SO.
822 4689 860 4740 Ct.
873 4689 958 4742 bladv.
972 4705 998 4754 p.
1011 4689 1068 4742 409.
1082 4717 1109 4728 -
1131 4694 1170 4744 ro.
1188 4694 1280 4756 4444444444
1295 4697 1314 4745 Ρ
1328 4718 1356 4730 -
1376 4707 1394 4744 o
1410 4696 1438 4745 P.
1456 4695 1484 4744 in
1500 4705 1553 4744 ras.
1570 4690 1662 4744 babet.
1675 4717 1704 4727 -

384 4759 1146 4828 tl.epeoerqoeP—eoeem.E-paecoeinrss.
1165 4767 1254 4819 babet.
1276 4768 1707 4820 -saeteemleEe-eos·

383 4832 431 4883 44444
447 4836 467 4885 P
484 4835 541 4898 (sed
558 4850 573 4886 o
589 4837 616 4887 tn
633 4840 711 4902 ras),
730 4839 805 4889 celius
820 4841 870 4891 EG
882 4867 909 4876 -
928 4840 970 4890 23.
987 4841 1134 4892 sedelocum
1150 4843 1170 4892 E
1189 4869 1216 4879 -
1235 4845 1304 4894 444444
1320 4845 1411 4894 PG-
1428 4843 1470 4896 44.
1483 4841 1568 4894 verba
1583 4841 1706 4893 4444444444

383 4911 435 4960 stoc
451 4923 479 4961 44
489 4936 526 4950 --
536 4912 695 4975 memnonem
712 4916 849 4968 Garatonio
868 4920 928 4981 post
943 4916 1134 4968 decemoidietis
1150 4916 1346 4982 transponenda
1357 4917 1490 4969 videntum.
1506 4945 1534 4955 -
1551 4919 1593 4970 26.
1605 4916 1707 4982 addiscit

384 4985 403 5034 P
422 5010 448 5020 —
468 4985 508 5036 28.
527 4991 551 5036 et
566 4988 601 5038 od
616 4989 822 5054 iottoeieoeodem
837 4993 916 5043 Bake.
937 5014 965 5027 —
983 4991 1078 5057 urbem]
1094 4993 1223 5043 4444444444
1239 4995 1268 5043 e.
1293 4992 1333 5043 Ct.
1350 5005 1407 5044 var.
1425 4992 1487 5044 lect.
1505 4991 1541 5045 ad
1556 5006 1583 5058 p.
1602 4992 1660 5053 744,
1679 4992 1703 5042 4.

383 5087 417 5096 -
431 5061 459 5109 to
474 5061 522 5111 beo
538 5063 576 5112 C:
594 5062 621 5112 io
637 5075 668 5112 ee
685 5064 718 5124 0;
736 5063 769 5114 ct.
787 5064 802 5129 5
819 5067 850 5117 70
868 5069 895 5117 et
910 5065 997 5117 bladv.
1016 5066 1052 5116 de
1067 5067 1139 5118 Fine.
1158 5081 1184 5130 p.
1203 5066 1260 5118 sot.
1275 5092 1302 5105 -
1322 5067 1362 5118 29.
1380 5067 1485 5120 lubidini
1500 5070 1520 5120 P
1533 5094 1561 5106 -
1578 5065 1706 5119 muliebris

383 5137 416 5196 P;
433 5136 545 5186 mie-ir
561 5138 578 5187 S
595 5136 650 5189 etl
664 5137 763 5189 Oxonn.
779 5166 806 5176 -
824 5140 865 5191 30.
883 5145 907 5192 44
922 5141 1091 5204 turpissimus
1101 5141 1185 5192 Bake:
1204 5147 1228 5193 et
1243 5154 1298 5192 om.
1310 5142 1389 5193 eedd.
1403 5143 1462 5195 eto
1475 5169 1502 5180 -
1522 5143 1562 5195 ³2.
1574 5142 1705 5195 constiteri-

382 5213 431 5261 4444
446 5209 538 5262 PEG:
556 5211 719 5265 4444444444444
732 5211 801 5264 uobis
816 5214 870 5266 So.
897 5214 1026 5268 Wesenb.
1044 5214 1146 5267 oontert
1162 5227 1202 5267 or.
1218 5227 1246 5281 p.
1264 5215 1349 5270 Deiot.
1367 5213 1383 5282 i
1399 5217 1432 5270 io
1448 5220 1477 5272 et
1491 5215 1557 5272 Pbll.
1569 5218 1602 5284 11,
1615 5215 1632 5284 i
1644 5216 1699 5271 rto.
