4009 6159
669 575 862 642 mucuns
882 573 936 640 ET
959 571 1228 639 conuiuarum.
1530 560 1613 631 6633

292 746 427 798 dationem
447 746 582 810 Keysesus
606 745 641 796 ite
662 742 772 809 probat,
798 744 829 794 ut
848 742 888 794 sio
907 743 999 793 temen
1019 739 1145 807 supplere
1166 738 1257 792 malit:
1282 734 1613 799 comminuentem

292 832 424 892 omniun
439 833 491 882 cet
517 827 715 881 strennuum
731 829 773 879 est
788 829 819 879 ut
832 840 912 890 neque
926 826 966 877 sio
982 828 1057 877 recte
1073 824 1176 877 dicetur
1192 824 1249 875 eins
1265 821 1323 875 loco
1340 820 1413 887 quod
1424 822 1517 873 Cicero
1528 816 1611 871 solet:

291 915 323 966 66
337 928 369 966 se
383 915 411 965 in
428 915 540 965 66666666
557 915 657 977 pssidene
672 926 697 975 p.

357 998 372 1062 5
389 999 446 1050 tat.
464 1012 491 1063 p.
510 999 552 1061 63,
569 1000 593 1049 7.
611 996 694 1051 scrib.
712 995 746 1047 ab
760 996 835 1048 istis
850 996 1001 1059 opprisniw
1017 994 1068 1057 (11.)

356 1082 447 1147 5663.
464 1097 492 1148 p.
510 1082 552 1144 63,
570 1082 612 1135 66.
630 1081 753 1144 66666666
769 1080 837 1131 coni.
855 1080 971 1131 Weiske.

357 1167 372 1231 5
389 1166 447 1217 666.
466 1179 493 1231 p.
511 1166 556 1230 66,
575 1167 615 1218 ts.
633 1179 683 1228 pue
697 1165 780 1227 modo]
798 1166 872 1215 recte
883 1164 987 1216 Ernesti
1003 1176 1053 1226 quo
1068 1174 1150 1223 more,
1169 1162 1197 1212 ut
1214 1160 1278 1211 item
1294 1170 1321 1224 p.
1334 1157 1391 1220 367,
1404 1157 1437 1207 ss
1448 1168 1510 1209 cum
1522 1157 1614 1209 16666-

290 1250 370 1303 66616
386 1249 576 1315 satagendum
593 1251 648 1302 est:
666 1263 715 1313 pue
730 1247 836 1300 neore?
852 1261 902 1311 pua
917 1247 991 1299 isere?
1008 1260 1057 1310 pue
1073 1244 1205 1309 6666666668

357 1334 372 1399 5
389 1334 446 1387 666.
464 1348 491 1399 p.
510 1335 552 1398 66,
569 1335 595 1385 6.
612 1335 661 1398 ipsi
676 1331 821 1385 delendum
838 1336 879 1383 est
896 1344 959 1383 cum
976 1334 996 1383 G
1015 1334 1042 1383 et
1057 1332 1118 1395 Lug.
1137 1330 1178 1383 66.
1192 1354 1219 1366 -
1239 1329 1263 1379 8.
1278 1327 1404 1391 pertinen
1419 1327 1479 1390 ing.
1493 1326 1535 1377 66,

356 1418 372 1483 5
390 1418 447 1469 636.
465 1432 492 1483 p.
511 1420 551 1481 66,
570 1419 610 1469 68.
627 1418 709 1469 mua
723 1416 814 1468 mutos
828 1416 940 1480 lurtisn
960 1416 1116 1479 imprudente
1130 1416 1159 1467 1..
1177 1413 1249 1465 Sutia
1264 1411 1413 1463 6666666666
1428 1410 1498 1463 6661.
1515 1411 1535 1461 1.
1552 1411 1614 1463 lee-

290 1504 351 1569 pius
368 1504 404 1568 (in
420 1502 513 1555 litteris
530 1502 565 1555 66
581 1516 630 1555 666
647 1502 724 1566 datis)
742 1504 771 1553 et
785 1502 934 1565 Kayserus,
952 1498 995 1551 ilie
1013 1498 1122 1563 quidem
1140 1497 1198 1550 coil.
1218 1511 1244 1563 p.
1263 1496 1325 1558 666,
1344 1496 1369 1549 6.

355 1586 446 1652 5636.
465 1601 491 1653 p.
509 1588 556 1648 66,
574 1589 599 1639 7.
622 1585 805 1638 1666666666
831 1588 907 1637 erent
926 1582 1085 1637 scholiastae
1107 1581 1191 1634 verbe
1215 1580 1330 1645 praviter
1351 1580 1453 1631 uitiata:
1481 1580 1613 1632 «Maxime

289 1674 363 1723 metu
383 1673 414 1723 at
434 1669 534 1723 sultam
555 1669 665 1724 scilicet.
684 1671 789 1722 6661666
807 1673 907 1721 umen.
933 1669 965 1720 Et
980 1668 1017 1719 eit
1033 1680 1078 1731 se,
1096 1666 1123 1719 id
1140 1668 1183 1719 est
1196 1665 1377 1731 suspicionem
1394 1677 1473 1717 susm
1489 1664 1516 1715 in
1533 1661 1615 1716 elium

289 1754 405 1809 deducit.
435 1756 491 1807 Hoc
513 1756 585 1807 enim
601 1753 709 1807 dicebat
726 1755 931 1818 Chrysogonus:
955 1754 1013 1805 Non
1033 1752 1108 1804 timui
1125 1765 1160 1803 ne
1177 1750 1242 1803 mihi
1259 1748 1414 1802 tollerentur
1428 1748 1500 1801 bonu
1516 1749 1613 1810 Roscii,

289 1840 350 1891 ideo
367 1840 425 1892 eius
441 1840 550 1905 praedia
567 1839 707 1904 dissipavi,
725 1839 774 1891 sed
785 1839 847 1904 quie
865 1836 1053 1898 6661666666,
1072 1836 1098 1888 16
1109 1837 1283 1888 Veientonem
1297 1834 1358 1885 ideo
1370 1832 1404 1885 66
1413 1834 1457 1885 616
1467 1830 1614 1885 transtuli.»

289 1925 362 1975 iinec
377 1925 418 1977 sic
433 1924 490 1975 iere
506 1923 663 1988 corrigenda
679 1923 818 1975 uidentur:
838 1922 953 1973 Maaisne
973 1922 1077 1973 mand:
1103 1919 1201 1972 suitam
1221 1918 1335 1980 scilicet;
1359 1917 1498 1970 deridebat
1515 1920 1613 1969 661666.

290 2009 323 2059 iit
337 2010 374 2060 eit
388 2022 427 2071 se,
446 2008 472 2060 id
490 2013 543 2070 666,
561 2009 742 2074 suspicionem
759 2020 836 2059 suem
852 2008 880 2058 in
896 2004 976 2057 611666
992 2006 1109 2057 deducit.
1137 2006 1192 2056 Hoc
1210 2005 1281 2055 enim
1292 2002 1399 2055 dicebat
1409 2002 1613 2067 chrysogonus:

288 2094 346 2145 Nou
363 2092 436 2157 quod
452 2094 528 2144 timui
545 2095 597 2144 cet.
617 2119 645 2131 -
665 2095 705 2145 66.
724 2093 813 2142 666116
829 2092 924 2142 Bruttis
940 2103 973 2141 ex
988 2090 1087 2141 Brittiis
1103 2092 1161 2143 orte
1177 2089 1295 2150 videtum
1314 2102 1339 2138 v.
1357 2088 1392 2139 66
1408 2100 1435 2153 p.
1453 2086 1515 2149 666,
1533 2085 1575 2138 36.

354 2176 430 2241 5633
445 2190 471 2243 p.
484 2178 524 2240 66,
538 2179 570 2229 66
585 2183 613 2228 ut
629 2178 672 2240 pai
684 2181 871 2240 praetereumtes
883 2188 1034 2239 praeconem
1048 2174 1180 2226 enuntiare
1189 2173 1324 2225 audiebant
1335 2173 1403 2223 coni.
1414 2172 1613 2224 Mommsenius.

355 2260 370 2325 5
387 2261 435 2311 639
451 2274 478 2326 p.
497 2262 539 2324 68,
557 2263 572 2312 7
589 2261 671 2313 scrib.
688 2261 768 2312 nostri
783 2260 839 2311 iiii
854 2260 953 2310 nabitu.
971 2260 1024 2325 (11.)

355 2344 432 2410 5661
453 2358 480 2410 p.
499 2346 544 2408 68,
562 2346 590 2397 61
614 2358 698 2409 posse,
722 2345 793 2409 quod
815 2343 929 2395 uerbum
951 2343 985 2394 66
1009 2342 1065 2394 otiis
1087 2341 1165 2394 codd.
1184 2340 1274 2403 abest,
1298 2339 1398 2393 inediis
1415 2338 1503 2393 locum
1519 2342 1613 2402 mutet,

288 2428 506 2495 supptementum
526 2430 626 2481 veteris
648 2428 759 2482 1666666
782 2442 843 2481 esse
860 2430 986 2494 apparet,
1009 2440 1078 2492 quae
1095 2428 1134 2479 sic
1155 2426 1241 2492 potius
1259 2424 1390 2492 explenda
1406 2424 1525 2476 videtur:
1549 2427 1615 2487 quod

288 2515 399 2578 sperauit
414 2527 466 2566 sese
483 2516 554 2578 apud
568 2515 631 2566 teies
644 2515 713 2566 obes
728 2515 825 2577 aiipuid
840 2513 1011 2564 valiturum
1028 2513 1062 2563 ad
1075 2512 1211 2576 perniciem
1226 2510 1369 2563 innocentis.
1385 2536 1411 2546 -
1430 2511 1471 2562 66.
1490 2508 1550 2562 tort.
1571 2510 1615 2560 ld-

287 2600 386 2651 oiroone
407 2600 550 2651 excitata
566 2602 618 2652 cet.
636 2626 669 2637 -
689 2597 730 2650 66.
749 2600 776 2650 16
795 2598 927 2663 scriptum
943 2596 1067 2649 codicum
1084 2595 1149 2647 bona
1163 2595 1279 2660 fortuna
1294 2599 1437 2665 pestemque
1452 2593 1557 2659 (assuas
1572 2599 1614 2645 at-

287 2682 346 2748 pue)
365 2688 466 2735 nosnos
484 2683 604 2748 Kaysero
627 2683 733 2735 tertium
755 2683 950 2735 substantivum
970 2680 1054 2732 tatere
1077 2679 1196 2731 videtur:
1218 2679 1296 2740 bona,
1318 2679 1435 2743 (ortum
1449 2678 1615 2744 possessio·

287 2780 399 2831 respue
415 2772 514 2819 neuras
531 2766 591 2819 coll.
609 2780 636 2833 p.
656 2768 735 2819 Coeo.
754 2768 769 2832 5
786 2768 833 2819 76;
852 2767 930 2828 bona,
947 2767 1064 2831 fortunae
1078 2765 1286 2829 possessionesque
1302 2764 1421 2815 onsniun.

354 2852 370 2917 5
387 2850 435 2904 666
451 2866 479 2917 p.
492 2852 533 2913 68,
547 2852 579 2903 36
595 2853 786 2905 116666666166
803 2851 943 2904 emendet:
961 2851 1003 2903 itte
1018 2849 1214 2913 inprobusimus
1225 2848 1376 2914 ctepnpont
1390 2848 1492 2913 saum,
1510 2848 1554 2913 pai
1569 2848 1616 2899 sibi

289 2937 400 2989 66666116
411 2937 536 2988 rationem
546 2938 758 2988 communicatam
770 2941 858 3000 putat,
876 2948 942 2987 cuns
958 2935 1113 2997 insuitur,
1130 2932 1163 2984 66
1175 2933 1461 2997 noospbndoreoasuas
1469 2937 1614 3001 66666666·Ο

353 3030 434 3096 5663
450 3044 478 3096 p.
495 3031 541 3093 76,
559 3032 570 3081 6
591 3031 652 3083 tort.
669 3043 742 3094 puen
762 3031 789 3081 in
809 3031 892 3081 166666
910 3043 966 3081 rssn
982 3028 1111 3092 patticam
1125 3032 1291 3080 coniurans
1304 3028 1409 3092 putitiu
1429 3040 1492 3079 nem
1508 3026 1613 3081 uidetur

284 3129 333 3180 per
348 3118 437 3179 sivep
454 3127 516 3166 cum
532 3113 602 3167 11666
619 3117 681 3180 post
695 3130 718 3167 r.
736 3128 764 3179 p.
783 3128 817 3167 ex
832 3114 1009 3179 dittographis
1026 3116 1115 3165 ortum
1132 3125 1207 3174 esse,
1226 3111 1259 3163 ci.
1277 3124 1305 3178 p.
1322 3112 1386 3177 887,
1403 3113 1429 3165 6.
1446 3111 1505 3175 866,
1523 3113 1563 3164 66.

352 3238 403 3285 pro
416 3227 518 3275 1666616
532 3227 677 3275 comodo
700 3218 715 3283 5
732 3219 747 3268 7
764 3231 792 3283 p.
809 3218 851 3279 76,
869 3218 884 3267 7
902 3220 963 3282 post
978 3216 1038 3267 ittae
1054 3214 1154 3267 excidit
1168 3220 1233 3266 sunt.

352 3304 401 3368 58
418 3317 445 3370 p.
463 3305 505 3366 76,
523 3303 555 3355 66
571 3308 632 3369 post
649 3302 714 3354 dices
730 3302 834 3366 signum
852 3300 1063 3365 interrogationis
1079 3299 1153 3365 ponit
1169 3300 1312 3364 iieyserus.

352 3389 367 3453 5
386 3390 413 3440 66
434 3401 461 3453 p.
479 3388 521 3450 76,
539 3389 551 3438 6
575 3388 604 3438 Si
623 3392 698 3451 paret
716 3387 759 3438 iis
778 3398 834 3437 rasa
853 3380 943 3437 deberi.
965 3385 1013 3436 Hic
1035 3385 1104 3435 coni.
1127 3384 1275 3449 66566666,
1297 3398 1323 3435 v.
1342 3384 1357 3436 3
1374 3390 1472 3437 metten
1491 3399 1542 3436 nen
1563 3396 1612 3452 pm

285 3478 382 3535 tarsen,
400 3486 425 3524 v.
444 3473 460 3524 8
477 3472 493 3537 5
510 3473 542 3523 66
557 3472 579 3522 si
592 3477 668 3535 paret
683 3470 765 3522 deberi
781 3471 840 3521 eius
856 3468 915 3521 ioco
932 3468 1005 3534 qnod
1022 3470 1107 3521 estin
1124 3467 1202 3521 codd.
1220 3469 1359 3533 ripoinus.

354 3558 369 3622 5
388 3555 419 3607 66
435 3570 462 3621 p.
480 3557 524 3616 76,
543 3556 575 3607 67
591 3554 656 3621 nene]
673 3556 744 3606 66666
762 3553 888 3607 emendet
904 3554 1062 3606 Huschkius.

353 3642 418 3706 566
435 3641 516 3705 pis,
535 3640 567 3690 63
584 3641 628 3703 put
644 3639 836 3704 quamobrem
852 3639 1086 3691 itoscuensisnitem
1102 3639 1141 3689 sari
1155 3640 1184 3689 tn
1198 3639 1613 3703 paumunottttaeoutinartt,

288 3726 351 3777 sitit
365 3727 465 3777 eiduur
479 3725 528 3775 sisi
542 3724 609 3789 sorte
625 3726 677 3776 666.
702 3724 744 3776 66
760 3724 830 3775 hano
846 3726 1019 3790 scripturam,
1038 3737 1107 3789 quse
1124 3725 1151 3775 in
1168 3722 1239 3775 66116
1257 3723 1349 3775 codice
1366 3726 1472 3789 roperta
1486 3727 1536 3785 est,
1556 3724 1614 3786 (66-

285 3809 353 3862 6666
369 3811 442 3861 enim
458 3808 611 3861 eaistiwit
625 3810 687 3859 ostii
699 3810 807 3871 uidetur)
819 3808 1016 3860 defendendam
1027 3808 1191 3860 advocentur
1206 3810 1365 3874 interpretes
1376 3808 1441 3859 Livii
1452 3808 1486 3859 sd
1498 3808 1574 3871 XXV,
1587 3808 1612 3871 7,
1646 3858 1651 3867 ,

285 3896 338 3947 666
355 3898 408 3958 666,
432 3895 541 3959 opinor,
563 3905 692 3958 perverse
711 3893 832 3944 Doucetii
853 3894 1007 3945 coniectura
1025 3892 1059 3945 de
1079 3891 1138 3944 ioco
1154 3905 1170 3943 6
1187 3893 1319 3944 Gronovio
1337 3907 1353 3945 e
1370 3892 1462 3944 codice
1479 3895 1613 3943 Putesneo

287 3982 315 4030 et
330 3978 388 4031 eliis
405 3978 510 4045 pridem
527 3978 658 4029 restituto.
685 3978 783 4042 opinor
798 3976 973 4029 scribendum
984 3990 1062 4030 csse:
1081 3977 1245 4038 6666166666,
1262 3978 1375 4029 anirum
1390 3978 1451 4029 niti
1460 3978 1567 4040 uidetur,
1585 3978 1615 4029 66

286 4062 386 4115 11666611
402 4062 496 4115 666166
513 4061 655 4115 aberrasse
671 4063 780 4126 putetur
796 4062 822 4113 in
839 4060 941 4126 6γ11666
957 4063 1002 4113 eni.
1020 4062 1129 4113 111666.

352 4149 368 4212 5
385 4149 417 4199 66
433 4162 461 4213 p.
479 4149 523 4210 78,
542 4147 582 4197 36.
606 4145 695 4197 Verba
719 4147 838 4209 Kaysero
854 4148 893 4198 sic
910 4146 1108 4212 transponenda
1125 4145 1261 4198 uidentur:
1284 4145 1412 4199 Docebat?
1427 4147 1503 4197 innuo
1519 4146 1547 4197 in
1562 4146 1614 4197 suis

286 4233 394 4284 remensis
409 4232 566 4283 versabatur.
593 4230 708 4297 sanast
725 4232 801 4283 666666
817 4232 925 4295 nepus
940 4236 1005 4283 erat.

352 4317 368 4382 5
384 4318 417 4367 66
432 4329 459 4381 p.
477 4317 518 4377 79,
538 4318 567 4367 17
583 4322 687 4381 propter
703 4317 913 4368 atrocitatem
928 4316 1041 4367 66666666
1057 4315 1125 4367 coni.
1144 4318 1279 4380 Kayser-ue
1295 4313 1355 4367 coil.
1372 4327 1400 4379 p.
1418 4315 1476 4377 666,
1493 4315 1534 4366 36.

352 4401 417 4467 536
432 4414 461 4466 p.
478 4401 519 4462 81,
541 4401 571 4451 67
594 4400 678 4452 verbe
698 4402 754 4453 isere
774 4402 886 4466 secem
906 4400 979 4451 nuti
999 4402 1117 4464 Kaysero
1139 4399 1270 4465 glossema
1290 4400 1416 4453 uidentur
1431 4402 1459 4451 et
1475 4412 1501 4451 v.
1519 4400 1548 4451 66
1567 4414 1613 4452 vv.

285 4487 309 4538 si
321 4488 352 4553 66
366 4486 412 4537 boc
426 4498 502 4547 oua,
520 4486 551 4535 ot
566 4487 609 4537 est
625 4486 652 4536 iu
669 4485 749 4538 codd.

353 4570 418 4636 536
434 4583 461 4635 p.
480 4569 526 4628 86,
545 4569 570 4620 6.
591 4570 727 4634 66666666
747 4569 855 4622 scribit:
881 4568 1011 4621 Nesciebat
1030 4570 1156 4621 Fannium
1177 4570 1264 4621 1666666
1285 4581 1335 4621 esse
1349 4568 1463 4621 sopiunt
1487 4568 1614 4621 Sciebat

282 4641 418 4720 6666666666
433 4656 485 4705 666.
504 4655 532 4705 66
553 4652 569 4718 5
587 4652 618 4705 37
634 4667 661 4706 v.
680 4653 726 4706 ts:
750 4655 773 4705 si
793 4668 845 4706 non
865 4655 920 4705 aiia
940 4655 1049 4707 oeuora
1071 4660 1094 4706 et
1115 4654 1229 4706 61666666
1246 4654 1293 4717 (66.
1311 4654 1476 4719 argumente)
1492 4654 1520 4705 in
1535 4667 1614 4707 casua

284 4741 409 4793 naborem

351 4825 367 4889 5
384 4824 416 4876 39
432 4836 459 4889 p.
477 4821 524 4883 83,
542 4822 558 4872 6
575 4822 699 4887 proponit
715 4820 806 4875 idem:
826 4824 892 4887 Ouid
907 4822 989 4875 tum?
1003 4837 1054 4875 non
1071 4824 1167 4875 6661666
1183 4822 1334 4885 monimen,
1352 4824 1394 4875 sed
1408 4822 1508 4874 initiasse
1523 4835 1613 4887 repro-

286 4910 410 4962 missionis
423 4910 537 4970 speetars
552 4905 709 4969 debemus,
732 4921 823 4971 66666,
845 4910 868 4959 si
888 4908 930 4960 iiie
948 4909 1216 4972 persequendum,
1239 4908 1306 4971 quod
1320 4908 1348 4959 is
1362 4920 1396 4960 re
1410 4907 1473 4971 istit,
1494 4922 1545 4959 non
1558 4921 1613 4972 pu-

288 4995 381 5055 tauit,
398 4990 610 5043 iudicabimus
627 4991 740 5042 itoscissn
755 5005 828 5055 suas,
844 5007 895 5044 non
911 4994 1035 5044 societatis
1051 4994 1105 5045 titos
1119 4992 1258 5043 redemisse.

354 5076 419 5143 566
436 5090 464 5141 p.
481 5075 527 5136 83,
545 5076 573 5127 36
593 5075 616 5125 si
632 5077 758 5140 enfide,
776 5078 883 5130 iudicem
897 5078 1023 5141 nenpsisti
1040 5077 1165 5129 emendet
1182 5078 1326 5143 Kayserus.

354 5161 419 5227 566
437 5174 463 5226 p.
482 5158 527 5222 86,
545 5160 587 5209 63.
612 5160 672 5223 (iuis
692 5161 759 5212 66166
780 5163 951 5227 deprecatum
972 5164 1076 5215 deomem
1094 5163 1215 5226 utitur,
1241 5162 1295 5224 uui
1315 5176 1366 5215 nen
1386 5162 1547 5214 conscientiae
1564 5163 1613 5229 fide

288 5244 475 5301 sannorum?
491 5244 560 5296 onai.
579 5242 662 5297 idem.
