4009 6159
692 609 763 674 on.
786 609 918 675 xxxn.
945 607 991 694 sc
1013 607 1164 673 rr-oo.
1502 601 1585 672 soar

273 777 382 842 oculos
410 778 505 842 etiam
533 777 629 843 huius
655 780 763 844 miseri
791 785 999 855 senectutem,
1029 780 1084 864 qui
1115 778 1177 842 hoc
1196 777 1291 842 unico
1312 773 1377 841 titio
1397 777 1523 853 nititur,
1553 779 1586 842 in

271 873 366 937 huius
388 893 444 955 spe
465 871 653 956 requiescit,
675 872 769 936 huius
791 875 884 938 unius
905 895 1012 938 casum
1033 874 1242 957 pertimescit:
1266 893 1360 956 quem
1379 891 1445 947 ros,
1465 871 1586 956 snppli-

273 987 339 1031 cem
361 974 483 1032 vestrae
503 966 745 1041 misericordiae,
765 987 889 1044 sergum
903 968 1077 1050 potestatis,
1099 967 1255 1031 abiectum
1267 986 1332 1030 non
1350 973 1414 1029 tarn
1428 965 1468 1028 ad
1486 965 1585 1047 pedes

273 1079 367 1143 mam
388 1059 428 1138 ad
450 1079 553 1123 mores
575 1081 749 1144 sensusque
770 1070 907 1137 vestros,
930 1061 979 1124 vel
1001 1061 1217 1125 recordatione
1231 1066 1396 1144 parentum
1410 1068 1585 1123 vanorum

271 1153 322 1216 vel
343 1154 513 1218 liberorum
535 1153 728 1218 iucunditate
749 1162 937 1230 sustentate,
959 1162 994 1218 ut
1015 1157 1048 1218 in
1070 1155 1198 1219 atterius
1219 1153 1327 1217 dolore
1341 1154 1391 1217 vel
1412 1155 1521 1238 pietati
1534 1153 1609 1218 vele

271 1237 487 1330 indulgentiae
509 1255 631 1312 vestrae
653 1248 805 1312 serviatis.
838 1249 961 1324 Nolite,
983 1248 1121 1324 indices,
1143 1255 1198 1311 aut
1217 1247 1302 1311 hunc
1317 1248 1504 1312 inmnatura
1519 1247 1586 1331 ipsa

272 1339 467 1404 occidentem
488 1342 570 1406 velle
591 1343 748 1412 maturius,
770 1343 928 1425 exstingui
948 1343 1080 1406 vulnere
1100 1349 1205 1404 vestro
1227 1361 1322 1425 quam
1343 1361 1402 1406 suo
1422 1340 1503 1416 fato,
1531 1348 1587 1403 aot

270 1435 354 1498 hunc
386 1457 468 1500 nunc
490 1436 626 1519 primum
648 1437 881 1510 florescentem,
910 1437 1033 1502 firmata
1053 1438 1115 1501 iarn
1137 1435 1234 1517 stirpe
1255 1436 1396 1512 virtutis,
1426 1443 1585 1518 nmquam

271 1529 396 1593 turbine
418 1530 526 1613 aliquo
548 1538 601 1594 aut
621 1531 724 1594 subita
745 1538 927 1613 tempestate
949 1538 1138 1612 pervertere.
1181 1526 1232 1592 80.
1254 1529 1443 1594 Conservate
1464 1527 1586 1612 parenti

271 1618 386 1698 filium,
415 1629 579 1706 parentem
605 1623 690 1699 filio,
719 1644 759 1688 ne
786 1633 841 1690 aut
868 1630 1062 1688 senectutem
1089 1623 1154 1686 iam
1174 1643 1273 1708 prope
1293 1623 1490 1706 desperatam
1512 1642 1623 1687 con-to

271 1715 451 1797 tempsisse,
473 1723 528 1780 aut
542 1717 786 1781 adolescentiam
805 1717 928 1800 plenam
945 1718 1012 1800 spei
1026 1718 1181 1780 maximae
1196 1736 1262 1780 non
1275 1715 1369 1779 modo
1382 1737 1446 1780 non
1460 1716 1586 1790 aluisse,

271 1808 328 1870 sed
351 1810 444 1872 etiam
465 1811 637 1892 perculisse
659 1817 752 1893 atque
774 1810 926 1876 afflixisse
948 1810 1127 1874 videamini.
1161 1810 1264 1885 Quem
1284 1811 1313 1874 ei
1334 1810 1440 1885 nobis,
1462 1810 1488 1873 si
1509 1810 1586 1883 suis,

272 1903 299 1965 si
321 1901 368 1965 rei
389 1903 533 1985 publicae
556 1905 758 1980 conservatis,
776 1903 945 1979 addictum,
961 1903 1111 1978 deditum,
1126 1904 1309 1968 obstrictum
1324 1903 1414 1967 robis
1428 1923 1465 1966 ac
1479 1901 1587 1965 liberis

271 1996 384 2058 restris
405 1996 561 2061 habebitis
577 1999 783 2082 omniumque
804 1998 899 2062 huius
917 2017 1084 2061 nervorum
1098 2017 1135 2062 ac
1149 1997 1291 2061 laborum
1305 2017 1363 2061 ros
1378 1996 1587 2080 potissimum,

273 2089 409 2167 iudices,
431 2089 549 2156 fmctue
571 2092 684 2156 uberes
706 2093 934 2176 diuturnosque
957 2093 1098 2176 capietis.
1597 2111 1625 2160 rs

341 2398 366 2447 t.
383 2398 421 2448 att
437 2397 571 2448 literonon
586 2400 606 2449 Ρ
624 2423 652 2434 -
670 2397 816 2448 summae
831 2398 899 2448 coni.
916 2396 1034 2448 abrami.
1053 2421 1081 2434 -
1099 2395 1124 2446 7.
1141 2396 1255 2460 moos
1270 2397 1290 2446 P
1306 2421 1340 2433 -
1354 2408 1430 2459 quma
1446 2397 1480 2448 s:
1499 2409 1589 2459 poam

277 2473 450 2534 mamone
467 2499 494 2511 -
513 2474 642 2538 setosis:
661 2473 780 2537 sacto&
801 2473 866 2536 salso
883 2474 902 2522 P
919 2495 948 2508 —
971 2472 996 2522 8.
1015 2472 1219 2534 mouesaG-
1243 2471 1283 2521 tt.
1300 2470 1587 2523 consummes:

274 2547 364 2598 etaim
378 2561 423 2599 vos
437 2550 479 2599 sed
495 2551 570 2599 ettam
586 2550 614 2610 P,
633 2548 682 2600 sed
698 2549 806 2612 praeter
821 2545 921 2598 litteras
938 2545 1080 2611 etreliqua
1097 2548 1185 2598 omnia
1201 2547 1227 2597 in
1244 2559 1296 2598 res.
1315 2549 1343 2598 et
1356 2547 1452 2612 partim
1468 2559 1527 2612 snp.
1542 2544 1586 2598 lin.

272 2635 309 2672 m.
326 2623 342 2674 2
361 2625 458 2688 scripta
476 2625 549 2684 snut3
568 2623 633 2674 clais
648 2637 733 2674 seruos
748 2624 789 2673 sad
804 2623 839 2682 E3
864 2623 883 2671 G
901 2623 930 2671 ut
946 2621 976 2681 S,
999 2621 1047 2672 sed
1070 2620 1159 2672 addito
1174 2634 1220 2671 sos
1235 2634 1294 2687 sup.
1311 2619 1369 2682 ltu.;
1392 2622 1465 2672 aluo
1483 2633 1528 2670 vor
1547 2620 1589 2671 sod

275 2699 350 2748 ettam
366 2699 387 2749 0
403 2725 436 2736 -
453 2699 493 2749 tt.
509 2697 642 2760 peractos
658 2698 677 2747 P
694 2709 762 2747 corr.
781 2711 812 2747 ex
826 2695 966 2759 poenus..
981 2723 1009 2732 —
1026 2695 1096 2747 eobo
1112 2697 1147 2747 C:
1164 2697 1232 2747 cobis
1247 2698 1267 2746 0
1280 2723 1303 2732 -
1325 2697 1376 2747 sats
1391 2699 1411 2747 Ρ
1427 2698 1453 2747 in
1469 2709 1521 2747 res.
1539 2696 1588 2746 hn-

273 2770 329 2822 bet.
346 2799 374 2810 -
393 2774 433 2825 ⁴³.
452 2774 530 2825 Caelii
545 2774 573 2822 t'o
589 2773 656 2823 omns·
670 2773 724 2822 otto
740 2773 866 2824 erudiam
882 2771 1024 2823 obstrtctum
1038 2773 1107 2824 cobis
1119 2786 1151 2823 ac
1165 2773 1248 2824 Restm
1262 2774 1349 2823 oestro
1363 2771 1480 2824 moesus
1490 2786 1522 2822 ex
1533 2785 1589 2823 me·

274 2847 357 2896 moria
380 2845 457 2898 affert
478 2848 619 2900 Martianus
644 2845 748 2912 Capella
764 2847 799 2908 V,
818 2847 833 2910 5
851 2847 899 2897 505
921 2861 946 2911 p.
964 2846 1014 2899 434
1030 2849 1072 2898 ed.
1090 2849 1185 2914 Kopp„
1208 2862 1242 2898 ex
1257 2861 1310 2912 qno
1330 2847 1389 2899 loco
1407 2849 1547 2898 Garatonto
1561 2848 1589 2898 ts

271 2922 338 2971 omni
353 2921 407 2971 otto
423 2924 483 2985 post
500 2921 641 2972 obstrictum
658 2921 829 2974 inserendum
845 2922 959 2974 videtur.
972 2949 999 2958 -
1018 2925 1054 2975 u.
1072 2923 1145 2974 inum
1160 2923 1293 2976 Cremonis
1308 2937 1356 2975 rao
1371 2936 1459 2975 cremo
1473 2934 1589 2974 marcar

272 2997 304 3054 1³3
323 3005 441 3048 macron
455 3009 502 3049 rao
518 3009 591 3049 cmm
608 2997 637 3047 G.
923 2995 931 3015 '
