4009 6159
605 565 678 630 on.
699 563 1037 629 xxxiv-xxxvl
1063 561 1109 646 §s
1132 559 1276 627 ss-so.
1521 547 1603 618 tiss

284 746 384 803 terror
404 757 445 800 an
467 735 641 800 consularis
662 734 749 798 luror
770 693 895 824 meriti
917 736 1085 798 Decertare
1104 733 1181 798 mibi
1195 733 1279 798 ferro
1294 753 1442 816 magnum
1455 731 1514 795 luit
1528 749 1603 794 oum

283 832 426 915 reliquiis
452 850 585 905 eomm,·
607 849 688 912 quos
716 847 775 910 ego
797 829 945 892 florentes
966 836 1063 912 atque
1085 830 1224 912 integros
1245 828 1314 891 sine
1335 826 1419 890 terro
1440 825 1601 889 viceram?

284 924 436 989 Consules
462 931 536 1008 post
555 922 718 987 bominum
740 922 922 987 memoriam
944 924 1113 987 taeterrimi
1135 930 1231 1006 atque
1251 920 1441 1005 turpissimi,
1466 919 1548 982 sicut
1569 923 1601 978 et

281 1018 337 1084 illa
357 1018 511 1104 principia
532 1024 565 1082 et
585 1017 618 1080 bi
639 1023 781 1080 recentes
797 1036 903 1079 rerum
917 1016 1022 1080 exitus
1038 1015 1246 1092 declararunt,
1269 1035 1404 1100 quorum
1417 1015 1497 1078 alter
1511 1027 1602 1076 erer-

282 1114 378 1176 citnm
398 1111 552 1195 perdidit,
573 1110 654 1174 alter
673 1109 829 1185 vendidit,
852 1109 964 1193 emptis
987 1109 1159 1192 provinciis
1180 1129 1199 1172 a
1220 1117 1347 1184 senatu,
1369 1129 1389 1173 a
1408 1129 1444 1174 re
1465 1106 1628 1191 publicat

281 1205 413 1270 abonis
435 1205 581 1269 omnibus
603 1203 800 1268 deiecerant:
824 1205 878 1286 qui
902 1206 1059 1279 exercitu,
1082 1203 1137 1287 qui
1159 1204 1271 1277 armis,
1294 1203 1349 1286 qui
1370 1203 1483 1288 opibus
1505 1201 1605 1284 pluri·

281 1320 367 1363 mum
387 1305 548 1383 poterant,
570 1318 641 1362 cum
663 1295 740 1380 quid
761 1297 916 1361 sentirent
936 1299 1127 1371 nesciretur,
1155 1297 1278 1360 furialis
1298 1296 1354 1361 illa
1375 1317 1452 1371 vox,
1474 1293 1604 1360 nefariis

280 1395 399 1477 stupris
419 1393 576 1476 religiosis
598 1392 749 1455 altaribus
771 1391 966 1467 effeminata,
997 1411 1104 1456 secum
1126 1399 1159 1454 et
1185 1392 1258 1454 illos
1281 1398 1313 1455 et
1334 1391 1478 1454 consules
1499 1389 1603 1452 lacere

280 1488 482 1553 acerbissime
503 1487 709 1570 personabat;
732 1492 861 1568 egentes
883 1486 917 1547 in
939 1485 1130 1569 locupletes,
1152 1485 1265 1568 perditi
1289 1486 1321 1549 in
1342 1486 1453 1560 bonos,
1475 1483 1557 1547 servi
1570 1481 1604 1543 in

281 1583 426 1647 dominos
439 1581 650 1645 armabantur.
679 1577 730 1642 87.
746 1583 787 1643 llt
802 1585 869 1643 erat
889 1600 1015 1644 mecum
1037 1588 1163 1644 senatus
1179 1588 1210 1644 et
1225 1581 1353 1664 quidem
1368 1587 1455 1644 veste
1476 1581 1642 1650 mutata,⁴⁰
1741 1642 1757 1662 Α

282 1677 369 1762 qnod
396 1696 454 1759 pro
482 1687 532 1738 m'e
555 1694 618 1738 unc
641 1682 714 1757 post
733 1673 899 1738 bominum
920 1675 1103 1737 memoriam
1125 1674 1250 1756 publico
1271 1673 1403 1738 consilio
1425 1675 1605 1752 susceptum

281 1777 345 1834 est:
375 1769 433 1832 sed
461 1767 641 1842 recordare,
671 1769 730 1855 quj
753 1776 819 1831 tum
841 1767 959 1832 luerint
979 1769 1146 1832 consulum
1167 1769 1295 1832 nomine
1316 1769 1438 1841 hostes,
1468 1765 1523 1852 qui
1545 1763 1606 1826 soli
1719 1799 1723 1811 »

280 1867 315 1929 in
336 1864 395 1928 bec
415 1862 492 1926 urbe
514 1870 658 1926 senatum
681 1865 804 1927 senatui
826 1881 936 1946 parere
951 1881 1017 1925 non
1031 1863 1141 1926 sierint
1155 1861 1322 1946 edictoque
1337 1881 1394 1926 suo
1408 1879 1472 1924 non
1486 1860 1605 1922 luctum

281 1959 423 2045 patribus
445 1957 639 2040 conscriptis,
661 1959 718 2020 sed
733 1957 853 2022 indicia
866 1956 969 2020 luctus
983 1956 1169 2020 ademerint.
1201 1956 1243 2019 At
1257 1963 1323 2020 erat
1336 1973 1459 2019 mecum
1474 1958 1606 2016 cunctus

282 2058 430 2136 equester
444 2050 540 2114 ordo:
562 2070 658 2134 quem
674 2051 804 2134 quidem
826 2051 859 2113 in
882 2049 1083 2114 contionibus
1105 2049 1234 2114 saltator
1254 2049 1310 2114 ille
1327 2049 1479 2113 Catilinae
1494 2045 1643 2110 consulu

282 2144 523 2230 proscriptionis
545 2145 784 2208 denuntiatione
807 2144 951 2207 terrebat.
984 2142 1223 2207 Attonitum
1245 2149 1448 2207 convenerat:
1471 2140 1521 2204 cui
1537 2138 1606 2223 qui·

282 2243 355 2305 dem
384 2236 460 2302 belli
485 2238 629 2302 intestini
657 2245 689 2303 et
717 2237 871 2302 vastitatis
894 2244 995 2301 metus
1017 2235 1220 2301 inferebatur.
1264 2238 1408 2300 XXXVl.
1430 2237 1524 2300 Hisce
1546 2251 1606 2315 ego

282 2334 411 2417 auxiliis
434 2331 632 2396 studentibus
654 2338 749 2415 atque
764 2331 900 2395 incitatis
914 2333 961 2394 uti
976 2352 1045 2406 me,
1067 2331 1262 2405 Laterensis,
1285 2333 1428 2414 potuisse
1443 2325 1606 2408 confiteor,

283 2427 340 2493 sed
362 2435 430 2491 erat
451 2444 515 2487 non
537 2426 623 2500 iure,
645 2445 710 2490 non
724 2424 858 2508 legibus,
880 2444 945 2488 non
961 2425 1168 2508 disceptando
1184 2426 1424 2490 decertandum:
1446 2443 1518 2486 nam
1533 2438 1607 2506 pro·

280 2522 382 2596 lecto,
404 2520 589 2604 praesertim
609 2527 676 2582 tam
697 2519 780 2582 bona
803 2518 836 2580 in
858 2537 967 2592 causa,
984 2527 1180 2603 numquam,
1204 2537 1268 2602 quo
1289 2519 1385 2583 ceteri
1400 2537 1493 2602 saepe
1507 2515 1643 2579 abun-so

282 2617 411 2688 darunt,
433 2613 466 2675 id
488 2613 641 2695 mihiipsi
657 2613 812 2676 auxilium
826 2633 931 2675 meum
946 2611 1114 2676 defuisset:
1139 2613 1236 2676 armis
1249 2611 1319 2690 fuit,
1341 2613 1445 2686 armis,
1467 2611 1606 2693 inquam,

281 2709 342 2772 tuit
363 2707 593 2782 dimicandum,
617 2707 732 2790 quibus
754 2727 774 2770 a
795 2706 894 2770 servis
915 2713 1011 2789 etque
1033 2725 1230 2770 acervorum
1246 2706 1378 2770 ducibus
1394 2705 1522 2769 caedem
1536 2703 1606 2768 lieri

282 2808 408 2866 senatus
431 2809 464 2864 et
484 2801 639 2865 bonorum
660 2801 707 2864 rei
728 2800 875 2883 publicae
896 2800 1064 2863 exitiosum
1086 2801 1208 2864 fuisset.
1251 2797 1302 2862 88.
1319 2800 1409 2863 Vinci
1429 2805 1534 2862 autem
1549 2797 1607 2860 im-

282 2896 398 2980 probos
420 2913 440 2958 a
460 2895 553 2958 bonis
573 2894 676 2958 fateor
696 2894 795 2958 fuisse
817 2894 1031 2978 praeclarum,
1054 2897 1082 2958 si
1102 2895 1199 2958 finem
1222 2903 1288 2958 tum
1303 2891 1451 2957 vincendi
1464 2891 1605 2956 riderem

285 2988 393 3075 [quem
415 2988 554 3073 protecto
575 3007 641 3051 non
663 2986 832 3072 videbam}
876 2989 935 3051 Ubi
957 2989 1042 3052 enim
1065 2989 1142 3052 mibi
1164 2997 1290 3073 praesto
1311 2987 1447 3052 luissent
1467 2994 1522 3052 aut
1541 2993 1643 3050 nmio

281 3086 380 3149 fortes
410 3084 556 3147 consules
583 3103 679 3168 quam
708 3083 743 3158 L.
766 3083 926 3168 Opimius,
955 3102 1052 3167 quam
1075 3083 1108 3145 C.
1129 3084 1263 3158 Marius,
1291 3103 1386 3168 quam
1408 3083 1444 3147 L.
1466 3082 1606 3166 Flaccus,

284 3179 402 3263 quibus
431 3176 563 3242 ducibus
589 3178 750 3262 improbos
781 3178 865 3241 cives
894 3196 944 3240 res
965 3178 1092 3261 publica
1113 3177 1187 3242 vicit
1208 3177 1352 3253 armatis,
1377 3185 1431 3241 aut
1452 3177 1480 3241 si
1501 3177 1606 3240 minus

281 3274 396 3346 fortes,
426 3277 459 3334 at
487 3277 592 3334 tamen
624 3281 686 3335 tam
715 3271 791 3334 iusti
814 3290 909 3354 qnam
930 3270 965 3333 Ρ.
988 3272 1129 3347 Mucius,
1160 3273 1215 3356 qui
1237 3292 1336 3347 arma,
1365 3291 1446 3356 quae
1467 3273 1606 3355 privatus

282 3367 316 3430 P.
340 3366 446 3450 Scipio
468 3372 609 3449 ceperat,
641 3385 678 3428 ea
707 3366 755 3428 Ti.
778 3363 918 3429 Graccho
947 3365 1139 3450 interempto
1161 3368 1229 3430 iure
1251 3366 1370 3449 optimo
1392 3373 1515 3450 sumpta
1536 3384 1606 3428 esse

284 3459 452 3524 defendit?
482 3459 576 3522 Esset
604 3459 701 3540 igitur
721 3460 929 3542 pugnandum
951 3479 1023 3522 oum
1046 3460 1239 3524 consulibus.
1271 3459 1357 3522 Nihil
1378 3460 1449 3524 dico
1471 3459 1643 3543 ampliusue

282 3555 345 3618 nisi
366 3552 464 3617 illud:
493 3552 646 3616 victoriae
667 3560 796 3616 nostrae
818 3573 929 3636 graves
950 3553 1147 3618 adversarios
1169 3562 1311 3638 paratos,
1335 3553 1481 3618 interitus
1502 3554 1607 3618 nullos

282 3666 353 3712 esse
385 3648 508 3710 ultores
537 3646 694 3710 videbam.
737 3643 788 3708 89.
810 3648 906 3711 Hisce
936 3668 995 3731 ego
1026 3647 1154 3712 auxiliis
1183 3648 1294 3711 salutis
1323 3666 1411 3711 meae
1441 3646 1606 3711 si'idcirco

217 3801 222 3812 ,
283 3741 387 3816 defui,
414 3743 490 3825 quia
517 3740 605 3804 nolui
635 3741 799 3817 dimicare,
827 3741 962 3818 fatebor,
993 3743 1027 3807 id
1049 3742 1136 3826 quod
1158 3743 1222 3817 vis,
1250 3762 1315 3806 uon
1344 3742 1419 3807 mibi
1442 3741 1606 3814 auxilium,

287 3837 343 3900 sed
365 3854 416 3897 me
437 3834 559 3898 auxilio
581 3835 736 3900 defuisse:
759 3837 810 3899 sin
829 3844 951 3912 autem,
973 3855 1039 3921 quo
1061 3836 1181 3900 maiora
1201 3837 1304 3900 studia
1324 3837 1358 3898 in
1380 3855 1430 3900 me
1453 3836 1607 3899 bonorum

283 3930 426 4005 fuerunt,
454 3929 515 3993 boc
536 3930 576 3993 iis
598 3930 697 4011 magis
718 3930 948 3994 consulendum
971 3939 1004 3994 et
1023 3931 1216 4013 parcendum
1237 3931 1364 4012 putavi,
1391 3937 1425 3994 tu
1447 3928 1480 3993 id
1501 3930 1534 3994 in
1556 3941 1644 3993 mese

282 4024 506 4109 reprehendis,
534 4023 620 4110 quod
651 4022 690 4099 Q.
712 4021 841 4086 Metello
869 4023 956 4086 laudi
978 4025 1086 4089 datum
1108 4033 1157 4089 est
1179 4024 1339 4109 hodieque
1361 4032 1410 4090 est
1431 4031 1462 4089 et
1483 4043 1608 4108 semper

331 4291 374 4345 'l.
392 4289 531 4347 consuleris
547 4308 601 4348 om.
620 4297 639 4345 Τ
657 4320 684 4331 -
703 4295 729 4346 ι.
746 4295 849 4358 reliquie
864 4296 913 4347 ΤΕ
932 4322 959 4334 -
977 4296 1165 4360 torodiel'-
1184 4294 1209 4344 3.
1227 4294 1347 4346 memmi
1362 4296 1439 4348 TEO
1457 4323 1484 4333 ·-
1503 4295 1528 4348 l.
1547 4309 1607 4360 qaro-

280 4384 340 4422 rum
350 4371 506 4421 --oendidit
522 4370 635 4422 babetd
651 4395 677 4408 -
696 4372 809 4421 wercitc
819 4371 839 4421 Τ
849 4371 884 4422 Ε;
902 4371 1051 4421 somatibus
1062 4371 1082 4422 0
1095 4397 1122 4407 -
1142 4370 1166 4421 7.
1183 4369 1242 4421 tort.
1255 4371 1347 4434 stupris
1363 4372 1390 4421 ies
1405 4372 1527 4436 retiqiosis
1542 4375 1604 4432 cete

282 4447 315 4498 cl.
333 4460 383 4511 pro
400 4445 495 4498 ltilone
512 4446 528 4510 g
545 4446 591 4496 ιιι
609 4447 680 4497 ocius
694 4447 831 4510 oetoedren
846 4446 997 4497 adsumam
1012 4447 1039 4495 io
1055 4445 1216 4496 sanctissimis
1228 4445 1403 4509 puluinaribus
1417 4463 1443 4499 se.
1461 4448 1481 4511 s.
1493 4461 1606 4512 compre-

281 4525 425 4576 bendenret.
445 4552 473 4562 -
499 4523 524 4574 9.
542 4525 664 4574 nomme
680 4522 831 4574 Lambinus.
853 4547 880 4558 -
905 4520 1074 4584 personabant
1090 4521 1137 4573 TE
1160 4548 1187 4558 —
1214 4521 1374 4584 locupletisT
1393 4549 1421 4561 —
1448 4523 1488 4573 lll.
1505 4523 1614 4574 Aterct'

281 4597 449 4650 Wunderns:
467 4598 561 4649 Aderat
576 4598 694 4648 TEO-
713 4598 754 4648 ιι.
771 4597 871 4648 nomine
886 4597 1014 4648 combas
1031 4599 1050 4646 Τ
1069 4621 1095 4632 -
1116 4596 1155 4647 la.
1173 4597 1260 4648 sierint
1276 4597 1342 4648 TE:
1359 4597 1498 4649 dumeto
1517 4623 1544 4634 -
1562 4611 1607 4648 suc

282 4687 336 4724 om.
354 4674 374 4723 Τ
393 4699 421 4710 -
440 4672 481 4724 ll.
499 4673 651 4738 conscriptis]
670 4687 702 4722 .c.
721 4673 787 4721 Τ-
810 4673 905 4740 indicia
928 4672 1009 4723 lectos
1024 4672 1087 4723 TE:
1113 4670 1193 4721 luctare
1208 4671 1338 4722 indicicO
1357 4699 1385 4710 -
1402 4671 1434 4723 Ar
1449 4677 1505 4724 wat
1521 4675 1607 4724 Wun-

281 4749 376 4801 derus:
398 4748 491 4799 Aderat
506 4749 585 4799 TEO
603 4776 631 4785 -
656 4749 696 4798 lo.
714 4749 877 4810 requescet
896 4773 922 4785 -
948 4759 1021 4810 quem
1037 4747 1136 4808 quidem
1152 4747 1423 4799 sudeton-terrem
1439 4747 1522 4799 hebet
1537 4750 1559 4799 Α
1576 4773 1603 4786 -

280 4822 482 4874 contionibusT:
506 4822 663 4872 cordonibus
678 4822 728 4874 EO
747 4845 774 4857 -
794 4821 881 4874 tour
897 4827 950 4873 toto
965 4823 1031 4873 TE:
1051 4821 1111 4872 Toto
1127 4833 1188 4873 cum
1205 4822 1320 4873 Manutio
1338 4823 1399 4874 0-
1419 4824 1459 4876 tl.
1477 4823 1531 4888 epo]
1548 4837 1607 4888 erpo

282 4898 871 4961 T-20.bobeerdcrrestl'-2l.ipeeml
891 4924 919 4934 —-
941 4897 1153 4960 siwohost*
1173 4896 1604 4950 -ibsiomE-tuml'li:

280 4971 1606 5036 emo-ee.qeenproteceonoseieeoonom.TE-mtttproesrotTE:prcesmt.mtti

282 5051 344 5100 0-
361 5048 716 5112 seum--tortescossulee
726 5048 897 5099 Garatonlus:
914 5047 1306 5110 ssimt--tortiseonsut'llio
1325 5075 1352 5086 -
1371 5049 1411 5100 ιι.
1429 5045 1561 5112 inprobos]
1578 5051 1607 5097 ut

279 5123 442 5187 probos'l'-
460 5122 601 5174 ciuis'l-
620 5125 661 5176 29.
679 5131 779 5188 ceperat
795 5126 858 5177 TE:
875 5128 1014 5186 surrepserat
1031 5122 1091 5173 0-
1110 5135 1141 5172 ec
1158 5123 1204 5189 Ti]
1222 5123 1317 5186 ersti'l';
1335 5137 1366 5174 eo
1384 5129 1412 5174 .t.
1430 5123 1450 5175 Ε
1469 5149 1495 5160 -
1514 5135 1606 5187 praeco

283 5201 372 5250 TE-
390 5197 600 5263 iserelcs'roE-
618 5199 918 5262 essecommoda:
936 5199 1045 5262 ιιιριιιιι
1060 5197 1189 5249 dicoo-
1207 5197 1420 5266 3t.prorsis'l-
1439 5197 1480 5249 db.
1498 5195 1606 5250 oest-

282 5274 968 5337 toreslsszsttoreseseeO-ib.bodie.qeoet.
