4009 6159
234 836 321 929 κ

420 553 502 626 libb
812 566 962 630 ORATIO
984 565 1062 633 PRO
1086 567 1147 630 CN.
1168 565 1340 631 PLANCIO

419 739 558 797 vetustas
586 740 651 799 tum
681 726 840 825 amicitia)
856 756 927 798 cum
955 735 1018 799 mei
1037 734 1142 799 fratris
1164 735 1296 820 collegia
1318 743 1383 800 tum
1404 737 1451 800 rei
1473 737 1618 820 publicae
1640 757 1733 802 ceusu

420 818 574 921 sociarat.)
605 825 656 890 96.
678 828 756 892 Vide
777 849 862 894 nuno
884 829 1050 911 caliginem
1073 837 1249 915 temporum
1271 830 1406 894 illorum.
1443 831 1520 895 Cam
1541 831 1610 915 ipsa
1632 852 1733 916 paene

419 920 523 984 insula
550 922 628 986 mihi
657 943 727 986 sese
748 922 872 987 obviam
897 922 979 986 ferre
999 924 1112 1000 vellet,
1144 932 1269 1009 praetor
1289 925 1359 1000 ille,
1391 926 1529 989 eiusdem
1550 924 1669 988 tribuni
1690 927 1731 1010 pl.

291 1072 294 1084 ,
418 1015 615 1081 contionibus
643 1022 774 1100 propter
805 1018 937 1081 eandem
965 1019 1013 1081 rei
1041 1018 1185 1101 publicae
1212 1039 1339 1083 causam
1361 1039 1456 1103 saepe
1477 1027 1625 1094 vexatus,
1654 1019 1732 1098 nihil

280 1185 306 1268 r

394 1110 553 1192 etamplius
573 1111 645 1176 dico
666 1112 727 1175 nisi
749 1132 799 1176 me
820 1113 853 1176 iu
876 1111 1013 1175 Siciliam
1028 1113 1135 1176 venire
1153 1114 1265 1177 noluit.
1289 1114 1374 1191 Quid
1389 1113 1512 1176 dicamt
1535 1113 1569 1177 C.
1583 1114 1732 1196 Vergilio,

419 1202 473 1265 tali
502 1204 564 1290 ciri
593 1211 626 1268 et
645 1205 732 1283 viro,
753 1205 1004 1270 benevolentiam
1026 1205 1058 1268 iu
1080 1225 1147 1280 me,
1175 1207 1356 1271 memoriam
1380 1207 1588 1270 communium
1611 1214 1732 1290 tempo-

417 1317 504 1374 mm,
525 1299 693 1382 pietatem,
714 1299 959 1374 humanitatem,
980 1299 1076 1362 fidem
1091 1300 1250 1366 defuisse?
1271 1301 1373 1375 Nihil,
1395 1300 1530 1376 iudices,
1553 1309 1600 1364 est
1614 1321 1733 1375 eorum,

418 1393 491 1469 sed,
519 1415 615 1478 quam
642 1400 859 1477 tempestatem
888 1413 947 1456 nos
977 1393 1138 1458 vobiscum
1166 1415 1230 1458 nou
1252 1397 1448 1470 tulissemus,
1476 1396 1587 1458 metuit
1606 1403 1644 1457 ut
1665 1415 1733 1458 eam

418 1487 485 1571 ipse
514 1496 622 1573 posset
652 1489 765 1572 opibus
795 1486 862 1550 suis
884 1489 1049 1550 sustinere.
1089 1490 1169 1552 Tum
1191 1490 1324 1554 consilio
1345 1497 1475 1573 repente
1498 1497 1615 1554 mutato
1636 1491 1734 1553 itera

379 1582 541 1648 soViboue
567 1584 769 1647 Brundisium
791 1589 874 1644 terra
902 1588 1009 1665 petere
1031 1583 1196 1660 contendi3
1226 1604 1299 1646 nam
1319 1583 1491 1648 maritimos
1513 1603 1623 1647 cursus
1644 1601 1735 1666 prae-

417 1674 564 1740 cludebat
583 1676 697 1741 hiemis
719 1674 911 1758 magnitudo.
954 1677 1036 1739 XLI.
1058 1673 1109 1738 97.
1133 1677 1208 1741 Cum
1232 1680 1336 1741 omnia
1357 1678 1412 1741 illa
1433 1676 1620 1761 municipia,
1652 1696 1734 1760 quae

417 1778 491 1833 suut
511 1770 666 1834 aVibone
687 1769 905 1844 Brundisium,
929 1771 963 1832 iu
981 1769 1046 1832 fide
1067 1790 1153 1845 mea,
1176 1771 1307 1846 iudices,
1329 1779 1444 1846 essent,
1466 1771 1526 1835 iter
1542 1772 1619 1835 mibi
1634 1777 1735 1835 tutum

417 1863 525 1926 multis
545 1864 762 1929 minitantibus
784 1883 897 1945 magno
920 1884 990 1926 cum
1014 1884 1072 1928 suo
1087 1872 1173 1928 metu
1195 1865 1646 1949 praestiterunt'Bruudisium
1661 1867 1735 1930 veni

417 1959 468 2021 vel
489 1958 594 2044 potius
615 1959 655 2022 ad
677 1958 802 2022 moenia
823 1959 956 2020 accessi:
979 1957 1089 2020 urbem
1110 1979 1205 2022 unam
1228 1959 1305 2022 mihi
1326 1959 1547 2022 amicissimam
1569 1959 1734 2035 declinari,

380 2072 500 2136 requae
515 2074 550 2117 se
565 2053 616 2116 rel
629 2052 736 2136 potius
750 2051 893 2116 exscindi
909 2071 1005 2135 quam
1020 2072 1037 2115 e
1053 2073 1110 2117 suo
1126 2053 1293 2136 complexu
1302 2063 1338 2117 ut
1352 2054 1492 2137 eriperer
1505 2053 1598 2118 facile
1612 2062 1735 2139 putere-

416 2155 477 2210 tur.
499 2149 534 2211 ln
549 2148 656 2212 hortos
669 2166 718 2210 me
732 2148 773 2211 bl.
783 2146 892 2209 Laeuii
903 2145 1006 2210 Flacci
1018 2147 1139 2210 contuli
1147 2133 1219 2234 (cui
1236 2168 1306 2211 cum
1322 2149 1423 2211 omnis
1437 2155 1550 2223 metus,
1563 2149 1733 2233 publicatio

417 2243 588 2316 bonorum,
610 2239 773 2314 exsilium,
796 2260 880 2303 mors
902 2237 1241 2340 proponeretur,)hsec
1263 2245 1395 2327 perpeti,
1417 2244 1443 2306 si
1459 2242 1646 2317 acciderent,
1668 2265 1735 2308 ma·

416 2337 475 2400 luit
495 2352 590 2421 quam
612 2336 785 2399 custodiam
806 2335 868 2398 mei
891 2335 1001 2417 capitis
1025 2334 1192 2399 dimittere.
1237 2336 1333 2399 Cuius
1361 2357 1418 2418 ego
1441 2342 1473 2399 et
1494 2337 1632 2419 parentis
1655 2337 1733 2413 eius,

283 2430 310 2518 J
416 2429 653 2515 prudentissimi
675 2435 769 2514 atque
791 2429 901 2513 optimi
923 2429 1024 2502 senis,
1053 2435 1084 2491 et
1112 2429 1216 2494 fratris
1238 2438 1270 2495 et
1291 2431 1456 2513 utriusque
1477 2427 1613 2492 liliorum
1635 2431 1734 2496 maui-

379 2524 476 2592 obus
502 2524 537 2586 in
567 2525 638 2587 uari
668 2530 736 2586 tuta
765 2542 802 2586 ac
821 2522 909 2586 fideli
933 2522 1103 2588 collocatus
1126 2544 1300 2609 eorumque
1321 2544 1432 2609 preces
1455 2530 1486 2587 et
1506 2530 1580 2588 vota
1601 2522 1641 2586 de
1662 2543 1733 2588 meo

415 2617 519 2682 reditu
541 2616 713 2681 exaudiens
734 2616 960 2701 Dyrrachium,
994 2617 1082 2701 quod
1105 2619 1224 2681 eratin
1247 2616 1307 2682 lide
1330 2637 1413 2692 mea,
1445 2625 1555 2700 petere
1577 2619 1732 2683 contendi.

415 2708 466 2774 98.
489 2711 562 2788 Quo
584 2731 655 2776 cum
677 2712 849 2785 venissem,
873 2710 1025 2792 cognovi,
1045 2711 1078 2774 id
1100 2713 1185 2795 quod
1199 2713 1370 2787 audieram,
1391 2711 1537 2775 refertam
1554 2731 1624 2775 esse
1639 2712 1733 2776 Grae-

416 2804 494 2869 ciam
516 2803 832 2870 sceleratissimorum
853 2804 1019 2866 homiuum
1041 2824 1077 2868 ac
1091 2805 1302 2879 nefariorum,
1324 2825 1456 2890 quonum
1472 2804 1602 2889 impium
1616 2805 1734 2871 serrum

414 2901 567 2985 ignesque
587 2898 755 2984 pestiferos
776 2917 865 2961 meus
887 2897 940 2960 ille
963 2898 1144 2963 consulatus
1167 2919 1184 2962 e
1206 2899 1351 2963 manibus
1373 2908 1562 2964 extorserat:
1585 2903 1640 2985 qui
1662 2911 1734 2967 ante

377 3014 511 3080 requam
539 2994 579 3058 de
601 3015 672 3058 meo
698 2992 835 3057 adventu
857 2993 966 3056 audire
987 2994 1180 3076 potuissent,
1211 3014 1282 3056 eum
1303 3001 1425 3059 tautum
1446 2995 1593 3059 abessent
1613 2997 1734 3081 aliquot

416 3091 538 3154 dierum
559 3089 658 3162 siam,
689 3088 722 3150 iu
745 3086 961 3151 Macedoniam
982 3087 1023 3149 ad
1050 3088 1274 3171 Planciumque
1295 3088 1429 3173 perrexi.
1463 3089 1523 3152 Hic
1544 3109 1618 3153 vero
1641 3089 1733 3153 simul

415 3190 508 3268 atqua
535 3201 622 3246 mare
650 3201 699 3244 me
725 3180 876 3244 transisse
904 3180 1050 3262 cognorit
1071 3214 1113 3229 -
1138 3182 1228 3258 audi,
1257 3181 1331 3245 audi
1354 3188 1449 3267 atque
1471 3181 1613 3257 attende,
1643 3183 1733 3246 Late-

414 3277 531 3352 rensis,
559 3282 594 3339 ut
614 3274 811 3359 scias,·quid
833 3294 891 3357 ego
914 3275 1043 3338 Plancio
1066 3274 1214 3349 debeam,
1237 3276 1471 3361 confiteareque
1492 3277 1661 3362 aliquando
1684 3299 1733 3340 me

414 3372 500 3455 quod
521 3370 634 3435 faciam
657 3376 689 3432 et
709 3376 796 3452 grate
820 3377 851 3432 et
872 3370 923 3452 pie
945 3369 1068 3432 lacere:
1097 3370 1185 3444 huic,
1213 3391 1295 3454 quae
1316 3393 1374 3456 pro
1398 3372 1500 3436 salute
1522 3390 1592 3434 mea
1613 3370 1733 3446 fecerit,

377 3466 442 3532 sesi
470 3465 574 3528 miuus
602 3463 764 3548 profutura
792 3464 873 3537 siut,
904 3464 1016 3527 obesse
1039 3471 1123 3526 certe
1145 3483 1210 3527 non
1232 3473 1376 3548 oportere
1398 3487 1459 3527 -ε
1487 3485 1560 3529 uam
1582 3465 1677 3528 simul
1697 3485 1734 3527 ac

414 3578 464 3621 me
492 3557 698 3642 Dyrrachium
727 3557 868 3639 attigisse
894 3558 1030 3633 audivit,
1061 3559 1164 3622 statim
1186 3560 1225 3622 ad
1248 3580 1298 3622 me
1320 3560 1483 3625 lictoribus
1506 3559 1658 3634 dimissis,
1686 3560 1734 3622 in-

415 3652 557 3737 signibus
579 3651 726 3726 abiectis,
748 3660 835 3715 reste
856 3659 976 3716 mutata
998 3651 1156 3735 profectus
1178 3662 1235 3717 est.
1279 3650 1329 3716 99.
1353 3653 1379 3718 Ο
1402 3654 1545 3718 acerbam
1566 3653 1657 3727 mibi,
1685 3653 1735 3717 iu-

415 3746 518 3821 dices,
547 3745 728 3809 memoriam
758 3746 909 3830 temporis
939 3745 1025 3809 illius
1048 3752 1080 3810 et
1103 3747 1164 3810 loci
1172 3793 1182 3822 ,
1215 3769 1283 3812 cum
1305 3748 1359 3812 hic
1380 3749 1413 3810 in
1435 3767 1485 3811 me
1507 3747 1634 3823 incidit,
1663 3767 1733 3810 cum

415 3841 598 3924 complexus
626 3847 676 3902 est
704 3839 940 3923 conspersitque
962 3839 1098 3905 lacrimis
1120 3862 1180 3905 nec
1200 3841 1289 3926 loqui
1311 3863 1387 3925 prae
1409 3860 1551 3906 maerore
1572 3839 1690 3925 potuitl
1714 3859 1733 3902 o

377 3955 481 4003 esrem
511 3954 582 3998 eum
610 3932 719 3997 auditu
749 3931 922 4009 crudelem,
951 3942 1018 3998 nrm
1039 3935 1110 3999 risu
1132 3935 1301 3999 nefariam!
1331 3937 1513 4021 oreliquos
1534 3954 1644 3999 omnes
1667 3934 1734 3998 dies

414 4037 588 4114 noctesque
617 4048 688 4104 eas,
716 4029 832 4114 quibus
859 4030 918 4094 iste
949 4049 968 4092 a
999 4049 1050 4093 me
1078 4049 1142 4092 non
1173 4028 1324 4094 recedens
1353 4029 1607 4094 Thessalonicam
1628 4050 1679 4094 me
1700 4029 1734 4093 iu

480 4291 997 4345 emmerammum-a.
1015 4305 1081 4342 nunc
1098 4290 1388 4354 om.T-psneT-
1407 4289 1431 4342 3.
1448 4290 1560 4356 praetor]
1578 4290 1680 4354 .pr.T;
1699 4305 1732 4355 .p.

414 4371 443 4420 a.
460 4369 481 4420 Ε
499 4394 528 4404 -
551 4367 652 4430 tribum
672 4371 713 4417 tr.
731 4368 750 4418 T
768 4391 797 4403 -
818 4366 856 4429 pt.
874 4367 905 4416 T:
922 4366 1000 4429 plebis
1016 4367 1065 4418 ΕΟ
1084 4395 1112 4404 -
1130 4366 1155 4418 l.
1173 4365 1325 4417 contionibus
1340 4366 1373 4415 T:
1396 4365 1616 4416 conciootbscsllo
1635 4392 1660 4405 -
1680 4381 1735 4430 sepe

414 4447 434 4496 Τ
452 4472 480 4483 -
502 4445 527 4494 b.
544 4443 624 4494 soluit
639 4443 659 4493 T
677 4469 705 4480 -
729 4443 793 4504 osta
813 4443 896 4492 dhorn
911 4442 941 4492 de
957 4441 984 4492 C.
1006 4440 1122 4505 Vtrqitto,
1148 4441 1193 4491 tall
1213 4441 1261 4491 ctos·
1277 4445 1300 4490 et
1314 4438 1390 4490 otro?
1413 4438 1495 4490 babet
1514 4441 1662 4492 Priscianus
1679 4442 1733 4504 Vll,

415 4519 455 4582 43,
470 4519 510 4570 68.
523 4543 550 4555 -
568 4519 593 4569 6.
606 4517 795 4569 beniuolentiam
811 4518 859 4568 TE
874 4543 901 4554 -
919 4517 943 4566 7.
961 4515 1153 4566 bronttttatemT
1166 4542 1193 4552 -
1211 4515 1311 4578 ludher]
1326 4515 1377 4565 tud.
1391 4515 1410 4564 T
1428 4540 1456 4551 -
1469 4513 1493 4565 8.
1506 4513 1632 4565 solocem
1647 4521 1735 4566 conta·

414 4595 600 4645 lbsmnasT-
617 4591 868 4644 ttersatbososTE
887 4618 915 4627 -
934 4590 973 4641 ti.
993 4590 1195 4643 uutbooce'l'-
1216 4591 1255 4643 tl.
1272 4590 1363 4642 occsut
1380 4589 1507 4640 om.T-
1526 4589 1736 4652 tbqrsasreoet

413 4670 572 4720 eumin
582 4669 682 4732 {settim
695 4673 825 4733 poteretur
841 4667 1004 4718 Schuetzius.
1025 4693 1052 4703 -
1068 4667 1156 4730 pocior
1170 4667 1269 4717 modi
1285 4668 1305 4717 T
1323 4693 1350 4702 -
1370 4665 1527 4728 conplectar
1546 4691 1573 4702 -
1593 4665 1633 4715 46.
1650 4664 1687 4731 lo]
1708 4665 1736 4716 Vt

414 4745 435 4795 T
453 4771 480 4782 -
499 4744 616 4804 taestE3
634 4744 764 4794 teniT-
783 4744 823 4794 48.
842 4742 917 4794 Ostra
933 4742 966 4793 T:
984 4741 1129 4792 flabello
1148 4768 1176 4780 -
1195 4741 1234 4792 t9.
1253 4741 1373 4792 obttmtE
1393 4768 1420 4778 -
1439 4741 1480 4791 2⁰.
1499 4740 1603 4790 tonsos·
1619 4744 1674 4790 tuto
1690 4739 1736 4790 ha-

413 4819 461 4870 bet
476 4819 626 4871 Priscianus
637 4819 697 4880 Vll,
712 4818 752 4882 te,
765 4818 806 4870 63.
820 4843 848 4854 —-
866 4830 932 4868 sose
947 4816 996 4866 TE
1011 4843 1038 4854 -
1056 4817 1098 4869 at.
1115 4816 1276 4878 cunensem
1287 4818 1321 4868 T:
1340 4815 1533 4878 derorum&
1552 4812 1736 4875 Dyrrhachium

414 4894 449 4954 03
468 4894 501 4946 cl.
519 4908 547 4959 p.
561 4894 634 4956 4636,
650 4894 674 4944 6.
688 4919 716 4930 -
735 4894 776 4945 22.
790 4892 851 4959 Quo]
868 4892 923 4944 Asso
938 4893 958 4942 T
975 4917 1003 4927 -
1022 4886 1097 4953 prem
1114 4890 1139 4953 (l.
1158 4903 1182 4940 e.
1200 4889 1319 4954 praetant)
1336 4891 1356 4941 Τ
1374 4916 1401 4926 -
1420 4889 1461 4941 il.
1479 4890 1592 4954 meisque
1607 4889 1628 4940 Τ
1646 4916 1673 4926 -
1691 4890 1735 4939 od·

413 4962 490 5019 uenti
506 4969 526 5018 Τ
544 4994 571 5005 -
591 4967 757 5018 lustrandas
774 4967 852 5019 codd.
864 4966 1011 5018 Wunderi:
1030 4969 1112 5014 tumea
1128 4964 1207 5016 TEO
1225 4993 1253 5003 -
1270 4966 1311 5017 98.
1329 4978 1400 5016 more
1416 4978 1456 5017 rso
1471 4966 1508 5016 E:
1526 4978 1598 5017 mars
1614 4967 1675 5028 tom.
1687 4963 1733 5025 nse)

414 5046 448 5104 T;
471 5056 512 5094 ma
526 5055 598 5093 mere
614 5042 634 5093 0
653 5071 681 5080 -
708 5043 847 5093 odmari·
866 5069 893 5079 -
919 5042 959 5092 28.
977 5041 1178 5105 confimorqaell
1198 5067 1225 5077 -
1252 5040 1292 5091 29.
1311 5041 1367 5091 bato
1387 5045 1471 5092 cutem
1486 5053 1552 5102 quoe
1567 5041 1586 5090 Ε
1603 5037 1684 5090 solus.
1705 5067 1732 5076 -

415 5120 456 5170 36.
474 5123 532 5169 suot
553 5118 572 5169 Ε
591 5144 619 5155 -
641 5118 682 5169 bt.
701 5118 848 5179 armestun
862 5117 925 5177 ΤΕ;
949 5115 1132 5178 Dyrrhachium
1148 5115 1169 5165 0
1191 5141 1218 5152 -
1242 5114 1364 5165 littoribus
1379 5115 1399 5164 T
1417 5141 1445 5150 -
1469 5114 1509 5165 33.
1526 5114 1558 5179 st]
1575 5128 1608 5165 ao
1623 5113 1643 5164 Ε
1663 5141 1690 5151 -
1707 5115 1733 5163 s'sr

416 5207 470 5246 om.
489 5195 509 5245 Τ
527 5219 554 5230 -
576 5207 633 5248 Μ
649 5205 703 5248 em.
721 5193 742 5246 Τ
759 5219 786 5232 -·
809 5192 849 5244 3l.
867 5191 1038 5256 conpressas
1057 5218 1084 5228 -
1102 5202 1209 5242 memoro
1225 5190 1244 5240 T
1260 5215 1286 5226 -
1306 5189 1346 5242 36.
1366 5189 1741 5254 Thessalonicam-perducit*

416 5268 499 5321 hebet
514 5270 544 5321 Α.
