4009 6159
123 784 126 792 ,
205 688 272 781 (2⁴

226 948 294 1061 ad·

392 502 454 575 778
829 522 982 587 ORATIO
1003 522 1082 587 Pll0
1104 525 1137 588 P.
1159 522 1287 589 sunni

392 668 500 768 caret.)
531 688 645 753 XXVI.
666 686 718 753 72
739 690 899 774 Agedum,
928 691 1068 765 conferte
1089 711 1175 756 nunc
1195 712 1268 756 cum
1295 692 1380 756 illius
1407 694 1502 757 vitam
1533 696 1566 759 Ρ.
1593 696 1719 772 Sullae,

392 741 497 845 vobis
513 783 694 867 populoque
722 786 862 848 Romano
889 786 1101 859 nobssimsm,
1130 786 1266 861 iudices,
1296 794 1328 849 et
1349 806 1418 851 eam
1440 796 1513 851 ante
1535 789 1643 853 oculos
1664 810 1720 853 re·

393 882 475 940 stros
506 877 684 961 proponite.
711 858 902 971 (licquod
887 887 937 942 est
962 879 1059 942 buius
1087 879 1202 943 iactum
1225 888 1280 943 aut
1302 882 1503 945 commissum
1526 904 1591 947 non
1616 883 1718 948 dicam

392 972 557 1047 audacius,
583 972 640 1036 sed
661 974 750 1058 qnod
771 973 920 1057 cuiquam
942 974 1039 1057 paulo
1061 974 1167 1038 minus
1189 974 1422 1039 consideratum
1444 965 1628 1086 rideretur)
1661 979 1720 1039 Pa-

367 1068 477 1126 nctum
506 1070 649 1149 quaeroi
682 1068 813 1131 verbum
842 1070 965 1153 ecquod
994 1088 1145 1153 umquam
1176 1089 1217 1132 ex
1238 1089 1294 1132 ore
1317 1069 1410 1134 buius
1432 1072 1565 1146 excidit,
1597 1091 1632 1133 ιιι
1653 1092 1719 1156 quo

392 1156 559 1241 quisquam
580 1168 690 1243 posset
711 1161 854 1224 oll'cndi‘t
890 1164 932 1225 At
953 1182 1029 1225 vero
1052 1163 1084 1224 in
1106 1162 1160 1225 illa
1182 1164 1268 1245 gravi
1288 1162 1324 1225 L.
1347 1164 1454 1228 Sullae
1476 1163 1719 1247 turbulentaque

392 1251 521 1315 victoria
554 1256 626 1337 quis
654 1258 688 1319 P.
718 1254 805 1319 Sulla
832 1256 955 1330 mitior,
989 1257 1062 1339 quis
1091 1256 1323 1339 misericordior
1351 1258 1499 1323 inventus
1520 1261 1591 1321 esti
1623 1278 1718 1342 quam

391 1344 561 1409 multorum
583 1346 636 1411 bic
657 1350 752 1413 vitam
775 1356 823 1412 cst
844 1369 863 1412 a
884 1351 919 1412 L.
943 1350 1030 1413 Sulla
1052 1349 1254 1432 deprecatus!
1283 1370 1377 1433 quam
1399 1352 1487 1415 multi
1509 1359 1583 1415 sunt
1604 1344 1718 1413 summl

390 1438 537 1504 homines
560 1449 592 1505 et
613 1444 804 1507 ornatissimi
826 1451 857 1506 et
878 1446 977 1507 nostri
1000 1451 1033 1506 ct
1054 1444 1210 1527 equestris
1233 1443 1368 1518 ordinis,
1391 1465 1526 1529 quorum
1542 1464 1601 1527 pro
1618 1446 1718 1509 saluto

353 1551 426 1598 rose
448 1531 500 1596 bic
522 1535 629 1599 Sullae
652 1537 818 1620 obligavit!
849 1556 930 1621 quos
958 1556 1017 1620 ego
1046 1538 1258 1612 nominarem
1288 1540 1501 1621 nequeenim
1523 1540 1720 1622 ipsinolnnt

391 1632 424 1689 et
445 1626 519 1691 buic
541 1630 647 1694 animo
670 1632 846 1714 gratisumo
868 1631 1002 1695 adsunt:
1025 1632 1082 1695 scd
1104 1631 1305 1714 quiamaius
1327 1641 1375 1696 est
1395 1630 1600 1707 beneficium,
1623 1652 1719 1717 qnam

391 1740 486 1803 posse
508 1721 603 1787 debet
624 1725 701 1788 'ciris
723 1726 784 1789 ciri
805 1724 897 1801 dare,
929 1726 1002 1790 ideo
1025 1728 1045 1789 a
1066 1726 1156 1789 vobis
1178 1733 1270 1809 peto,
1293 1733 1329 1789 ut
1350 1726 1436 1810 quod
1458 1727 1561 1811 potuit
1583 1728 1717 1811 tempori

391 1814 553 1890 tribuatis,
578 1818 663 1901 quod
685 1818 761 1882 iecit
782 1819 855 1902 ipsi.
898 1816 949 1883 73.
972 1820 1056 1895 Quid
1077 1821 1232 1905 reliquam
1254 1821 1466 1884 constantiam
1480 1823 1562 1885 ritae
1582 1840 1719 1887 comme-

392 1913 535 1973 morem?
558 1911 760 1995 dignitatem,
782 1913 1009 1989 liberalitatem,
1024 1914 1272 1978 moderationem
1287 1915 1321 1977 in
1334 1914 1465 1998 privatis
1479 1915 1590 1991 rebus,
1613 1916 1719 2001 splen-

353 2004 502 2070 iodorem
523 2007 557 2069 in
578 2006 733 2090 publicini
764 2026 846 2092 quae
876 2009 920 2071 ita
942 2008 1115 2072 deformata
1136 2016 1211 2071 sunt
1232 2028 1250 2071 a
1272 2007 1412 2082 fortuna,
1439 2016 1477 2071 ut
1497 2016 1602 2074 tamen
1624 2030 1642 2073 a
1663 2030 1720 2073 na·

391 2105 461 2161 tura
488 2099 636 2163 inchoata
665 2110 876 2185 compareant.
920 2103 1010 2178 Quae
1040 2103 1169 2166 domuel
1202 2123 1284 2186 quae
1313 2102 1482 2166 celebratio
1517 2105 1728 2187 quotidiana!-

391 2211 475 2276 quae
495 2192 697 2257 familiarium
718 2194 873 2278 dignitasl
902 2216 983 2280 quae
1005 2197 1109 2261 studia
1130 2197 1319 2261 amicoruml
1346 2214 1429 2280 quac
1450 2216 1491 2259 ex
1515 2216 1646 2280 quoque
1667 2218 1719 2261 or-

392 2286 468 2351 dine
490 2287 676 2351 multitudo!
698 2287 785 2352 Haec
799 2288 854 2352 diu
869 2290 1067 2375 multumque
1083 2299 1116 2355 et
1129 2292 1229 2355 multo
1244 2292 1352 2354 labore
1367 2290 1512 2374 quaesita
1526 2311 1593 2354 una
1606 2293 1720 2377 cripuit

392 2382 480 2445 hora.
498 2382 699 2473 (AccepitP.
722 2382 839 2456 Sulla,
828 2383 990 2471 iudices,
1006 2385 1140 2480 {vulnus
1134 2384 1317 2475 rebcmcns
1333 2393 1365 2449 et
1380 2383 1590 2461 mortiferum,
1612 2406 1734 2476 verum*

353 2478 587 2567 solamen(eius
609 2475 822 2587 modilquod
844 2453 1013 2542 videretur
1025 2479 1122 2543 buius
1143 2483 1208 2543 vita
1229 2487 1262 2543 ct
1282 2488 1396 2543 natura
1409 2480 1549 2561 accipere
1566 2482 1719 2563 potuisse.

391 2572 574 2635 Houestntis
596 2572 680 2635 enim
703 2580 735 2635 et
757 2570 921 2655 dignitatis
940 2569 1093 2637 babuisse
1114 2577 1208 2638 nimis
1230 2594 1376 2657 magnam
1397 2573 1555 2636 iudicatus
1569 2582 1618 2636 est
1631 2575 1720 2656 cupi-

392 2665 538 2730 ditatem:
573 2686 667 2749 quam
690 2666 832 2730 sinemo
855 2666 935 2731 alius
957 2666 1097 2730 habuit
1087 2687 1120 2731 ιιι
1143 2669 1307 2732 consulatu
1330 2666 1486 2751 petendo,
1507 2667 1680 2750 cupidior
1671 2689 1718 2731 ru·

391 2761 513 2825 dicatus
535 2769 584 2825 est
603 2760 656 2825 bic
677 2760 777 2825 luisse
800 2781 896 2845 quam
919 2762 1033 2825 ceteri:
1061 2764 1111 2825 sin
1133 2763 1227 2826 etiarn
1250 2764 1282 2825 in
1304 2763 1375 2825 aliis
1396 2761 1559 2825 nonnullis
1579 2762 1640 2825 luit
1659 2764 1718 2826 iste

392 2853 575 2918 consulatus
601 2874 708 2932 amor,
737 2855 863 2920 fortuna
892 2856 926 2919 in
958 2854 1020 2918 hoo
1041 2855 1103 2919 fuit
1121 2856 1256 2920 sortasse
1278 2857 1405 2939 gravior
1426 2874 1520 2938 quam
1540 2856 1575 2919 in
1596 2859 1718 2921 ceteris.

352 2945 443 3013 oti.
466 2949 581 3014 Postea
604 2968 680 3013 vero
703 2950 775 3034 quis
797 2950 831 3012 P.
855 2948 974 3013 Sullam
996 2948 1058 3013 nisi
1080 2957 1289 3024 maerentem,
1312 2948 1484 3012 demissum
1502 2950 1719 3036 afflictumque

390 3042 492 3107 viditt
515 3042 589 3124 quis
611 3064 760 3127 umquam
784 3050 833 3107 est
854 3045 1049 3127 suspicatus,
1076 3043 1162 3107 bunc
1183 3044 1284 3128 magis
1307 3042 1382 3107 odio
1404 3062 1499 3127 quam
1519 3046 1643 3128 pudore
1663 3047 1720 3111 bo·

391 3138 512 3200 minum
534 3136 717 3221 adspectum
739 3138 909 3222 lucemque
931 3140 1053 3203 vitaret
1074 3139 1138 3214 Qui
1160 3158 1232 3200 cum
1253 3138 1352 3201 multa
1371 3138 1503 3201 haberet
1516 3138 1720 3204 invitamenta

315 3302 317 3305 ,
390 3231 478 3295 urbis
509 3238 540 3295 44
567 3230 629 3295 fori
653 3241 782 3316 propter
804 3253 926 3297 summa
948 3230 1052 3297 studia
1072 3234 1261 3307 amicorum,
1291 3252 1374 3315 quae
1399 3240 1504 3295 tamen
1538 3235 1568 3297 ei
1597 3234 1665 3296 sola
1685 3234 1719 3296 in

389 3325 480 3390 malis
500 3327 696 3401 restiterunt,
717 3326 798 3390 aluit
817 3328 856 3390 ab
879 3329 979 3392 oculis
1000 3328 1130 3402 restris,
1157 3335 1203 3402 et,
1228 3348 1298 3390 cum
1321 3328 1391 3410 lege
1414 3328 1623 3402 retineretur,
1646 3326 1716 3410 ipse

429 3694 432 3701 .
455 3655 480 3704 4.
498 3664 555 3703 com
569 3652 637 3702 titius
650 3652 800 3713 ottcmlts,
818 3654 907 3715 Bern,
925 3651 1067 3705 lorcam:
1085 3665 1143 3702 cum
1157 3652 1224 3702 tilica
1238 3651 1337 3712 vitct'3
1356 3662 1413 3701 oon
1429 3650 1496 3701 4444444
1511 3653 1565 3702 otta
1580 3653 1715 3705 ottcmed.

389 3730 456 3781 lunt.
475 3732 502 3781 et
519 3728 610 3780 Lcmb.
630 3728 672 3794 (cl.
690 3730 768 3779 Tusc.
786 3728 818 3791 V,
836 3729 851 3793 5
869 3728 924 3791 64);
950 3740 1007 3778 cum
1028 3728 1078 3777 suc
1097 3729 1177 3778 otton
1196 3728 1212 3777 2
1229 3726 1309 3778 codd.
1329 3726 1446 3786 Francii,
1464 3726 1479 3777 3
1497 3726 1576 3777 codd.
1595 3727 1714 3789 bellem..

389 3807 459 3858 llon.
472 3802 631 3867 electoralis,
650 3803 693 3854 ed.
713 3802 790 3865 4474,
809 3805 838 3855 0.
862 3804 900 3855 Ct.
919 3817 958 3854 or.
976 3803 1051 3854 verr.
1064 3805 1107 3865 iv,
1126 3802 1141 3868 S
1158 3802 1202 3855 to:
1220 3808 1249 3853 ct
1264 3817 1315 3853 coo
1333 3803 1462 3865 coquam
1476 3803 1555 3851 odom
1572 3806 1643 3853 tuam
1659 3816 1717 3853 nrm

272 3942 273 3945 Ἴ
388 3882 463 3931 illics.
491 3880 580 3930 Lectio
597 3876 695 3928 codicis
711 3878 731 3928 'l'
748 3891 797 3943 per
813 3892 843 3930 se
861 3880 917 3943 ipsa
935 3891 989 3928 non
1007 3881 1048 3929 est
1064 3876 1142 3939 salse,
1160 3878 1208 3930 sed
1226 3879 1252 3928 h.
1270 3876 1287 3929 l,
1306 3878 1348 3928 vix
1366 3876 1519 3942 probanda,
1537 3890 1599 3928 cum
1616 3892 1717 3943 sequa-

389 3959 448 4007 tur:
465 3954 534 4005 44444
544 3952 752 4005 --cotisaimcm
766 3981 793 3990 -
807 3954 831 4005 3.
845 3954 946 4019 ecquod]
958 3953 1122 4017 etquodmei
1135 3955 1212 4005 etsie
1224 3952 1381 4018 paulopost.
1396 3979 1424 3988 -
1438 3953 1543 4003 ectl'B:
1563 3966 1616 4003 om.
1629 3954 1716 4004 lio-

389 4032 413 4085 4.
431 4031 509 4095 pacto
526 4030 596 4080 mei:
611 4030 699 4092 paulic
716 4028 736 4080 0
755 4056 782 4065 -
802 4031 827 4080 t.
845 4035 869 4081 et
886 4031 952 4092 quod
967 4043 1081 4094 coquom
1095 4030 1198 4080 esrom
1214 4029 1233 4079 B
1248 4054 1275 4064 —
1293 4028 1347 4077 een
1363 4029 1420 4076 S—
1438 4028 1466 4076 ia
1482 4040 1531 4089 quo
1547 4028 1596 4077 ‘lli
1613 4031 1720 4080 etunus

390 4110 487 4159 Oxou:
506 4118 555 4169 quo
572 4106 654 4157 Οιοιι.
672 4119 705 4165 x,
723 4110 752 4156 ut
768 4104 828 4156 cod.
848 4107 877 4156 C.
897 4106 987 4171 steph.
1007 4109 1035 4157 et
1049 4106 1144 4165 Bem.;
1168 4106 1233 4154 44444
1250 4104 1300 4154 440
1319 4130 1347 4140 -
1366 4103 1391 4153 6.
1409 4101 1599 4166 torbutecthrc
1613 4105 1720 4155 44444444

390 4183 422 4233 T:
440 4180 547 4231 44444444
563 4180 753 4243 turbulentaque
770 4182 820 4231 440
840 4204 867 4217 -·
896 4183 921 4232 7.
940 4184 994 4244 quic
1009 4180 1195 4232 misericordior
1210 4180 1324 4229 invectus
1340 4184 1375 4228 ort
1390 4176 1444 4228 Eri.
1463 4175 1549 4228 solus:
1568 4191 1621 4230 om.
1640 4181 1718 4231 codd.

390 4254 457 4319 rell,
471 4256 584 4307 etiam'l
599 4279 626 4292 -·
644 4269 721 4319 qrrcm
732 4269 786 4306 om.
800 4256 877 4307 codd.
892 4257 963 4315 noti;
981 4258 1084 4323 primus
1101 4255 1202 4306 addidit
1218 4254 1363 4317 liervagius
1380 4266 1413 4303 cx
1430 4250 1504 4303 Gellii
1519 4254 1593 4303 Noct.
1611 4257 1664 4306 Att.
1676 4256 1721 4307 vn

391 4333 454 4395 (Vl),
475 4332 520 4393 46,
539 4331 563 4382 6.
581 4359 615 4369 ·-
638 4332 662 4382 8.
681 4336 740 4382 sont
756 4334 833 4382 ettam
849 4334 973 4382 rummtss
993 4359 1020 4369 —
1044 4331 1068 4382 9.
1087 4330 1211 4394 coquestri
1228 4330 1248 4379 'l'
1267 4356 1293 4365 -·
1314 4328 1354 4377 40.
1372 4327 1412 4376 bic
1428 4327 1488 4377 soli
1507 4352 1534 4362 —
1552 4340 1631 4391 comeo
1645 4330 1720 4392 eaba]

389 4407 438 4458 nist
453 4406 546 4468 quicB
567 4432 595 4444 -
616 4407 655 4456 44.
675 4408 790 4457 ocnmtl'
804 4434 831 4443 -
851 4408 891 4457 43.
905 4408 971 4469 quod
984 4409 1067 4471 potuit
1078 4405 1186 4467 --qor'd
1202 4416 1256 4454 om.
1275 4404 1294 4453 B
1313 4428 1341 4440 -
1361 4402 1401 4453 43.
1418 4402 1485 4452 citnc
1500 4402 1645 4466 discitum
1659 4406 1721 4456 libc-

388 4484 517 4534 rctitotcm
532 4494 572 4532 me
586 4487 795 4533 commmorcctc
810 4482 979 4533 recordamini
995 4483 1191 4533 moderationem
1207 4479 1227 4529 B
1246 4504 1273 4514 -
1293 4476 1333 4527 44.
1353 4477 1490 4527 libertatem
1505 4476 1564 4525 'l'—
1584 4479 1624 4527 45.
1637 4480 1721 4543 desor-

389 4565 461 4610 mcto
476 4562 534 4609 suut
549 4572 567 4608 o
581 4559 640 4622 sort.
659 4557 695 4607 T:
714 4570 732 4607 n
742 4556 801 4619 sort.
815 4558 917 4620 desorrn.
936 4561 993 4607 utut
1009 4558 1059 4606 110
1077 4582 1104 4591 -
1125 4556 1164 4605 46.
1182 4561 1336 4619 cocpcrecct
1351 4555 1386 4615 Ti
1404 4559 1581 4617 comparentur
1596 4556 1614 4605 S
1630 4570 1671 4622 pr.
1682 4571 1718 4609 m.

393 4664 419 4673 -
444 4635 573 4685 cotidiano
589 4634 609 4683 Τ
628 4658 655 4669 -
675 4632 715 4682 tl.
732 4632 898 4695 scmiticrtron
914 4631 977 4682 TB:
996 4632 1134 4695 (emitteris
1149 4633 1207 4682 li0.
1226 4630 1265 4683 Cl.
1283 4630 1352 4695 577.
1373 4656 1400 4667 ·-
1418 4641 1531 4693 quaeque
1546 4642 1579 4680 ec
1594 4630 1614 4680 B
1631 4656 1659 4669 -
1678 4633 1718 4683 48.

389 4708 542 4771 multumque
557 4708 586 4769 l',
605 4705 657 4758 Eri.
676 4708 704 4757 44
720 4708 806 4757 Parc:
823 4708 928 4757 mutum
945 4706 991 4757 BS
1012 4709 1040 4756 et
1056 4705 1135 4756 codd.
1154 4705 1219 4757 dett.
1239 4732 1268 4743 -
1290 4706 1357 4755 ccii
1385 4730 1412 4740 -
1434 4705 1474 4754 49.
1492 4704 1564 4769 born]
1580 4706 1633 4755 dies
1647 4706 1665 4756 S
1681 4720 1717 4757 m.

389 4798 430 4850 pr.
451 4810 478 4819 -
495 4781 818 4834 connecteremus
835 4784 862 4832 et
878 4781 958 4833 codd.
976 4781 1112 4847 plerique:
1138 4783 1264 4833 erbonem
1281 4781 1372 4831 vulcus
1391 4777 1451 4830 cod.
1469 4779 1647 4842 Victorianus,
1674 4780 1717 4830 ed.

389 4864 499 4912 Arcens.
519 4858 597 4918 ttttt,
616 4857 650 4919 0,
678 4856 750 4921 quod
769 4855 892 4921 praetulit
908 4856 1053 4921 Seyffertus
1070 4871 1096 4922 p.
1115 4857 1155 4908 33.
1181 4884 1209 4894 -
1232 4859 1273 4908 20.
1291 4858 1365 4908 buius
1379 4856 1434 4906 cito
1449 4855 1510 4905 TB:
1534 4855 1587 4906 etro
1599 4858 1655 4906 cito
1670 4858 1719 4907 440

391 4959 419 4971 -
444 4932 475 4997 et]
493 4944 523 4982 cc
540 4933 574 4994 B,
599 4930 658 4983 tort.
677 4934 763 4994 recte,
782 4932 811 4982 ut
828 4934 869 4982 est
891 4930 906 4995 ἓ
923 4933 964 4982 tt.
982 4932 1037 4981 otto
1058 4944 1089 4981 oc
1105 4936 1201 4982 arctim
1218 4935 1245 4983 et
1261 4932 1325 4983 ibid.
1343 4944 1425 4981 mora
1440 4943 1472 4981 cc
1486 4930 1553 4991 citc;
1577 4931 1591 4996 ᾖ
1609 4932 1650 4982 60.
1665 4935 1720 4982 cito

391 5022 422 5061 cc
437 5020 527 5059 moros.
545 5032 573 5043 ·-
592 5007 634 5056 it.
653 5006 719 5057 euim
735 5008 755 5057 T
771 5009 798 5057 44
815 5009 906 5058 Parc:
925 5007 1024 5071 quidem
1039 5008 1076 5066 a,
1094 5008 1224 5058 microm.
1238 5009 1289 5058 iio
1308 5032 1334 5045 -
1354 5007 1395 5057 23.
1413 5006 1453 5055 bic
1468 5006 1593 5057 inductur
1607 5010 1671 5059 ectB
1690 5036 1717 5044 -

390 5082 474 5149 444444]
492 5082 607 5133 cutm
620 5108 649 5119 -
667 5082 708 5133 25.
721 5080 778 5147 uisi]
795 5096 846 5133 con
863 5082 880 5131 S
894 5108 921 5118 -
939 5088 1073 5132 merentem
1088 5082 1134 5131 TS
1153 5106 1180 5117 —
1197 5083 1319 5147 afflictior
1329 5082 1538 5143 concoquas
1552 5109 1579 5119 -
1597 5082 1638 5133 27.
1651 5096 1721 5147 aspe-

390 5166 457 5210 ctum
473 5159 492 5208 Τ
511 5184 538 5195 -
557 5157 598 5208 28.
618 5170 683 5221 quac
698 5158 831 5209 tcctumB
853 5184 880 5193 -
904 5157 945 5208 30.
969 5157 1035 5220 osuit
1056 5154 1213 5207 Lambinus:
1231 5157 1305 5219 spirit
1325 5156 1360 5217 'l';
1383 5156 1463 5220 obfuit
1482 5156 1558 5206 4430
1581 5182 1608 5193 -·
1628 5158 1719 5208 nostris

390 5236 424 5301 B,
443 5234 502 5289 cod.
522 5236 551 5287 C.
569 5234 661 5306 steph.
680 5235 707 5288 et
724 5234 805 5287 Οιοιι.
824 5232 843 5287 T
862 5258 889 5269 -·
908 5231 1066 5298 4404444444]
1082 5245 1134 5282 coc
1149 5235 1287 5283 4444444444
1302 5231 1331 5281 Β.
