4009 6159
701 593 775 660 em
797 593 1014 661 xm-xrv.
1041 593 1088 680 §s
1109 591 1260 661 ea-as.
1563 588 1647 656 reor

405 765 491 828 llllb
513 761 564 828 35.
585 765 693 830 Altera
718 784 770 829 res
799 771 848 828 est
876 765 916 828 de
946 763 1138 830 bonoribus:
1167 765 1208 828 de
1238 765 1353 850 quibus
1377 764 1528 849 deinceps
1555 763 1649 826 iutel-

320 860 386 944 liqo
408 879 479 924 esse
501 857 681 923 dicendum.
719 858 783 923 Sed
804 857 860 942 qui
886 857 965 922 ordo
992 859 1027 922 in
1055 859 1221 923 sententiis
1241 858 1392 942 rogandis
1414 859 1532 923 servari
1551 857 1651 934 solet,

322 955 457 1018 eundem
487 953 601 1016 tenebo
628 953 662 1015 in
691 952 768 1016 uiris
798 951 933 1018 fortibus
961 952 1167 1017 honorandis.
1207 954 1355 1018 ABruto
1374 953 1491 1036 igitur,
1519 950 1651 1041 oorgsula
1741 953 1772 1046 ζ

323 1047 503 1131 designato,
525 1067 613 1111 more
637 1046 789 1110 maiorum
811 1048 971 1130 capiamus
994 1047 1178 1110 exordium:
1207 1047 1296 1110 ouius
1317 1053 1354 1110 ut
1374 1045 1539 1130 superiora
1559 1045 1652 1110 omit·

322 1149 403 1216 mm,
425 1160 507 1226 quae
530 1149 604 1204 sunt
631 1140 769 1203 maxima
791 1139 846 1204 illa
868 1140 1015 1225 quidem,
1046 1140 1103 1205 sed
1129 1140 1234 1204 adbuc
1259 1139 1423 1204 bominum
1438 1136 1546 1221 'magis
1566 1137 1676 1202 iudi-o

322 1236 379 1300 oiis
410 1255 506 1319 quam
534 1234 661 1318 publice
689 1233 831 1308 laudata,
862 1235 1053 1319 quibusnam
1074 1234 1180 1298 verbis
1202 1234 1270 1297 cius
1300 1231 1413 1298 laudes
1433 1233 1531 1296 buius
1548 1232 1651 1315 ipsius

321 1330 473 1415 temporis
513 1329 665 1412 consequi
699 1331 892 1411 possumus?
937 1329 1052 1412 Neque
1086 1329 1171 1392 enim
1209 1328 1307 1392 ullam
1344 1327 1522 1392 mercedem
1562 1334 1651 1390 unta

320 1427 419 1491 virtus
446 1431 572 1508 praeter
598 1423 681 1486 bano
707 1422 811 1485 laudis
840 1422 1024 1504 gloriaeque
1046 1421 1223 1487 desiderat:
1257 1442 1322 1506 qua
1350 1422 1446 1486 etiam
1473 1422 1502 1486 si
1527 1428 1650 1494 careat,

320 1528 425 1584 oman
451 1519 494 1582 sit
514 1537 549 1581 sa
576 1518 645 1600 ipsa
673 1521 835 1580 contenta:
868 1535 1061 1598 quamquam
1082 1517 1124 1585 ,in
1157 1519 1309 1581 memoria
1341 1525 1501 1600 gratorum
1532 1514 1650 1580 ciuium

320 1621 481 1698 tamquam
507 1614 539 1676 in
567 1611 639 1674 luoe
666 1610 770 1694 posita
799 1609 942 1674 laetetur.
977 1611 1063 1674 Laus
1083 1611 1180 1695 igitur
1201 1611 1312 1675 iudicii
1334 1610 1571 1694 testimoniique
1591 1625 1688 1673 uo·ro

320 1709 377 1774 atri
410 1705 577 1772 tribuenda
607 1707 705 1768 Bruto
733 1711 791 1768 est.
834 1700 885 1766 36.
916 1703 1019 1780 Quam
1048 1705 1088 1769 ob
1117 1725 1184 1769 rem
1210 1705 1261 1768 his
1289 1705 1409 1780 verbis,
1440 1711 1546 1788 patres
1573 1722 1650 1766 con-

320 1802 446 1886 seripti,
473 1807 601 1864 senatus
630 1798 810 1863 consultum
830 1797 1009 1862 iaciendum
1032 1818 1165 1864 censeo:
1204 1798 1282 1862 Cum
1310 1801 1349 1863 D.
1369 1801 1486 1863 Brutus
1514 1798 1650 1883 impera·
1755 1793 1789 1875 ί

319 1904 386 1970 tor,
408 1893 521 1958 consul
543 1893 737 1976 designatus,
759 1891 954 1975 provinciam
970 1892 1105 1956 Galliam
1126 1892 1160 1955 in
1175 1899 1303 1957 senatus
1325 1891 1501 1977 populique
1514 1890 1649 1955 Bomani

318 1997 474 2076 potestate
503 1997 628 2062 teneat,
657 2007 793 2070 eumque
822 1987 996 2049 exercitum
1019 1994 1140 2051 lantum
1163 1995 1226 2050 tam
1247 1986 1339 2050 brevi
1358 1995 1502 2071 tempore
1523 2003 1648 2050 summo

320 2084 426 2150 studio
459 2081 704 2166 municipiorum
734 2080 992 2163 coloniarumque
1024 2080 1207 2165 provinciae
1228 2081 1367 2155 Galliae,
1396 2081 1516 2165 optime
1545 2079 1586 2143 de
1612 2092 1686 2142 reto

319 2179 446 2265 publica
479 2176 610 2240 meritae
641 2175 875 2256 merentisque,
907 2174 1128 2258 conscripserit
1156 2175 1362 2259 compararit,
1393 2175 1426 2238 id
1461 2193 1533 2238 eum
1561 2178 1649 2236 recte

321 2282 354 2338 et
378 2271 489 2337 ordine
522 2289 626 2354 exque
657 2289 693 2333 re
723 2267 852 2353 publica
878 2266 1011 2342 fecisse,
1044 2267 1141 2352 idque
1168 2271 1205 2330 B.
1228 2269 1318 2332 Bruti
1344 2265 1649 2352 praestantissimum

320 2366 466 2430 meritum
498 2367 531 2428 in
570 2383 638 2427 rem
676 2361 835 2446 publicam
874 2362 998 2424 senatui
1030 2364 1212 2445 populoque
1248 2364 1390 2427 Bomano
1423 2370 1546 2446 gratum
1578 2379 1649 2425 essa

321 2467 353 2524 et
381 2457 466 2521 lore:
501 2459 607 2541 itaque
635 2464 780 2520 senatum
811 2456 1032 2539 populumque
1063 2457 1239 2520 Romanum
1264 2456 1463 2531 existimare,
1496 2458 1534 2520 B.
1559 2454 1648 2518 Bruti

320 2551 538 2636 imperatoris,
570 2550 710 2648 consulis
740 2549 912 2632 designati,
940 2568 1054 2631 opera,
1083 2549 1235 2625 oonsilio,
1263 2550 1378 2614 virtute
1404 2550 1686 2635 incredibiliqueto
1751 2522 1788 2610 Ᾰ

320 2646 425 2712 studio
456 2652 488 2709 et
515 2663 672 2709 consensu
698 2645 879 2728 provinciae
908 2643 1029 2707 Galliae
1056 2645 1102 2707 rei
1131 2643 1276 2726 publicae
1298 2641 1484 2708 difficillimo
1505 2652 1649 2727 tempore

320 2760 390 2805 esse
412 2738 613 2803 subventum.
656 2734 708 2801 37.
729 2737 812 2801 Huic
833 2744 921 2802 tanto
942 2738 1056 2802 merito
1079 2739 1185 2813 Bruti,
1206 2747 1313 2820 patrer
1335 2738 1522 2823 conscripti,
1544 2745 1648 2802 tanto-

321 2855 384 2919 que
405 2834 439 2897 in
460 2852 528 2896 rem
550 2831 708 2915 publicam
730 2828 884 2896 beneficio
908 2832 980 2914 quis
1003 2839 1053 2896 est
1072 2839 1179 2896 tantus
1200 2834 1304 2898 bonos
1318 2835 1374 2916 qui
1391 2851 1458 2896 non
1472 2829 1647 2897 debeatur?

319 2931 398 2993 Nam
420 2929 447 2992 si
471 2929 513 2992 bl.
535 2925 674 2990 Antonio
696 2924 852 3009 patuisset
874 2925 993 3001 Gallia,
1026 2927 1053 2990 si
1076 2927 1237 3010 oppressis
1257 2927 1440 3010 municipiis
1462 2933 1494 2990 et
1514 2925 1648 2990 coloniis

319 3021 480 3107 imparatis
502 3021 537 3084 in
558 3017 647 3085 illam
667 3020 810 3083 ultimam
827 3020 961 3084 Galliam
982 3028 1148 3104 penetrare
1170 3021 1342 3104 potuisset,
1365 3027 1502 3104 quantur
1520 3019 1568 3083 rei
1589 3034 1685 3103 pu·at

317 3116 420 3181 blicae
449 3123 553 3180 terror
573 3113 796 3197 impenderet?
829 3114 1009 3190 Dubitaret,
1037 3116 1147 3189 credo,
1177 3115 1273 3179 bomo
1294 3114 1530 3178 amentissimus
1550 3121 1648 3198 atque

319 3211 352 3274 in
382 3209 529 3274 omnibus
559 3208 700 3273 consiliis
731 3227 882 3292 praeceps
912 3215 945 3271 et
972 3209 1083 3273 devius
1109 3229 1174 3273 uon
1200 3209 1300 3272 solum
1323 3229 1394 3272 oum
1415 3209 1555 3275 exemto
1577 3226 1647 3283 suo,

319 3303 375 3367 sad
398 3304 494 3367 etiam
516 3323 589 3366 oum
610 3303 696 3366 omni
718 3303 913 3366 immanitate
936 3302 1099 3365 barbariae
1120 3302 1239 3366 bellum
1260 3303 1378 3366 interro
1399 3302 1508 3377 nobis,
1528 3308 1565 3366 ut
1578 3301 1647 3364 eiua

317 3397 456 3460 iurarem
487 3416 527 3459 ne
554 3396 681 3479 Alpium
711 3394 841 3480 quidem
872 3416 962 3460 muro
985 3396 1133 3460 cohibere
1158 3417 1334 3479 possemus.
1368 3397 1454 3462 llaec
1475 3396 1570 3478 igitur
1590 3394 1648 3457 ba·

317 3491 422 3555 benda
453 3490 553 3574 qratia
580 3497 627 3554 est
657 3493 695 3553 D.
716 3493 831 3566 Bruto,
862 3491 917 3574 qui
947 3489 1055 3566 illum,
1084 3491 1228 3555 nondum
1248 3491 1437 3574 interposita
1457 3488 1685 3554 auctoritatem

316 3592 437 3659 vestra,
464 3605 521 3649 suo
544 3585 677 3648 consilio
699 3593 794 3667 atque
816 3585 937 3648 iudioio
959 3604 1025 3647 non
1047 3591 1084 3648 ut
1104 3586 1268 3651 consulem
1288 3586 1425 3669 recepit,
1452 3583 1509 3648 sed
1530 3591 1568 3646 ut
1586 3582 1646 3646 lro·

317 3687 397 3744 stem
419 3679 519 3743 arcuit
540 3678 643 3742 Gallia
664 3698 763 3763 seque
785 3679 923 3744 obsideri
947 3697 1043 3764 quam
1064 3679 1147 3743 banc
1160 3680 1270 3746 urbem
1284 3680 1406 3744 maluit.
1431 3678 1555 3742 Habeat
1569 3696 1646 3760 ergo

316 3773 411 3836 buius
433 3773 512 3836 tanti
532 3772 607 3836 facti
630 3781 756 3857 tamque
778 3773 932 3857 praeclari
956 3774 1082 3838 decreto
1108 3781 1219 3838 nostm
1240 3773 1457 3839 testimonium
1478 3772 1646 3855 sempiter-

316 3887 413 3932 num:
443 3866 626 3951 Galliaque,
656 3887 739 3951 quae
767 3888 893 3952 semper
921 3868 1083 3952 praesidet
1109 3876 1206 3953 atque
1233 3868 1394 3953 praesedit
1411 3866 1488 3931 baio
1510 3866 1645 3950 imperio

316 3962 519 4048 libertatique
541 3964 719 4040 communi,
747 3964 859 4028 merito
882 3981 1022 4047 vereque
1043 3962 1204 4037 laudetur,
1233 3962 1320 4046 quod
1343 3982 1378 4026 se
1399 3979 1538 4046 suasque
1559 3960 1681 4028 virosos

316 4076 381 4120 non
403 4056 550 4131 tradidit,
573 4056 629 4120 sed
651 4059 802 4141 opposuit
821 4058 971 4121 Antonio.

401 4150 485 4214 xlv.
507 4146 558 4213 38.
580 4152 686 4235 Atque
708 4152 804 4216 etiam
825 4153 867 4215 ld.
888 4153 1012 4238 Lepido
1033 4172 1091 4238 pro
1113 4153 1181 4217 eius
1195 4152 1330 4236 egregiis
1350 4151 1386 4216 in
1398 4149 1644 4233 rempublicam

317 4243 437 4308 meritis
470 4243 688 4308 decernendos
718 4244 858 4309 bonores
888 4267 982 4330 mam
1013 4247 1227 4331 amplissimos
1260 4266 1386 4311 censeo.
1428 4247 1562 4329 Semper
1587 4243 1643 4310 ille

294 4603 299 4606 ,
382 4543 407 4594 3.
424 4544 510 4594 consol
524 4543 587 4592 V·-
606 4544 630 4596 9.
650 4558 804 4608 quanqum
820 4545 873 4596 Vl:
893 4550 969 4610 oeque
985 4547 1082 4599 ocum
1099 4544 1199 4611 aliquot
1215 4544 1394 4598 edd.vett.·-
1411 4546 1449 4597 iss
1464 4545 1500 4610 tto
1515 4547 1532 4609 tl
1548 4559 1644 4598 mono-

315 4619 383 4670 nom
398 4620 437 4669 Vi
456 4645 483 4656 -
504 4619 543 4669 lo.
562 4619 686 4671 monmor-
702 4621 741 4672 Vi
757 4649 790 4659 —
805 4624 884 4674 aratri
900 4624 909 4672 i
927 4647 954 4658 -
974 4622 1201 4674 tbcsneoorv-
1221 4621 1343 4673 laesia.
1358 4622 1645 4686 mpuuqoomm

316 4694 377 4744 V·
397 4693 437 4745 tl.
451 4705 576 4756 omenque
591 4695 618 4746 ln.
631 4693 648 4745 l.
662 4697 778 4760 primum
789 4698 821 4758 V,
833 4698 900 4750 intra
917 4699 1025 4763 saepius
1041 4699 1067 4748 iu
1083 4699 1136 4749 hoo
1151 4697 1228 4749 libm.
1240 4725 1268 4735 -
1287 4699 1327 4749 l8.
1342 4699 1479 4761 populique
1493 4700 1595 4750 rosioni
1610 4696 1643 4749 V¹

317 4795 345 4806 —
358 4769 399 4820 30.
416 4771 554 4832 aopomor
570 4772 758 4836 cmutmstpo.
771 4773 793 4820 V
807 4797 835 4809 -
852 4775 894 4824 tl.
907 4774 1125 4838 dtlfioidwnov-
1144 4774 1186 4825 22.
1203 4774 1278 4824 Bruti
1290 4786 1353 4836 pc.
1371 4774 1396 4823 l:
1411 4788 1440 4837 p.
1453 4789 1475 4826 c.
1494 4773 1561 4826 bruti
1576 4775 1639 4824 v-

314 4843 356 4894 33.
373 4843 817 4906 respubliccv-oeoeootorv
837 4875 864 4886 -
882 4847 923 4899 tl.
942 4848 1140 4900 cotontooll-
1158 4848 1639 4914 plodiosioppreaismrertciptav-

314 4919 407 4970 rotoma
422 4919 461 4968 Vi
480 4945 508 4956 -
531 4921 572 4971 25.
589 4920 715 4983 loporotis
731 4922 794 4973 V·-
812 4923 853 4974 26.
871 4923 994 4974 bominem
1010 4923 1163 4974 mistim
1178 4937 1245 4987 oque
1259 4925 1351 4988 (adque
1367 4926 1446 4987 corr.)
1463 4926 1486 4976 V
1506 4951 1532 4961 ·-
1555 4925 1596 4976 27.
1614 4926 1644 4975 io

316 4995 432 5045 omi·
451 4994 694 5051 aeuoomnv-
712 4997 774 5048 boec
789 4999 814 5048 i:
833 4998 950 5048 locv-
970 4998 1095 5050 ao.o.i:
1113 4999 1213 5061 qll-
1232 4998 1441 5051 Btcossutv-
1460 5000 1639 5052 ammoniti:

315 5068 402 5132 orputt
417 5068 440 5118 V
457 5093 485 5105 -
503 5069 609 5134 paulam
626 5071 682 5130 vm
701 5085 769 5123 corr.
782 5073 927 5125 Ferrarius.
942 5101 969 5112 -
988 5074 1029 5124 33.
1048 5075 1112 5124 toott
1128 5074 1192 5138 soott
1207 5073 1311 5138 mpod
1325 5076 1348 5125 V
1360 5101 1389 5114 -
1404 5081 1491 5127 nostro
1507 5076 1543 5125 V:
1559 5081 1642 5126 oestro

316 5143 353 5194 l0
372 5169 400 5182 -
427 5141 468 5194 ot.
486 5145 638 5207 oottmoque
654 5147 692 5196 vi
718 5173 744 5184 -
771 5147 811 5199 35.
831 5149 933 5212 tureqau
948 5147 1048 5214 aliquot
1064 5149 1143 5201 codd.
1162 5151 1289 5210 Ferrarii;
1317 5153 1345 5202 at
1360 5164 1385 5203 v.
1404 5164 1448 5217 ep.
1466 5152 1501 5202 ad
1517 5154 1588 5203 Fam.
1606 5152 1639 5213 x,

315 5219 358 5272 26.
375 5219 406 5269 t:
430 5219 545 5270 buddas
561 5220 648 5283 qulbus
669 5227 692 5272 to
708 5235 790 5274 murus
808 5224 949 5275 lacedem
964 5224 1141 5288 turremque
1160 5225 1253 5291 tem.
1278 5227 1342 5278 lior.
1360 5239 1404 5292 ap.
1422 5227 1449 5290 l,
1470 5227 1517 5289 tt,
1533 5225 1581 5280 23:
1603 5227 1641 5279 ott

317 5294 444 5359 &ambro
457 5297 508 5348 otri
521 5309 609 5348 eorm
624 5297 706 5348 aaut
720 5303 745 5352 ot
760 5311 868 5362 mqraeo
884 5301 936 5352 cet.
