4009 6159
645 505 719 569 cn.
740 505 1069 570 xxxa-xxxin.
1096 504 1142 589 §s
1158 503 1335 614 Μαι,
1555 491 1637 572 stat

312 675 398 740 enim
425 683 474 740 est
501 694 582 738 onus
611 674 759 738 beneficii
786 677 886 757 gratia
907 707 964 749 -,
987 676 1043 740 sed
1072 678 1148 760 quia
1174 697 1269 761 saepe
1298 684 1490 743 concurrunt
1512 677 1637 761 aliquo·

312 791 382 833 rum
408 769 489 832 bene
518 767 558 830 de
586 789 636 831 me
665 769 849 832 meritorum
877 771 960 832 inter
987 771 1076 852 ipsos
1099 771 1336 846 contentiones,
1367 776 1403 834 ut
1424 771 1536 834 eodem
1558 775 1637 834 tem·

258 870 265 884 '
312 883 388 947 pore
418 863 451 925 in
480 882 591 926 omnes
612 881 723 926 verear
743 881 783 924 ne
806 864 859 926 vix
880 862 1001 946 possim
1022 871 1129 946 gratus
1154 865 1264 927 videri.
1309 861 1359 926 79.
1386 863 1448 927 Sed
1472 884 1531 946 ego
1557 863 1636 927 haec

311 957 392 1022 meis
413 955 607 1039 ponderibus
629 955 839 1030 examinabo,
860 977 925 1019 non
948 957 1051 1022 solum
1074 958 1149 1041 quid
1173 958 1289 1042 cuique
1304 960 1451 1032 debeam,
1472 957 1636 1020 sedetiam

312 1049 389 1133 quid
410 1049 563 1132 cuiusque
576 1049 701 1112 intersit
715 1059 747 1112 et
762 1049 839 1133 quid
855 1070 874 1114 a
889 1071 938 1113 me
953 1052 1107 1134 cuiusque
1123 1058 1245 1135 tempus
1259 1059 1376 1136 poscat.
1399 1037 1661 1135 utilitatique
1735 1051 1808 1150 p}

312 1154 364 1208 tur
383 1144 522 1208 studium
544 1137 633 1208 tuuni
655 1143 706 1206 vel
728 1145 838 1218 etiam,
862 1146 889 1207 si
912 1136 1207 1220 uis‚(existimatio,
1229 1145 1298 1208 laus
1321 1135 1514 1229 aedilitatis}
1534 1151 1565 1206 at
1580 1142 1636 1204 Cn.

311 1237 429 1302 Plancii
458 1236 561 1310 salus,
590 1172 710 1320 pitria,
740 1237 896 1300 fortunae.
926 1237 1055 1301 Salvum
1084 1246 1120 1301 tu
1149 1259 1199 1301 mc
1229 1259 1298 1302 esse
1327 1238 1456 1321 cupisti:
1489 1234 1540 1300 liic
1561 1235 1638 1298 fecit

310 1333 424 1407 etiam,
452 1340 488 1395 ut
509 1351 578 1394 esse
600 1351 736 1415 possem.
776 1332 937 1395 Distineor
963 1340 1069 1396 tamen
1092 1339 1124 1394 et
1145 1331 1280 1396 divellor
1302 1332 1412 1395 dolore
1435 1329 1521 1394 etin
1543 1347 1637 1392 causa

312 1426 432 1509 dispari
454 1425 572 1491 offendi
595 1434 626 1488 te
648 1446 738 1490 ame
761 1425 872 1500 doleo,
897 1425 977 1500 sed,
999 1447 1050 1488 me
1072 1425 1142 1489 dius
1164 1426 1275 1500 fidius,
1297 1425 1397 1489 multo
1420 1425 1512 1489 citius
1535 1443 1636 1486 meam

311 1519 446 1583 salutem
468 1539 525 1602 pro
548 1527 580 1583 te
601 1519 747 1583 abiecero
769 1540 863 1603 quam
889 1519 944 1582 Cn.
966 1519 1085 1582 Plancii
1108 1519 1239 1582 salutem
1261 1519 1420 1583 tradidero
1442 1517 1673 1582 contentionirc

310 1621 394 1676 tuae.
437 1609 488 1674 80.
509 1613 650 1686 Etenim,
681 1613 819 1688 iudices,
851 1633 923 1676 cum
951 1613 1096 1676 omnibus
1127 1613 1291 1677 virtutibus
1321 1633 1372 1676 me
1397 1614 1544 1676 allectum
1567 1630 1636 1674 esse

311 1707 422 1791 cupio,
454 1713 522 1770 turn
550 1706 630 1770 nibil
659 1713 708 1770 est
737 1706 824 1791 quod
850 1707 957 1770 malim
985 1727 1079 1790 quam
1108 1727 1158 1770 me
1181 1715 1213 1770 et
1235 1727 1305 1770 esse
1327 1714 1449 1790 gratum
1472 1714 1504 1768 et
1524 1705 1637 1770 videri.

310 1801 396 1888 llaec
418 1807 467 1868 est
487 1801 569 1864 enim
592 1819 657 1864 una
676 1801 776 1865 virtus
798 1821 863 1864 non
885 1801 985 1864 solum
1009 1801 1161 1876 maxima,
1184 1800 1239 1864 sed
1262 1801 1356 1864 etiarn
1372 1808 1471 1862 mater
1484 1800 1637 1862 virtutum
1754 1783 1775 1864 i

310 1895 452 1958 omnium
480 1893 684 1977 reliquarum.
726 1893 810 1969 Quid
841 1903 890 1958 est
919 1896 1022 1978 pietas
1052 1896 1114 1960 nisi
1136 1896 1281 1959 uoluntas
1304 1903 1392 1978 grata
1412 1893 1447 1956 in
1469 1894 1635 1976 parentes?
1670 1907 1684 1996 q
1749 1914 1775 2011 p

311 1989 370 2098 qui
389 1994 465 2053 sunt
483 1989 560 2051 boni
583 1989 684 2063 cives,
714 1971 884 2080 qqsbelli,
907 1991 962 2074 qni
985 1989 1070 2054 domi
1092 1989 1131 2052 de
1153 1991 1256 2072 patria
1277 1989 1358 2051 bene
1379 1992 1553 2058 merentes,
1574 1984 1683 2049 nisius}

311 2105 366 2167 qur
387 2083 509 2165 patriae
529 2083 684 2146 beneficia
704 2084 939 2147 meminerunt?
968 2084 1025 2167 qui
1047 2085 1166 2157 sancti,
1196 2085 1251 2168 qui
1272 2082 1462 2164 religionum
1484 2078 1636 2154 colentes,
1663 2095 1666 2109 ·

310 2179 372 2242 nisi
403 2178 460 2261 qui
489 2176 633 2240 meritam
663 2178 712 2240 dis
734 2177 965 2241 immortalibus
988 2159 1119 2260 g‘r‘atiam
1142 2167 1429 2240 iustii‘honoribus
1451 2181 1485 2238 et
1505 2173 1636 2239 memori
1723 2181 1748 2284 ji

309 2278 415 2336 ruente
435 2271 645 2355 persolvunt?
675 2270 766 2362 Quae
788 2277 985 2354 potestesse
1007 2271 1090 2334 vitae
1110 2270 1291 2334 iucunditas
1313 2269 1446 2334 sublatis
1468 2268 1636 2332 amicitiis?
1666 2302 1668 2311 ν

309 2385 392 2449 quae
418 2382 512 2448 porro
545 2364 684 2427 amicitia
713 2371 817 2448 potest
843 2385 913 2427 esse
934 2365 1018 2428 inter
1039 2365 1202 2447 ingratast
1247 2356 1635 2462 samosathaenus:

309 2458 481 2523 liberaliter
512 2459 682 2532 educatus,
699 2452 766 2547 (cui
794 2477 859 2520 non
887 2458 1089 2533 educatores,
1123 2461 1174 2522 cui
1200 2479 1264 2522 non
1292 2458 1433 2539 magistri
1462 2459 1511 2521 sui
1538 2463 1673 2539 atquem

310 2552 472 2626 doctores,
494 2552 545 2614 cui
566 2571 632 2614 non
654 2551 743 2614 locus
765 2551 834 2635 ipse
856 2558 961 2615 mutus
982 2551 1054 2626 ille,
1077 2553 1131 2615 ubi
1154 2552 1246 2616 alitus
1268 2558 1321 2615 aut
1342 2550 1456 2614 doctus
1478 2539 1545 2650 est)
1562 2570 1635 2612 cnm

309 2654 397 2729 grata
423 2643 641 2710 recordatione
653 2623 704 2744 (in
733 2653 839 2708 mente
869 2654 1012 2729 vers-etur
1065 2646 1161 2710 Cuius
1184 2666 1261 2728 opes
1283 2651 1388 2708 tantae
1410 2663 1481 2707 esse
1502 2650 1636 2726 possunt
1743 2650 1828 2748 ηρ

309 2750 363 2806 aut
383 2760 535 2824 umquam
547 2741 686 2815 luerunt,
711 2759 794 2825 quae
808 2741 877 2803 sine
891 2741 991 2803 multo
1031 2761 1062 2802 m
1078 2741 1251 2804 amicorum
1266 2736 1378 2804 officiis
1392 2743 1476 2801 stare
1490 2736 1635 2819 possint?
1658 2741 1660 2746 ’

309 2855 391 2920 quae
420 2841 506 2898 certe
533 2834 655 2898 sublata
682 2835 831 2897 memoria
860 2841 892 2897 et
913 2834 1013 2917 gratia
1032 2834 1122 2897 nulla
1144 2841 1269 2898 exstare
1291 2836 1434 2917 possunt.
1476 2827 1634 2913 Equidem

309 2929 388 2992 nihil
414 2934 479 2992 tam
510 2928 672 3012 proprium
700 2926 840 2991 hominis
869 2928 1017 2990 existimo
1046 2948 1140 3011 quam
1169 2947 1234 2990 non
1256 2927 1352 2990 modo
1373 2921 1545 2997 beneficio,
1578 2922 1672 2990 sedat

284 3023 404 3087 'etiam
427 3021 667 3087 benevolentiae
688 3018 920 3104 significatione
941 3021 1082 3104 alligari,
1112 3020 1191 3084 nihil
1213 3041 1307 3104 porro
1329 3026 1393 3084 tam
1414 3018 1633 3092 inhumanum,

309 3125 372 3180 tam
394 3117 545 3190 immane,
567 3123 631 3177 tam
652 3114 754 3179 ferum
777 3135 872 3198 quam
894 3116 1090 3179 committere
1111 3121 1148 3179 ut
1168 3112 1324 3179 beneficio
1346 3134 1410 3177 non
1427 3111 1529 3176 dicam
1551 3110 1634 3174 indi-

309 3231 406 3294 gnus,
427 3208 484 3272 sed
506 3209 608 3272 vietus
629 3228 700 3271 csse
722 3207 858 3272 videare.
897 3205 948 3270 82.
972 3208 1062 3285 Quae
1084 3230 1155 3273 cum
1178 3210 1222 3273 ita
1244 3209 1321 3284 sint,
1343 3207 1406 3272 iam
1421 3204 1633 3280 succumbam,

308 3303 504 3377 Laterensis,
526 3303 578 3364 isti
600 3309 655 3366 tuo
678 3301 800 3365 crimini
824 3322 938 3386 meque
960 3302 994 3365 in
1017 3323 1055 3366 eo
1077 3303 1164 3388 ipso,
1193 3303 1226 3366 in
1249 3321 1314 3386 quo
1336 3301 1416 3366 nihil
1438 3305 1634 3383 potestesse

309 3397 459 3471 nimium,
488 3396 640 3479 quoniam
661 3396 705 3458 ita
726 3404 760 3459 tu
782 3396 844 3469 ris,
875 3396 1008 3460 nimium
1035 3405 1156 3479 gratum
1179 3417 1249 3462 esse
1271 3395 1442 3458 concedam
1463 3400 1671 3478 petamqueao

308 3511 327 3554 a
348 3491 455 3565 vobis,
476 3490 613 3564 indices,
635 3495 670 3551 ut
692 3508 764 3551 eum
785 3485 939 3552 beneficio
962 3491 1224 3574 complectamini,
1247 3511 1341 3574 quem
1356 3491 1411 3571 qui
1429 3485 1635 3570 reprehendit

306 3588 340 3649 in
362 3604 401 3648 eo
422 3583 643 3668 reprehendit,
666 3581 754 3667 quod
776 3590 900 3665 gratum
920 3591 1045 3666 praeter
1066 3585 1194 3648 modum
1217 3584 1394 3647 dicatease.
1422 3584 1533 3665 Neque
1548 3581 1634 3644 anim

306 3679 388 3743 illud
409 3678 449 3742 ad
470 3677 691 3760 negligendam
712 3677 815 3741 nicam
838 3677 969 3760 gratiam
991 3678 1086 3741 debet
1106 3677 1226 3752 ualere,
1250 3676 1337 3760 quod
1353 3675 1435 3740 dixit
1455 3676 1555 3750 idem,
1577 3695 1633 3738 uos

308 3793 368 3836 nec
390 3778 541 3837 nocentes
563 3792 623 3834 nec
644 3771 801 3855 litigiosos
824 3788 910 3845 esse,
939 3790 1002 3853 quo
1030 3771 1136 3833 minus
1157 3791 1207 3834 me
1228 3768 1314 3854 apud
1335 3790 1392 3833 vos
1413 3770 1519 3834 valere
1540 3788 1634 3851 opor-

309 3875 407 3931 teret:
430 3866 522 3949 quasi
544 3885 618 3930 vero
640 3865 675 3928 in
696 3865 835 3928 amicitia
856 3884 928 3927 mea
948 3883 1015 3927 non
1036 3865 1116 3928 haec
1135 3863 1303 3950 praesidia,
1326 3864 1352 3927 si
1367 3884 1449 3947 quae
1464 3864 1545 3927 torte
1560 3869 1671 3928 sunta:

308 3961 342 4022 in
372 3981 440 4035 me,
467 3967 576 4043 parata
606 3978 730 4044 semper
758 3956 868 4021 amicis
891 3977 960 4022 esse
983 3959 1147 4022 maluerim
1170 3979 1265 4042 quam
1286 3958 1473 4021 necessaria.
1508 3956 1633 4020 Etenim

374 4234 397 4282 t.
416 4244 471 4295 :aps
490 4231 555 4281 T-
578 4231 800 4292 tconcurruoto
819 4257 846 4267 -
865 4230 1010 4291 mmmmm
1031 4230 1200 4280 Garatonius:
1223 4235 1329 4293 proptor
1347 4231 1492 4293 ottpuomm
1510 4229 1580 4281 TEO
1604 4255 1631 4264 -

307 4306 564 4370 cumeorult-
578 4305 764 4356 3.omaa'sT-
783 4318 828 4369 spo
843 4306 904 4358 boso
920 4309 955 4358 T:
974 4310 1035 4358 tusc
1051 4321 1096 4371 apo
1113 4308 1147 4366 E:
1166 4319 1211 4370 epo
1226 4307 1302 4358 traco
1317 4334 1343 4346 -
1362 4307 1386 4359 l.
1404 4303 1554 4358 accumbo
1570 4303 1631 4352 T-

308 4386 333 4434 6.
351 4384 407 4434 tw
421 4381 559 4433 oromate
574 4381 688 4444 lceplus.
703 4405 730 4415 -
749 4381 773 4430 T.
789 4381 874 4442 piosaco·
890 4384 958 4434 rotro
973 4385 1038 4434 T-
1055 4383 1081 4433 8.
1100 4383 1227 4433 Diateutor
1243 4387 1326 4433 masau
1342 4384 1362 4434 E
1382 4409 1409 4421 —
1429 4383 1469 4433 tt).
1488 4379 1597 4431 obtsccm
1613 4378 1633 4427 T

309 4456 509 4521 -ptouctT-
530 4455 1056 4520 tt.maotrtuttbusE—udscotomT-
1076 4459 1297 4520 inescaretur:
1313 4457 1373 4508 TE:
1391 4455 1631 4522 prutmomo-

309 4533 434 4584 raam
455 4531 520 4582 ausu
540 4534 576 4581 eat
596 4531 630 4590 Τ;
657 4531 701 4580 Est
722 4531 787 4581 otim
808 4531 869 4582 boec
890 4533 910 4583 E
930 4560 957 4570 -
985 4531 1025 4584 tl.
1045 4532 1414 4595 ouuutpetacoma-
1436 4529 1584 4594 porcessa
1604 4554 1631 4564 -

309 4609 349 4659 tt.
368 4609 434 4671 Quid
448 4611 507 4658 suot
522 4607 541 4656 T
555 4632 580 4644 -
602 4605 643 4656 46.
661 4606 705 4668 qui
719 4606 868 4670 rctiptomcn
884 4608 987 4658 colantes
1002 4607 1086 4659 habet
1101 4607 1245 4658 Arusianus
1262 4607 1297 4658 ll.
1316 4620 1342 4671 p.
1355 4607 1404 4657 220
1416 4607 1460 4657 ed.
1472 4605 1590 4656 lindam.
1603 4627 1630 4640 -

307 4683 426 4746 ratque
441 4682 462 4733 E
480 4707 507 4717 -
526 4682 567 4731 ⁴7.
585 4681 623 4729 dis
639 4681 674 4730 T:
694 4682 741 4730 dtis
757 4683 806 4732 EO
824 4709 851 4719 -
875 4683 979 4734 menori
994 4697 1029 4732 m.
1045 4683 1189 4745 persolvunt
1205 4680 1292 4732 babet·
1302 4683 1451 4734 Priscianus
1467 4682 1522 4740 Vll,
1539 4678 1631 4739 tbbl.

311 4781 338 4793 -
359 4755 398 4807 tlt.
416 4755 719 4807 uttoaiucaadttotTE:
738 4757 997 4808 tucuudttosuitaco
1017 4785 1043 4794 -
1062 4759 1104 4810 tt.
1121 4757 1343 4809 ittcmutocE-
1361 4757 1403 4808 abt
1420 4751 1635 4807 wambane:

310 4832 458 4882 Priscianus
474 4831 509 4892 X,
528 4831 558 4889 6,
576 4829 617 4880 36.
632 4855 661 4866 -
679 4830 755 4881 ultas:
771 4832 834 4882 TE:
853 4833 919 4882 dara
934 4833 964 4884 0.
982 4832 1022 4884 Gt.
1035 4831 1164 4884 Klotzium
1181 4831 1335 4885 ed.Teubn.
1354 4847 1381 4898 p.
1394 4833 1470 4883 lllltl.
1483 4857 1517 4868 -
1532 4834 1568 4879 ast
1578 4839 1632 4878 om.

310 4907 330 4956 E
350 4932 377 4942 -
395 4904 437 4956 tt.
455 4905 539 4957 cultos
555 4906 613 4956 TE.
638 4906 709 4956 «Sed
726 4920 860 4970 quasnam
881 4909 929 4960 ista
946 4909 1031 4958 oratio
1048 4909 1102 4959 est:
1128 4901 1281 4970 Gatru'opas
1300 4913 1387 4958 matos
1407 4919 1457 4958 erac
1475 4907 1633 4967 porcean,

311 4995 423 5044 quaen
433 4985 501 5032 :turc
512 4981 626 5044 possint?
641 4994 708 5043 quos
722 4987 788 5034 certa
805 4982 886 5047 (opes)
898 5007 936 5018 --
945 4982 1031 5032 cattos
1046 4987 1147 5032 castore
1159 4984 1281 5044 poscunt?
1302 4983 1331 5034 ln
1348 4981 1430 5032 altera
1446 4980 1559 5034 lectione
1575 4990 1636 5032 sen·

311 5057 391 5107 tentia
409 5056 545 5119 aptissima
561 5057 629 5107 haec
640 5059 694 5107 est:
713 5070 779 5122 opes
791 5057 898 5120 olflciis,
916 5056 1001 5106 officia
1014 5057 1095 5121 gratie
1107 5057 1249 5108 nituntur.»
1262 5057 1413 5108 Hunnrrous.
1428 5086 1455 5095 -
1473 5057 1514 5108 αθ.
1532 5055 1635 5105 bonico-

311 5132 437 5182 taats'oeT
457 5157 482 5169 -
502 5132 543 5181 27.
562 5132 738 5184 tumeassT—
756 5133 798 5183 29.
815 5133 910 5195 osque]
927 5145 1005 5194 usqua
1022 5133 1082 5182 T-
1101 5133 1143 5184 34.
1161 5127 1426 5196 mpteumutr-
1445 5129 1634 5194 detractauere

312 5204 879 5278 cumr-at.e0pu:unersuprwr.
