4009 6159
412 541 493 616 4244
841 554 992 620 ORATIO
1014 555 1238 622 PHILIPPICA
1258 558 1298 621 Il.

82 809 83 816 ἵ
391 721 496 833 quod
519 721 646 805 proprie
665 742 770 786 meum
785 731 847 798 est,
869 724 1021 802 laudasti,
1045 727 1130 810 qnod
1144 732 1244 790 totum
1258 734 1308 791 est
1321 735 1458 803 senatus,
1479 729 1727 814 reprehendisti.

82 821 83 900 p
180 815 335 949 ‘fh‘
390 799 479 888 {nam
503 816 742 899 comprehensio
765 818 901 882 sontium
916 839 1000 894 mea,
1023 822 1254 886 animadversio
1269 831 1397 888 senatus
1411 821 1485 906 fuit>
1510 825 1614 887 Homo
1629 825 1728 888 diser·

407 919 458 974 tus
480 930 544 973 uon
566 910 716 994 intelligit
737 931 827 986 eum,
850 932 944 996 quem
968 916 1191 991 contradicit,
1214 916 1434 993 laudariase,
1456 940 1522 993 eos,
1543 918 1628 1002 apud
1645 937 1728 1000 quos

408 1003 499 1080 dicit,
527 1005 708 1088 vituperari.
752 999 801 1066 l9.
824 1006 889 1068 Iam
919 1007 996 1071 illud
1023 1011 1113 1073 cuius
1136 1018 1199 1085 est,
1228 1031 1293 1074 uon
1315 1011 1385 1075 dico
1406 1012 1620 1075 audaciae-
1580 1013 1729 1094 -cupit

383 1098 491 1162 terrim
522 1119 556 1160 se
584 1096 734 1162 audacem
761 1133 819 1174 —,
854 1101 926 1175 sed,
961 1103 1047 1187 quod
1075 1103 1203 1166 minime
1234 1104 1316 1179 vult,
1349 1105 1516 1179 stultitiae,
1549 1125 1612 1188 qua
1632 1107 1730 1170 vincit

406 1211 531 1267 omnes,
554 1192 625 1256 clivi
649 1193 817 1277 Capitolini
840 1197 1032 1260 mentionem
1053 1197 1172 1273 facere,
1194 1219 1266 1262 cum
1280 1200 1362 1262 iuter
1375 1198 1526 1262 subsellia
1540 1208 1646 1263 nostra
1660 1221 1730 1262 ver·

406 1294 515 1350 nentur
536 1289 674 1351 armatii
697 1309 766 1352 cum
787 1290 820 1351 in
844 1289 902 1354 bac
925 1291 1005 1354 cella
1021 1291 1233 1366 Concordiae,
1256 1293 1287 1354 di
1310 1293 1516 1356 immortalest
1539 1296 1571 1358 in
1594 1315 1657 1378 qua
1679 1313 1730 1356 me

407 1382 536 1444 consule
559 1383 712 1446 salutares
735 1385 909 1447 sententiae
931 1384 1035 1447 dictae
1060 1393 1149 1461 sunt,
1173 1386 1289 1470 quibus
1310 1386 1352 1450 ad
1373 1385 1455 1449 banc
1477 1387 1560 1450 diem
1582 1387 1729 1462 viximus,

407 1495 478 1538 cum
500 1475 611 1558 gladiis
633 1475 776 1540 homiues
797 1477 943 1540 collocati
966 1484 1076 1542 sicuti
1097 1482 1218 1544 Accusa
1240 1487 1402 1554 senatum,
1423 1500 1537 1545 accusa
1552 1489 1729 1566 equestrem

370 1569 566 1645 reordinem,
600 1571 654 1653 qui
685 1578 751 1634 tum
779 1592 849 1634 cum
880 1578 989 1634 senatu
1019 1573 1186 1656 copulatus
1214 1574 1288 1649 luit,
1321 1594 1434 1638 accusa
1461 1593 1570 1638 omnes
1592 1574 1730 1648 ordines,

408 1684 518 1728 omnes
540 1665 641 1739 cives,
663 1663 738 1728 dum
761 1662 929 1728 confiteare
951 1665 1036 1729 bunc
1058 1667 1201 1730 ordinem
1222 1667 1313 1731 boc'
1304 1688 1372 1753 rpso
1389 1676 1529 1752 tempore
1544 1667 1583 1730 ab
1598 1667 1730 1750 ltyraeis

407 1758 639 1822 ciscumsederi.
675 1759 761 1822 Haec
785 1768 819 1822 tu
840 1780 905 1824 uon
927 1769 1054 1844 propter
1075 1761 1239 1826 audaciam
1261 1762 1339 1826 dicis
1361 1769 1423 1825 tam
1441 1762 1650 1846 impudenter,
1671 1761 1729 1824 sed

408 1856 497 1937 quia,
525 1854 577 1934 qui
598 1859 716 1916 tautam
737 1873 842 1916 rerum
864 1854 1106 1938 repugnantiam
1129 1876 1193 1917 non
1214 1856 1339 1932 videas,
1370 1855 1449 1918 nibil
1471 1856 1612 1938 profecto
1634 1856 1729 1940 sapis.

409 1946 492 2021 Quid
515 1953 563 2008 est
584 1945 668 2009 enim
691 1947 867 2010 dementius
890 1968 1001 2032 quam,
1032 1968 1102 2011 eum
1124 1950 1170 2012 rei
1191 1950 1336 2033 publicae
1356 1949 1534 2034 peruiciosa
1555 1970 1641 2014 arma
1661 1951 1730 2035 ipse

371 2040 546 2123 inceperis,
570 2040 706 2103 obiicere
728 2041 817 2104 alteri
840 2041 1013 2105 salutaria?
1056 2039 1107 2104 20.
1122 2045 1161 2104 At
1176 2044 1269 2107 etiarn
1286 2043 1422 2128 quodam
1441 2043 1510 2106 looo
1524 2043 1645 2107 facetus
1660 2063 1730 2107 esse

408 2134 545 2197 voluisti.
582 2134 684 2210 Quam
706 2135 739 2198 id
761 2142 810 2209 te,
833 2136 865 2197 di
887 2136 979 2210 boni,
1002 2156 1067 2198 uon
1090 2136 1240 2200 decebatl
1274 2138 1309 2198 In
1334 2157 1398 2222 quo
1421 2145 1470 2200 est
1490 2145 1545 2200 tua
1559 2138 1650 2221 culpa
1665 2158 1731 2200 non

408 2227 513 2304 nulla3
534 2229 651 2311 aliquid
677 2231 760 2292 enim
783 2229 857 2293 salis
872 2250 891 2293 a
906 2230 1001 2292 mima
1014 2249 1115 2292 uxore
1130 2231 1254 2294 trahere
1274 2231 1416 2315 potuisti.
1455 2230 1605 2295 Cedant
1625 2251 1732 2294 arma

394 2332 537 2406 togae.
575 2322 683 2398 Quid‘l
705 2330 771 2387 tum
793 2343 898 2386 nonne
921 2327 1108 2387 cesserunt?
1138 2327 1179 2388 dt
1200 2333 1310 2409 postea
1331 2326 1393 2388 tuis
1414 2324 1509 2387 armis
1531 2325 1626 2388 cessit
1646 2332 1729 2406 toga.

409 2416 602 2492 Quaeramus
623 2419 734 2499 igilur,
757 2425 861 2481 utrum
884 2419 997 2484 melius
1019 2418 1130 2492 fuerit,
1152 2418 1290 2482 libertati
1313 2417 1421 2501 populi
1441 2417 1574 2481 Romani
1596 2417 1730 2481 scelera·

372 2519 511 2575 sotorum
534 2529 620 2574 arma
643 2529 683 2573 an
706 2511 883 2575 libertatem
905 2522 1043 2575 nostram
1065 2515 1161 2577 armis
1185 2515 1246 2577 tuis
1268 2513 1391 2576 cedere.
1426 2514 1491 2576 Nec
1513 2532 1587 2575 vero
1610 2512 1667 2574 tibi
1689 2510 1729 2574 de

409 2604 549 2668 versibus
571 2605 662 2688 plura
682 2605 895 2688 respondebo:
921 2614 1042 2670 tantum
1057 2607 1158 2671 dicam
1177 2606 1330 2682 breviter,
1353 2615 1382 2668 te
1404 2626 1509 2690 neque
1530 2605 1602 2669 illos
1624 2625 1729 2688 neque

411 2699 492 2762 ullas
521 2700 649 2762 omuino
678 2700 798 2764 litteras
828 2722 938 2775 nosse,
969 2721 1020 2763 me
1048 2720 1106 2764 nec
1133 2701 1178 2763 rei
1202 2701 1346 2784 publicae
1367 2721 1425 2763 nec
1447 2700 1556 2763 amicis
1578 2718 1728 2782 umquam

411 2793 565 2867 defuisse,
595 2800 627 2856 et
653 2801 757 2858 tamen
788 2796 872 2858 omni
899 2815 1015 2878 genere
1042 2795 1305 2858 monimentorum
1335 2815 1474 2858 meorum
1503 2792 1731 2878 perfecissent

408 2907 497 2952 meae
524 2888 649 2970 vigiliae
679 2907 831 2970 meaeque
853 2888 974 2952 litterae
997 2896 1030 2952 et
1049 2890 1207 2953 iuventuti
1228 2888 1372 2952 utilitatis
1394 2897 1426 2952 et
1446 2889 1567 2952 nomini
1588 2890 1730 2951 Romano

371 2983 510 3050 aclaudis
532 2983 654 3066 aliquid
675 2985 832 3047 allerreut.
871 2985 934 3046 Sed
955 2983 1034 3046 haec
1049 3003 1114 3046 non
1128 2983 1222 3046 buius
1237 2985 1403 3067 temporis:
1426 2983 1544 3047 maiora
1557 2982 1730 3047 videamus.

493 3078 547 3140 III.
570 3072 621 3140 Pl.
643 3079 676 3140 P.
701 3076 845 3142 Clodium
869 3099 938 3141 meo
962 3078 1096 3141 consilio
1118 3076 1317 3140 intersectum
1333 3097 1401 3141 esse
1417 3076 1536 3140 dixisti.
1573 3073 1730 3151 Quidnam

408 3171 553 3236 bomiues
576 3177 741 3254 putarent,
764 3173 789 3235 si
811 3180 879 3235 tum
901 3172 1023 3236 occisus
1039 3179 1138 3246 esset,
1161 3192 1231 3234 cum
1254 3179 1288 3234 tn
1311 3171 1431 3235 illum
1421 3191 1454 3234 ιιι
1477 3170 1546 3233 foro
1569 3177 1731 3252 spectante

407 3265 524 3351 populo
552 3265 694 3327 Romano
727 3265 831 3347 gladio
861 3267 1023 3330 insecutus
1053 3286 1087 3328 es
1115 3266 1337 3348 negotiumque
1360 3265 1581 3348 transegisses,
1614 3263 1674 3327 nisi
1695 3283 1731 3328 se

408 3358 493 3422 ille
484 3379 516 3420 ιιι
539 3358 639 3422 scalas
663 3359 810 3422 tabernae
825 3360 971 3423 librariae
987 3359 1200 3422 coniecisset'
1192 3360 1296 3444 risque
1311 3359 1460 3443 oppilatis
1475 3359 1627 3443 impetum
1641 3365 1731 3420 tuum

371 3453 671 3535 mcompressissett
705 3451 798 3530 Quod
822 3453 949 3538 quidem
973 3473 1032 3535 ego
1054 3438 1169 3516 favisse
1191 3473 1241 3515 me
1264 3453 1321 3516 tibi
1342 3453 1460 3527 fateor,
1483 3453 1620 3515 suasisse
1640 3470 1680 3513 ne
1695 3456 1730 3514 tu

474 3765 498 3813 4.
517 3769 551 3813 est
568 3764 627 3828 post
651 3767 729 3812 totum
750 3775 803 3812 om.
827 3763 849 3812 D
868 3787 895 3796 —
919 3763 944 3810 b.
963 3762 1135 3824 conpreeisesio
1151 3762 1185 3818 V;
1209 3773 1267 3810 cum
1282 3758 1463 3821 comprehensio
1485 3770 1501 3806 a
1509 3771 1526 3822 g
1541 3786 1575 3795 —
1596 3757 1731 3807 comoed

408 3840 573 3890 uersioV-
594 3837 787 3888 dissertusV-
807 3836 830 3886 3.
850 3837 989 3899 oputV-
1009 3836 1223 3888 5.uudecnnV:
1243 3835 1509 3885 audacerndicill-
1528 3833 1552 3883 6.
1571 3835 1727 3884 mnnisV—

408 3913 513 3966 subsella
531 3914 591 3962 V-
609 3918 742 3963 umsuntur
758 3912 769 3961 4
787 3940 813 3948 -
836 3913 861 3962 t.
880 3913 905 3962 di
923 3915 948 3962 t:
967 3913 1002 3962 dii
1019 3912 1109 3971 Vb0;
1127 3928 1143 3962 e
1160 3914 1194 3962 dii
1212 3926 1252 3976 ag
1270 3938 1297 3948 —
1317 3912 1342 3963 9.
1359 3925 1416 3960 cum
1431 3911 1513 3975 plodio
1528 3910 1553 3961 4.
1571 3910 1692 3960 conloceti
1708 3911 1732 3959 V

412 4017 439 4028 -
457 3988 588 4040 suntb—
609 3990 648 4040 ro.
666 4001 723 4038 omn
738 3993 851 4038 senonem
867 3987 898 4035 V¹
919 4015 944 4024 -
964 3990 1045 4052 copul.
1064 3991 1126 4038 esti
1145 4017 1172 4026 -
1190 3989 1270 4038 munis
1286 3989 1340 4039 ord.
1358 3987 1517 4038 omuisV-
1537 3987 1577 4036 44.
1594 3986 1733 4048 pturaeist

410 4077 442 4114 es
458 4065 576 4124 limacis,
595 4076 663 4128 quae
681 4076 744 4114 vera
761 4063 891 4126 scriptura
909 4063 1022 4115 videtur.
1037 4091 1064 4100 -
1084 4065 1125 4118 ti.
1144 4068 1171 4114 tu
1188 4077 1241 4114 orn.
1259 4063 1277 4112 b
1297 4090 1324 4100 -
1342 4063 1488 4125 inpudenter
1504 4075 1545 4125 ag
1563 4088 1590 4098 -
1614 4061 1654 4112 43.
1672 4063 1734 4125 quie

409 4140 452 4201 qui
467 4139 576 4203 scripsi:
596 4137 656 4201 quie
672 4138 708 4197 V,
728 4138 771 4200 qui
787 4138 901 4201 Doised
915 4140 976 4200 qnia
992 4144 1091 4188 metam
1101 4164 1138 4176 --
1148 4153 1198 4188 non
1213 4139 1298 4188 videns
1308 4140 1360 4188 cet.
1373 4137 1563 4200 Frotscberus.l
1577 4164 1604 4173 -
1624 4136 1664 4189 44.
1676 4151 1733 4187 cren

408 4215 459 4276 ipse
473 4214 511 4263 rei
528 4227 556 4276 p.
571 4227 644 4276 pern.
662 4227 737 4264 arene
753 4215 883 4276 ceperisD
904 4242 930 4252 -
957 4216 996 4264 45,
1015 4215 1096 4277 sectans
1113 4216 1124 4264 t
1142 4241 1168 4250 -
1190 4214 1229 4264 46.
1248 4213 1482 4276 quem--decebut
1497 4211 1575 4263 alleri
1589 4213 1732 4264 Arusianus

408 4303 435 4354 p.
453 4289 501 4338 223
518 4289 546 4339 l..
567 4313 594 4324 -
612 4289 639 4340 id
655 4294 678 4339 te
693 4289 716 4338 V
732 4291 759 4339 et
775 4290 934 4341 brustanus:
954 4295 977 4340 ts
994 4302 1048 4340 om.
1068 4290 1089 4339 4)
1108 4314 1135 4324 -
1159 4289 1195 4337 dii
1211 4288 1234 4336 V
1250 4302 1319 4338 corr.
1339 4302 1371 4338 ex
1388 4288 1428 4336 die
1447 4287 1511 4350 (boni
1527 4289 1562 4337 dii
1578 4288 1596 4348 t)
1614 4314 1641 4324 —
1659 4287 1733 4350 cuipu

407 4363 555 4414 nullab—
576 4364 868 4415 muranenses-ne
888 4389 914 4399 -
936 4365 975 4414 48.
994 4362 1322 4426 quiturthquidtnm?
1342 4361 1485 4425 nonnebt)
1505 4390 1533 4400 -
1556 4363 1594 4424 et]
1614 4363 1732 4412 udV-

410 4439 449 4490 49.
465 4439 632 4502 publicasset
654 4453 670 4503 g
689 4466 716 4476 -
741 4440 927 4490 isceleretorum
943 4441 965 4488 V
985 4466 1012 4476 -
1036 4441 1078 4490 20.
1096 4439 1145 4489 tuis
1161 4441 1239 4489 ermis
1255 4453 1270 4488 n
1289 4465 1315 4474 -
1338 4440 1379 4488 bi.
1396 4439 1506 4488 caremus
1522 4439 1570 4488 tuis
1586 4440 1597 4488 t
1613 4465 1640 4475 -
1656 4438 1734 4501 plura

409 4517 538 4567 omli-
557 4515 626 4566 teV:
646 4515 748 4576 emb,
766 4514 926 4568 sedhabeut
942 4528 984 4579 ag
1000 4517 1062 4566 ante
1079 4515 1178 4565 omnim
1191 4541 1217 4550 —
1236 4527 1315 4576 neque
1330 4515 1394 4565 uites
1411 4527 1464 4564 om.
1481 4513 1515 4574 4;
1532 4528 1611 4576 neque
1626 4515 1682 4565 illes
1698 4517 1735 4564 at

411 4618 438 4627 -
456 4603 501 4640 nec
514 4604 542 4653 p.
560 4603 583 4640 r.
603 4603 618 4640 a
638 4618 665 4628 ·-
684 4591 725 4640 23.
743 4595 767 4641 et
782 4590 819 4638 V:
844 4595 872 4639 ut
888 4591 909 4640 D
929 4617 956 4626 -
979 4596 1195 4641 monmnentormn
1211 4591 1231 4640 0
1249 4593 1340 4641 contra
1356 4602 1440 4640 meos.
1459 4615 1487 4624 -
1508 4590 1681 4652 perfecissent
1695 4590 1732 4639 V:

405 4666 560 4730 persecIssem
575 4665 706 4715 subsecivis
725 4670 753 4713 ut
774 4669 798 4724 t,
820 4665 950 4728 perfecisse
968 4667 1129 4728 [perfecissem
1145 4665 1196 4728 bg)
1214 4667 1296 4728 operis
1310 4664 1438 4715 4444444444
1453 4669 1482 4712 ut
1499 4664 1577 4714 codd.
1595 4662 1652 4714 rell.
1670 4665 1734 4716 etO

409 4742 466 4805 (sed
482 4755 499 4803 g
516 4741 646 4804 operibscr).
673 4741 712 4790 De
729 4741 799 4790 Orat.
813 4741 850 4798 ll,
869 4739 884 4802 5
901 4739 949 4791 364
967 4741 1031 4790 duit
1048 4741 1103 4792 Cic.
1115 4740 1241 4790 subsicivis
1256 4743 1347 4804 eperia,
1366 4746 1394 4790 ui
1410 4741 1495 4802 ciunt,
1514 4741 1658 4791 novitatem
1674 4753 1734 4789 me-

409 4816 534 4881 taphorae
551 4815 715 4877 significabo,
734 4815 762 4863 et
778 4813 896 4866 simililer
913 4815 946 4865 de
964 4817 1043 4879 Legg.
1056 4817 1080 4877 1,
1100 4815 1114 4880 5
1133 4816 1187 4866 tet
1203 4816 1242 4866 43.
1258 4843 1285 4852 -
1304 4815 1344 4868 bl.
1357 4829 1461 4878 meeqrse
1476 4816 1499 4864 V
1516 4840 1543 4850 -
1562 4815 1661 4865 nomine
1676 4818 1687 4865 t
1703 4841 1730 4850 -

408 4893 449 4942 25.
468 4890 594 4954 mimoni
606 4891 626 4938 V
640 4916 667 4926 -
686 4890 719 4940 ee
729 4890 830 4940 maiore
845 4891 974 4940 veniemus
990 4891 1011 4940 D
1027 4917 1053 4925 -
1072 4891 1113 4940 27.
1126 4895 1249 4952 spectante
1262 4890 1320 4940 Va:
1339 4891 1489 4952 inspectante
1504 4888 1596 4954 bgtO
1608 4892 1635 4938 et
1645 4886 1732 4939 Schol.

409 4967 475 5018 Bob.
493 4965 527 5015 ad
542 4979 580 5015 or.
600 4978 626 5029 p.
646 4962 696 5015 llil.
715 4964 730 5028 S
748 4963 793 5026 40,
813 4965 857 5029 qui
875 4965 952 5015 alleri
968 4965 1052 5016 verba
1068 4966 1188 5028 quidnam
1203 4967 1357 5016 tornines--
1369 4967 1514 5017 coniecisset.
1538 4965 1625 5016 secuti
1641 4977 1734 5015 sumus

409 5043 576 5100 Vaticanum
596 5039 701 5102 saepius
718 5039 788 5090 enim
807 5053 822 5090 a
839 5037 952 5091 librariis
968 5041 1107 5104 inspectore
1123 5041 1147 5091 in
1165 5039 1254 5092 locum
1269 5029 1425 5104 asspectum
1440 5039 1540 5093 illatum
1556 5039 1687 5097 videmus,
1704 5040 1735 5088 ut

410 5132 437 5184 p.
450 5118 511 5178 ili,
531 5117 570 5166 so.
586 5142 613 5152 -·
631 5115 672 5165 28.
690 5115 776 5180 plodio
792 5117 814 5164 V
831 5117 858 5166 et
874 5115 976 5167 schot:
994 5117 1079 5182 plodio
1095 5117 1179 5165 scriem
1196 5116 1247 5165 DO
1263 5143 1290 5152 -
1308 5116 1357 5166 nisi
1372 5115 1417 5166 sub
1432 5117 1514 5166 mulus
1529 5130 1584 5166 a-
1603 5128 1629 5167 se
1644 5111 1732 5164 Sebol.

411 5195 471 5244 aute
488 5193 627 5244 coniecisset
643 5191 738 5254 babet,
757 5190 775 5243 b
792 5194 853 5256 post
869 5192 910 5242 iile
922 5219 947 5227 -
967 5192 1009 5242 49.
1027 5193 1294 5254 iisque--eompress
1313 5205 1366 5243 om.
1385 5205 1402 5242 a
1419 5217 1448 5228 -
1468 5192 1553 5254 bisque
1569 5205 1585 5253 g
1604 5215 1631 5224 -
1650 5189 1735 5249 undu·

411 5269 469 5320 letis
485 5270 521 5334 (tu
536 5269 706 5336 expunctum)
723 5281 740 5336 g
759 5295 786 5304 -
805 5268 846 5320 3⁰.
866 5267 936 5332 Quod
952 5269 1051 5332 quidem
1067 5267 1100 5316 V:
1119 5268 1167 5318 Sed
1183 5267 1243 5331 quid
1258 5267 1280 5318 D
1299 5294 1327 5303 —
1345 5281 1390 5332 spo
1404 5268 1541 5330 [4444444444
1557 5267 1600 5316 uer·
1613 5264 1732 5329 seueri.
