4009 6159
686 600 880 669 ADDENDA
899 603 952 667 ΕΤ
975 599 1246 667 conmanunt.
1544 596 1628 664 4445

311 768 412 821 Gabinii
433 770 531 823 iudicio
553 772 599 822 aut
620 772 647 821 in
670 772 727 822 eius
748 768 833 822 litium
854 770 1046 823 aestimatione.
1075 770 1168 833 itaque
1185 767 1321 819 Ciceronis
1336 764 1481 817 verborum
1498 766 1567 819 baec
1581 766 1631 818 luit

309 854 395 907 iorme
417 855 488 919 (ipsa
508 854 607 919 verba,
630 855 703 920 quod
725 854 760 906 44
781 856 884 908 initium
906 855 1013 915 attinet,
1038 853 1166 918 praestari
1189 851 1352 917 nequeunti:
1383 848 1459 914 [iiiiii
1479 851 1580 917 444444]
1602 852 1630 903 io

308 940 464 1002 44444444,
488 952 578 1002 quom
599 940 628 989 a
644 939 778 1007 4444444
793 940 871 990 aare
886 924 961 1001 4444,
984 937 1046 987 auu
1063 936 1169 987 44444
1186 937 1352 999 damnato,
1372 948 1446 999 4444
1461 936 1489 987 u
1504 949 1561 987 444
1577 936 1631 987 aas

309 1026 510 1074 aestimares.
535 1025 653 1088 Apparet
669 1025 697 1074 et
713 1024 849 1075 Ciceronis
865 1022 1011 1074 uerborum
1028 1023 1055 1072 et
1071 1020 1180 1083 iudicis,
1204 1032 1273 1085 quae
1290 1018 1502 1085 praecedebant,
1525 1022 1630 1086 partem

308 1107 474 1159 intercidisse
497 1110 543 1158 aut
564 1110 673 1172 propter
693 1106 766 1159 idem
781 1106 943 1159 vocabulum
959 1105 1001 1157 bis
1017 1106 1134 1171 positum
1151 1107 1198 1155 aut
1212 1106 1322 1171 propter
1338 1104 1392 1155 duo
1408 1104 1502 1157 similia
1519 1102 1630 1157 aliamve

309 1191 344 1243 ob
362 1203 486 1252 causam;
504 1190 585 1242 iudex
601 1193 690 1243 444444
708 1192 748 1243 444
763 1190 836 1256 loqui
852 1191 931 1241 flotus
948 1192 1019 1241 erat:
1037 1190 1082 1241 illo
1098 1188 1204 1255 (imai),
1221 1189 1314 1253 4444444,
1332 1190 1427 1253 copite,
1445 1202 1494 1253 quo
1510 1202 1541 1240 44
1555 1203 1631 1253 pecs-

308 1277 354 1325 444
365 1276 516 1339 4444444444.
542 1276 607 1327 Tota
623 1274 732 1340 quidem
752 1274 804 1326 loci
820 1274 905 1326 lorma
922 1276 994 1327 certa
1013 1275 1068 1337 est,
1087 1276 1160 1325 certa
1178 1274 1273 1336 etiam,
1291 1286 1361 1338 quae
1377 1274 1494 1335 restitui,
1513 1274 1632 1325 44444444

309 1360 337 1411 44
351 1361 505 1411 4444444444.
532 1358 622 1423 (Caput
637 1364 673 1411 eat
687 1360 715 1411 44
730 1360 873 1410 manum
889 1372 943 1411 uon
959 1358 1056 1409 dicitur
1072 1358 1172 1419 balina,
1191 1358 1242 1409 etsi
1258 1356 1311 1409 dici
1326 1356 1414 1422 aliquo
1431 1358 1512 1411 modo
1528 1360 1629 1424 potest:

308 1449 385 1507 ceput
400 1449 436 1495 eat
450 1445 479 1494 44
493 1444 595 1507 equam,
612 1448 747 1507 4444444444
761 1444 887 1504 ordinem
906 1441 989 1495 multo
1007 1443 1109 1493 minua:
1127 1446 1203 1505 copul
1219 1446 1290 1493 eret
1306 1444 1333 1493 to
1343 1442 1504 1507 Portarum)
1520 1445 1631 1495 444444.

375 1537 440 1602 543
456 1550 483 1603 p.
502 1536 576 1598 4444,
595 1538 628 1588 ti
649 1543 747 1599 tomen,
770 1550 848 1600 444444
868 1537 954 1588 4444444
974 1550 1026 1587 soa
1045 1536 1244 1600 4444444444444,
1266 1536 1323 1587 tute
1340 1538 1423 1589 ordint
1444 1537 1526 1601 ionem
1541 1551 1633 1589 444444

308 1621 396 1673 4444444
410 1636 462 1673 eos
478 1622 577 1671 44444444.
599 1623 692 1687 inepte
703 1622 745 1673 est
760 1634 849 1685 neque
866 1632 936 1683 eam,
954 1631 1025 1684 quae
1040 1619 1192 1682 requiritur,
1209 1618 1335 1671 orationis
1352 1619 1463 1685 liguram
1475 1621 1555 1673 eilicit
1565 1624 1633 1673 baec

309 1706 423 1757 duarum
440 1706 634 1759 sententiarum
651 1706 833 1770 negativarum
851 1704 1017 1761 coniunctio,
1035 1716 1097 1755 nam
1114 1704 1286 1768 perspicuum
1301 1706 1356 1765 est,
1375 1705 1427 1756 boc
1444 1705 1495 1758 dici
1506 1706 1632 1759 debuisse

310 1793 339 1841 44
353 1791 407 1843 boc
422 1790 558 1852 concludi,
577 1793 716 1852 senatum,
739 1802 823 1855 quum
839 1788 902 1840 alibi
918 1787 1071 1839 incendium
1088 1788 1277 1849 restingueret,
1299 1790 1417 1852 equestri
1434 1790 1518 1841 ordini
1535 1804 1633 1842 novum

310 1875 400 1939 ignem
421 1874 517 1927 subiici
537 1887 591 1925 non
613 1875 723 1931 siuisse;
747 1877 956 1939 repugnaturum
978 1872 1050 1923 enim
1072 1870 1123 1922 eibi
1142 1870 1233 1923 luisse.
1259 1871 1361 1923 Deinde
1377 1886 1504 1938 perversa
1521 1876 1590 1926 baec
1606 1876 1634 1928 et

310 1972 420 2024 pmrsus
435 1959 521 2011 444444
537 1960 577 2010 rei
593 1973 658 2011 uon
674 1959 759 2011 iactae
776 1957 838 2020 lodii
854 1971 908 2009 nou
923 1955 1051 2018 restincti)
1063 1956 1282 2008 commemoratio
1299 1958 1378 2008 etiam
1395 1957 1460 2011 lalaa
1476 1971 1526 2024 per
1536 1974 1565 2011 se
1576 1962 1633 2025 ipse

311 2046 367 2105 est;
390 2056 454 2095 nem
470 2045 594 2106 senatus,
617 2056 702 2108 quum
723 2040 811 2106 legem
833 2041 998 2093 4444444444
1015 2039 1050 2093 44
1071 2038 1242 2104 repetundis,
1260 2053 1329 2104 quaa
1346 2040 1380 2092 44
1396 2044 1534 2096 senatores
1551 2046 1634 2110 perti·

309 2130 401 2190 neret,
419 2127 482 2179 ierri
499 2127 620 2189 iuberet,
637 2128 730 2177 odium
746 2123 928 2189 restinguebat
943 2124 1006 2187 (boc
1016 2126 1071 2188 444,
1089 2124 1255 2188 restinguere
1266 2124 1430 2189 conebatur).
1451 2128 1505 2180 44444
1521 2127 1634 2181 multum

310 2210 400 2274 lallor,
419 2213 514 2263 Cicero
530 2212 570 2264 sic
585 2212 705 2275 scripsit:
725 2214 823 2272 444444,
842 2222 919 2273 quam
935 2210 1021 2260 444444
1036 2214 1181 2260 nostrum
1195 2209 1394 2273 restinguenda,
1410 2211 1469 2262 44444
1484 2214 1567 2263 ordini
1581 2215 1632 2265 cet.

310 2297 391 2347 Recte
409 2297 463 2349 iam
479 2297 589 2347 senatus
605 2294 724 2359 equestri
741 2294 826 2345 444444
844 2294 991 2345 contrarius
1007 2294 1115 2359 ponitur
1130 2296 1311 2358 apparetque,
1331 2306 1379 2345 cur
1394 2295 1462 2347 baec
1478 2296 1562 2349 uerba
1577 2298 1635 2349 tatic

309 2381 394 2431 ordtst
415 2381 531 2446 primum
551 2378 642 2431 locum
664 2381 780 2431 teneant.
808 2380 876 2431 Nem
899 2379 987 2430 minus
1003 2374 1146 2429 verisimile
1162 2376 1268 2429 videtur
1284 2380 1391 2429 omuino
1410 2378 1557 2432 tollendum
1573 2394 1634 2435 4444

309 2478 360 2516 eos
381 2465 444 2528 (etsi
465 2465 495 2517 id
516 2463 579 2515 alibi
599 2476 707 2528 quoque
730 2465 757 2515 in
779 2464 830 2515 bac
846 2464 966 2514 oratione
982 2474 1065 2527 prave
1083 2462 1111 2513 el
1126 2460 1245 2523 additur,
1271 2462 1397 2528 44544,
1418 2466 1446 2515 44
1461 2467 1590 2518 omissum
1606 2467 1634 2518 in

310 2548 390 2601 codd.
408 2550 463 2607 est.
481 2551 512 2601 ut
526 2548 589 2613 59),
608 2550 639 2599 44
648 2549 696 2600 sit:
714 2552 798 2599 444444
814 2561 892 2611 quem
906 2548 993 2597 444444
1008 2546 1193 2610 mdopueretis
1202 2548 1266 2609 oet,
1284 2549 1487 2613 contrariaeque
1503 2554 1635 2615 ponantur

310 2633 365 2685 odii
386 2634 523 2687 restinctio
544 2636 573 2684 et
591 2634 653 2683 novi
674 2632 742 2696 iguis
762 2632 903 2684 subiectio.
932 2633 963 2682 ln
984 2631 1037 2682 bac
1056 2630 1189 2683 sentenia
1205 2630 1248 2683 vix
1268 2628 1312 2683 illo
1329 2630 1388 2684 loco
1405 2636 1569 2699 ponerentur
1584 2636 1634 2688 ista

310 2718 368 2770 44444
384 2719 476 2770 ordint.
498 2719 608 2771 4444444.

377 2803 443 2868 549
465 2815 493 2867 p.
513 2801 587 2863 4444,
606 2801 645 2852 ta.
668 2801 779 2863 0444444
794 2805 874 2851 riarde
889 2801 911 2850 44
925 2812 966 2851 ore
981 2800 1027 2851 04.
1045 2800 1154 2862 Pornpeit
1168 2800 1308 2849 4444444444
1323 2800 1350 2850 to
1365 2802 1478 2866 pradum
1493 2816 1543 2855 444
1558 2802 1635 2856 4444-

204 2883 212 2899 “
310 2888 402 2950 444444,
419 2900 487 2937 oreae
501 2887 555 2937 4444
569 2886 647 2949 ipsius
660 2886 766 2947 4444444
780 2886 917 2935 mereret.
933 2885 1030 2935 8444444
1041 2882 1143 2935 Gabinii
1160 2882 1301 2949 appellatio
1317 2888 1379 2950 apta
1396 2890 1469 2939 esset
1484 2888 1511 2939 in
1528 2902 1559 2939 ea
1571 2902 1636 2941 sen·

313 2972 409 3033 tentia,
432 2983 502 3035 quae
518 2970 589 3021 banc
604 2968 757 3035 praecedit,
779 2968 826 3019 ubi
848 2970 928 3021 etiam
947 2969 1057 3033 4444444444
1073 2968 1181 3030 dicitur,
1203 2969 1227 3019 ei
1243 2969 1279 3020 ad
1294 2970 1365 3021 banc
1381 2970 1493 3023 lormem
1510 2984 1542 3023 ea
1559 2984 1635 3025 com-

312 3056 399 3121 posite
415 3056 501 3106 esset:
519 3067 593 3117 queas
607 3058 714 3105 44444444
728 3053 837 3117 4444444,
854 3066 911 3104 aaa
927 3053 1051 3118 4444444444
1064 3052 1161 3105 nourr
1175 3066 1227 3104 444
1242 3053 1329 3115 &bem
1346 3055 1399 3107 boc
1414 3054 1488 3118 loco,
1506 3056 1553 3108 ubi
1569 3070 1636 3109 con-

312 3140 423 3191 trarium
444 3138 557 3191 iulertur
577 3152 644 3189 4444
660 3140 713 3189 4444
728 3137 847 3189 absurde
864 3140 913 3190 esi.
943 3136 1057 3189 Codices
1074 3136 1143 3188 banc
1159 3136 1261 3190 habent
1277 3139 1451 3205 scripturam:
1476 3154 1582 3205 quotane
1596 3155 1637 3194 me

312 3229 419 3275 44444444
434 3223 479 3274 Cra
495 3224 604 3286 Pompeii
622 3224 731 3286 (omisso
747 3223 787 3286 et).
813 3221 990 3273 scribendum
1008 3224 1063 3275 est:
1085 3223 1196 3285 04444444
1212 3234 1252 3273 uie
1267 3224 1294 3273 si
1310 3228 1384 3275 oete
1400 3225 1444 3276 cb.
1462 3226 1571 3289 Pompeii
1586 3240 1637 3278 aas·

312 3309 416 3359 ctoritos
431 3308 650 3370 ceremoniam,
667 3321 735 3359 4444
750 3309 804 3359 4444
818 3307 896 3371 444444
909 3306 1016 3370 [actm
1031 3306 1168 3359 reduceret.
1193 3307 1231 3359 Ex
1247 3308 1258 3358 4
1273 3307 1373 3361 lectrum
1389 3314 1413 3370 4;
1431 3310 1454 3361 44
1466 3311 1563 3362 erroris
1577 3310 1636 3364 lona

313 3406 346 3445 ec
361 3394 450 3459 potius
467 3392 552 3444 omnis
569 3405 653 3443 error.
674 3392 787 3444 4444444.

379 3487 396 3550 5
412 3488 441 3537 it
461 3499 489 3550 p.
508 3485 582 3547 4449,
599 3486 629 3537 et
649 3483 811 3537 adnotaboui
826 3486 895 3537 baec
912 3483 1079 3549 ediungenda
1097 3487 1172 3537 suut:
1191 3498 1269 3549 44444
1283 3486 1311 3537 in
1322 3484 1456 3539 (4444444444
1470 3488 1549 3541 iarden
1564 3501 1635 3555 44444,

312 3569 1152 3632 nitthodbiodutrea,qratmieeasntttsroeetimurentur0.

378 3661 751 3730 stip.illi,imellm:
775 3664 1281 3727 ammonitarum&
1302 3664 1550 3732 44444444444444,
1573 3682 1638 3734 psus

313 3749 389 3801 litteo
403 3749 484 3814 regia,
502 3760 568 3811 quoe
584 3749 715 3800 4444444444
730 3749 811 3814 coegit
824 3749 951 3813 perferre,
966 3748 1085 3812 4444444444
1102 3761 1213 3811 quorum
1228 3750 1280 3799 cet.
1298 3748 1348 3813 (ii.)

380 3840 445 3907 544
465 3856 493 3908 p.
512 3841 588 3905 4444,
606 3842 648 3894 44.
676 3844 833 3894 Necessaria
853 3846 895 3895 est
915 3844 1034 3907 uegetlo,
1060 3853 1223 3907 quamquam
1244 3854 1277 3893 ex
1299 3841 1362 3893 lictu
1383 3842 1524 3897 liotomeui
1545 3846 1637 3900 codice

314 3926 477 3992 recipienda.
496 3927 599 3990 Ssmpm
614 3926 682 3977 444444
698 3940 751 3978 444
763 3932 805 3979 est
815 3940 915 3991 quoquo
926 3929 1000 3978 modo
1015 3928 1091 3990 possit
1101 3940 1127 3977 ss
1137 3926 1267 3990 sepedo-e,
1286 3925 1335 3977 sed
1346 3927 1486 3993 sapientis,
1504 3932 1554 3981 etsi
1566 3944 1636 3991 sero;

314 4010 410 4063 stultus
432 4024 486 4064 non
506 4024 537 4063 se
560 4011 680 4077 expedit,
704 4012 755 4064 sed
774 4024 884 4077 semper
905 4013 989 4077 magis
1010 4010 1174 4076 implicatum
1197 4010 1295 4062 deinde
1311 4012 1410 4065 omissa
1429 4015 1570 4078 negatione
1586 4016 1638 4068 boc

315 4098 411 4149 Cicero
433 4097 508 4158 dicit,
534 4095 577 4159 id,
603 4096 677 4161 quod
696 4098 837 4149 Postumus
859 4096 963 4159 ieoarit,
989 4108 1044 4147 nou
1065 4094 1151 4147 solnm
1169 4108 1230 4147 sero
1247 4094 1374 4161 sepientis
1390 4108 1465 4161 asse,
1491 4098 1638 4153 sedetiam

314 4192 425 4246 semper
444 4178 530 4240 stulti3
554 4180 644 4244 itaque
665 4184 821 4233 Postumum
844 4192 953 4245 semper
972 4178 1082 4232 stultum
1103 4180 1179 4243 44444,
1203 4182 1230 4231 44
1250 4180 1340 4231 nmen
1357 4180 1409 4231 boc
1426 4182 1451 4232 el
1473 4184 1638 4249 propositum

315 4266 370 4327 444,
393 4268 424 4314 ut
443 4264 581 4327 ostendat,
606 4267 775 4327 Postumum,
799 4264 873 4329 qnod
892 4264 966 4330 regio
983 4265 1096 4331 imperio
1113 4263 1351 4330 obtemperaverit,
1375 4262 1438 4318 nihil
1455 4264 1551 4319 iecisse
1568 4268 1639 4321 41444

315 4348 366 4399 nisi
387 4350 418 4399 ut
437 4362 489 4399 eos
509 4362 606 4412 semper
627 4349 722 4401 stultus
739 4351 824 4411 esset,
847 4347 909 4410 sed,
933 4360 1017 4413 quum
1038 4348 1112 4399 initio
1134 4346 1229 4400 stultns
1251 4348 1356 4413 luisset,
1380 4362 1442 4402 sero
1458 4348 1555 4405 saltem
1569 4354 1639 4405 resi-

316 4433 441 4499 pisceret.
466 4434 578 4485 4444444.

380 4517 447 4582 5444
468 4530 495 4584 p.
514 4515 587 4578 4444,
605 4516 647 4569 ii.
668 4518 797 4568 4444444
812 4516 1141 4580 [ammonerent
1157 4518 1290 4568 4444444444
1306 4516 1352 4567 444
1368 4516 1641 4573 mennonium

317 4603 360 4666 qui
376 4615 394 4653 o
409 4614 468 4667 4444
483 4606 544 4653 44444
559 4603 713 4653 4444444444.
738 4602 847 4654 ltectem
870 4601 996 4651 orationis
1019 4599 1133 4652 lormam
1155 4601 1224 4652 banc
1241 4613 1316 4652 essa:
1339 4601 1389 4653 niel
1405 4602 1523 4655 4444444444
1533 4630 1570 4644 --
1580 4612 1641 4658 esset

316 4688 476 4747 4444444444,
493 4686 623 4739 Patricius
639 4686 668 4736 et
682 4684 793 4738 oreilius
809 4686 965 4747 senseruni;
983 4696 1047 4736 nam
1063 4696 1114 4737 uec
1131 4684 1248 4737 brevitas
1265 4684 1308 4737 illa
1324 4686 1373 4737 4444
1389 4686 1506 4739 4444444444
1522 4690 1578 4755 ipro
1591 4692 1641 4743 4444

316 4772 434 4821 4444444444
452 4772 520 4833 aare)
541 4771 716 4822 Ciceroniana
738 4774 793 4832 est,
817 4769 867 4822 sed
888 4771 1030 4833 argenteae
1053 4769 1146 4821 aetatis
1167 4772 1342 4836 seriptcmm,
1366 4782 1417 4822 neo
1439 4770 1590 4839 dioecetes,
1617 4777 1641 4829 si

317 4853 486 4906 delinieudm
509 4858 591 4918 esset,
614 4856 654 4907 sic
671 4854 841 4906 definiretur:
865 4853 911 4917 qet
925 4866 943 4903 o
957 4866 1016 4918 4444
1032 4854 1177 4904 constitues
1192 4860 1241 4917 est,
1264 4854 1379 4915 omisso,
1403 4855 1475 4920 quod
1492 4861 1572 4923 caput
1588 4864 1639 4925 eet,

318 4940 363 4991 cui
381 4941 420 4991 rei
437 4938 557 5005 agendae
573 4939 734 4993 constitutus
749 4941 823 4992 esset
844 4936 898 5002 (qai
913 4950 933 4988 4
946 4949 1006 5001 rese
1022 4938 1057 4987 od
1071 4938 1166 4989 4444444
1180 4939 1253 5001 nari
1267 4938 1481 4991 moerorum
1495 4944 1642 4997 4444444444

316 5023 378 5090 eat),
402 5027 430 5077 et
449 5037 510 5077 rem
525 5024 633 5077 coniicit
647 5037 796 5090 verumque
812 5020 928 5075 ostendit
946 5020 1134 5086 imperfectum
1150 5022 1309 5073 coniunetlvi
1326 5024 1433 5089 tempus
1448 5030 1518 5078 44444.
1544 5027 1597 5079 Sed
1613 5032 1641 5081 et

319 5109 364 5173 qut
383 5121 533 5174 pronomen
552 5109 648 5161 iniuria
669 5107 761 5159 delent
782 5108 810 5159 et
829 5108 858 5159 iu
878 5104 970 5157 uerbis
985 5118 1005 5156 4
1019 5117 1078 5169 rege
1096 5104 1225 5157 mendum
1245 5104 1412 5172 relinquant,
1433 5120 1484 5174 pro
1500 5111 1597 5176 quibus
1613 5116 1641 5167 in

320 5192 399 5245 codd.
417 5192 542 5246 scribitur
556 5194 632 5256 retis,
649 5193 742 5255 444444,
759 5192 842 5243 444444
867 5188 1045 5241 scribendum
1061 5190 1139 5254 puio:
1157 5190 1286 5241 14444444
1300 5190 1384 5255 ruere
1398 5200 1575 5260 4444444444,
1591 5199 1642 5251 m

318 5278 435 5333 4444444444
449 5276 506 5344 (tec
519 5279 587 5335 44444
602 5266 703 5333 aoniae
715 5276 812 5340 444444,
828 5274 884 5339 qai
899 5285 938 5332 eo
950 5272 1048 5342 44444)
1064 5277 1125 5327 44444
1139 5273 1292 5327 minas.
1317 5276 1469 5332 Pmuomeu
1484 5278 1642 5336 4444444444
