4009 6159
679 601 753 668 ω.
774 602 911 666 rn-x.
938 599 984 686 §p
1006 598 1149 666 at-at.
1531 584 1594 657 ser

273 773 322 837 vel
343 773 537 856 temporibus
559 773 606 838 rei
628 772 775 866 publicae
798 773 1020 857 communique
1041 772 1179 836 utilitate
1202 769 1320 854 deponi
1334 769 1386 832 vel
1407 765 1594 832 difficultate

272 867 446 931 ulciscendi
467 868 569 931 teneri
590 869 642 931 vel
665 875 818 931 vetustate
841 867 962 930 sedari:
985 886 1027 930 ne
1040 868 1122 929 bene
1135 866 1262 929 meritos
1277 864 1374 938 colas,
1395 883 1455 928 nec
1469 861 1594 926 exorari

272 961 318 1024 tas
346 968 396 1023 est
416 981 525 1043 neque
548 961 580 1024 id
602 962 648 1024 rei
671 960 817 1044 publicae
838 960 998 1024 remittere
1027 960 1142 1044 ntique
1163 978 1293 1022 necesse
1320 965 1385 1032 est3
1413 976 1519 1040 neque
1546 964 1596 1018 ost

274 1056 436 1118 excusatio
464 1051 658 1119 difficultatis
685 1075 789 1137 nequo
819 1073 955 1138 aequum
978 1061 1027 1117 est
1048 1061 1189 1136 tempore
1210 1059 1242 1115 et
1262 1053 1316 1115 die
1337 1048 1520 1115 memoriam
1539 1049 1596 1112 be·

273 1145 377 1212 noticii
399 1147 542 1211 delinire.
565 1150 726 1212 Postremo
743 1149 846 1232 quiin
861 1148 1046 1211 ulciscendo
1061 1147 1222 1211 remissior
1235 1145 1306 1220 luit,
1329 1147 1362 1208 in
1383 1164 1423 1208 eo
1445 1163 1504 1206 suo
1526 1143 1618 1206 iuret

272 1249 378 1325 aperte
393 1242 504 1304 utitur:
527 1251 559 1306 at
574 1243 759 1325 gravissime
774 1242 980 1324 vituperatur,
994 1241 1050 1326 qui
1064 1242 1096 1304 in
1112 1243 1206 1304 mutis
1220 1236 1391 1312 beneficiis,
1407 1243 1526 1321 quanta
1539 1256 1597 1299 ros

271 1338 304 1399 in
326 1356 376 1399 me
399 1336 590 1412 contulistis,
612 1337 849 1400 remunerandis
872 1344 920 1400 est
940 1336 1074 1410 tardior;
1096 1353 1200 1417 neque
1220 1333 1323 1397 solum
1337 1333 1487 1415 ingratus,
1509 1328 1597 1414 quod

271 1433 375 1514 ipsum
398 1449 492 1512 grave
515 1439 580 1505 est,
603 1451 710 1494 verum
734 1433 829 1494 etiam
850 1429 966 1512 impius
988 1430 1169 1512 appelletur
1189 1446 1320 1490 necesse
1334 1434 1390 1490 est
1426 1423 1541 1510 [Atque
1562 1424 1595 1486 in

272 1522 376 1588 officio
399 1524 609 1606 persolvendo
632 1525 795 1588 dissimilis
817 1532 866 1587 cst
887 1522 967 1586 ratio
990 1523 1144 1606 pecuniae
1166 1522 1299 1595 debitae,
1321 1526 1490 1603 propterea
1509 1516 1597 1602 quod

271 1617 439 1702 pecuniam
463 1618 517 1701 qui
539 1619 656 1681 retinet
676 1639 739 1682 non
762 1617 923 1692 dissolvit,
951 1619 1007 1701 qui
1028 1615 1167 1680 reddidit
1187 1636 1253 1678 nou
1273 1615 1385 1678 habet:
1413 1613 1544 1696 qratiam
1565 1616 1635 1674 otto

270 1713 328 1796 qui
349 1710 470 1774 rettulit
491 1711 604 1786 babet,
628 1722 660 1775 et
682 1713 737 1795 qui
759 1712 855 1775 habet
875 1707 1042 1793 dissolvit]

357 1807 398 1869 X.
430 1801 481 1868 24.
505 1806 706 1890 Quapropter
737 1806 921 1868 memoriam
950 1805 1047 1868 vestri
1076 1801 1222 1868 beneficii
1251 1803 1351 1866 colam
1377 1800 1598 1864 benevolentia

269 1901 479 1985 sempiterna,
507 1919 599 1981 neque
620 1900 715 1963 solum
735 1921 781 1962 me
801 1901 889 1974 oivo,
920 1899 976 1962 sed
1008 1897 1118 1973 etiam,
1148 1918 1220 1961 cum
1241 1898 1346 1960 ocimo
1366 1896 1502 1979 desecati
1521 1914 1596 1966 meo,

328 2221 352 2270 t.
366 2218 501 2284 diplomate
512 2221 530 2269 P
545 2245 571 2256 -
585 2219 610 2270 a.
620 2218 752 2269 marandi
768 2221 826 2272 PS:
845 2220 930 2271 mendi
941 2219 1022 2270 GEV
1034 2245 1062 2254 -
1075 2217 1196 2268 contirmt
1207 2218 1295 2268 Garat.
1308 2229 1382 2282 susp.
1395 2219 1421 2268 ia
1433 2218 1495 2270 Cur.
1508 2230 1596 2268 sec.-

268 2301 294 2350 2.
313 2311 345 2347 rto
361 2296 419 2347 benc
435 2297 535 2346 meritos
552 2295 664 2360 scripsi:
681 2309 713 2345 rte
732 2309 785 2345 om.
799 2296 908 2346 PGEV
919 2298 947 2345 et
963 2297 1024 2358 Lag.
1037 2295 1062 2345 8.
1076 2295 1116 2344 to.
1129 2294 1170 2344 st.
1182 2293 1228 2351 ΞΗ
1247 2293 1305 2344 bene
1319 2294 1421 2344 moims
1435 2306 1467 2342 os
1482 2294 1543 2355 Lag.
1555 2292 1598 2352 253

268 2375 329 2424 bens
345 2371 447 2422 merim
463 2371 524 2432 quio
540 2367 598 2419 roll.
618 2371 707 2433 lagg„
726 2370 771 2420 So
791 2395 818 2404 -
836 2382 914 2432 oeque
930 2370 1036 2420 macri
1052 2371 1072 2418 t.
1089 2395 1117 2406 —
1136 2370 1161 2420 3.
1178 2382 1257 2432 oecos
1272 2371 1299 2419 id
1314 2370 1368 2421 mei
1385 2371 1413 2420 et
1429 2369 1506 2433 lagg.
1519 2366 1600 2434 pleri·

268 2461 339 2513 que:
356 2461 401 2498 occ
417 2447 444 2496 id
460 2447 476 2496 b
493 2447 572 2508 lagg.
591 2447 618 2495 et
634 2445 654 2494 0
672 2471 699 2480 -
717 2445 756 2494 rei
774 2443 889 2510 publicos
905 2446 1030 2496 remittere
1046 2446 1182 2496 Garatoni:
1201 2446 1239 2495 roi
1252 2459 1280 2509 p.
1297 2450 1407 2508 repetere
1423 2443 1502 2494 codd.
1521 2455 1600 2494 men-

269 2525 335 2575 dose
353 2526 381 2572 et
396 2521 431 2580 0;
449 2521 528 2582 reip.
544 2521 606 2570 dore
617 2519 757 2578 Graevius3
777 2519 903 2582 equidem
920 2519 1035 2570 tentavi:
1053 2519 1132 2581 reip.
1150 2519 1300 2582 ternporibw
1315 2521 1454 2571 conemur.
1469 2545 1495 2555 —
1515 2519 1601 2580 utiquc

268 2597 427 2649 Lambinus:
446 2601 578 2664 edormqoe
589 2595 650 2656 Lag.
664 2593 688 2643 3.
702 2595 726 2642 6.
739 2594 763 2644 7.
777 2593 823 2653 so;
841 2591 1009 2655 crinesque
1021 2597 1048 2656 P,
1067 2594 1116 2645 sed
1132 2607 1190 2644 oen
1200 2597 1291 2646 vetere
1309 2609 1389 2646 manu
1401 2593 1518 2646 deletum
1528 2588 1597 2654 (utri

269 2676 312 2724 est
328 2675 353 2723 ia
373 2673 492 2722 extremo
509 2669 613 2731 versu);
632 2673 765 2730 utromque
781 2667 837 2720 rell.
856 2669 910 2720 mei
927 2673 953 2720 et
966 2670 1046 2732 lagg.
1065 2696 1092 2705 -
1110 2669 1135 2720 t.
1149 2683 1236 2720 cecum
1252 2674 1287 2720 ert
1303 2672 1336 2730 P3
1355 2675 1390 2720 est
1405 2670 1551 2731 coquumv
1570 2694 1598 2704 -

269 2751 294 2798 5.
312 2749 339 2796 io
361 2759 390 2798 eo
407 2760 451 2796 roo
468 2746 524 2796 tore
539 2751 625 2808 cpe-te
641 2746 721 2794 utitor
737 2747 943 2798 Mommsenius:
970 2746 996 2794 in
1013 2757 1100 2795 comm
1116 2750 1202 2807 aperte
1218 2746 1298 2795 rrtitw
1315 2745 1420 2794 PGEV
1438 2747 1499 2809 Lag.
1512 2747 1554 2795 st.
1568 2746 1600 2794 as

271 2823 328 2884 ised
345 2825 364 2874 P
382 2836 423 2886 pr.
437 2835 474 2872 m.
487 2827 597 2884 oppeto,
616 2821 816 2882 stercoream„
834 2819 929 2884 reliqui
946 2819 1067 2884 plerique
1085 2820 1157 2882 (item
1173 2821 1202 2882 0)
1219 2833 1282 2870 otoo
1297 2826 1383 2882 epea
1399 2821 1531 2880 medetur,
1550 2820 1601 2869 nisi

270 2898 343 2962 quod
356 2895 473 2948 nonnulli
486 2899 575 2960 (etiam
585 2897 610 2960 S)
623 2898 650 2946 io
661 2910 688 2946 os
699 2896 800 2947 habent
810 2909 859 2960 pro
870 2909 939 2946 moa.
965 2895 1086 2946 Editores
1103 2894 1191 2945 locum
1209 2894 1265 2947 tere
1281 2897 1410 2946 intactum
1426 2894 1600 2960 reliquerunt,

269 2973 319 3026 sed
330 2971 560 3023 conitambinus:
578 2972 606 3020 io
616 2985 645 3021 eo
655 2972 749 3034 purtim
759 2972 960 3034 reprehenditur,
977 2971 1073 3030 portior
1083 2971 1212 3021 budctttr.
1227 2996 1255 3008 -
1275 2971 1299 3021 e.
1312 2976 1341 3022 ct
1351 2972 1412 3022 GS:
1429 2977 1457 3021 ut
1467 2973 1487 3021 P
1497 2983 1538 3035 pr.
1551 2985 1600 3029 m..

270 3055 316 3100 cut
327 3051 346 3100 P
358 3059 428 3099 corr.
441 3059 494 3106 m.;
512 3048 570 3097 doro
586 3045 637 3097 EV
651 3060 676 3084 ·-
697 3047 721 3097 8.
740 3047 819 3107 Atque
835 3047 898 3111 cet]
916 3043 999 3096 verba
1016 3045 1131 3106 inclusa,
1150 3059 1220 3110 queo
1238 3060 1271 3097 en
1288 3048 1354 3097 orat.
1373 3060 1400 3110 p.
1414 3044 1520 3096 Plancio
1536 3044 1552 3108 5
1569 3045 1601 3094 68

271 3127 317 3175 aut
333 3137 367 3174 ex
384 3121 453 3173 libro
469 3123 491 3172 lt
509 3121 543 3172 de
560 3121 634 3172 orco.
654 3122 669 3184 ἓ
686 3122 718 3172 69
735 3121 876 3187 desumpta
894 3120 1030 3182 videntur,
1053 3120 1150 3171 desunt
1165 3120 1191 3171 in
1209 3121 1224 3169 'l
1242 3122 1320 3184 Legg.
1338 3102 1515 3172 deterioribus
1531 3122 1559 3170 et
1574 3120 1602 3170 io

270 3199 327 3250 aliis
344 3196 423 3248 codd.
437 3199 515 3248 notae
532 3196 671 3248 interioris.
691 3196 836 3256 norontem
853 3198 907 3246 tota
925 3196 1050 3260 periodus
1067 3195 1144 3246 abest
1155 3209 1170 3245 a
1182 3194 1314 3247 nonnullis
1325 3196 1416 3259 codd,
1435 3197 1603 3246 etsententia

271 3286 366 3340 param
388 3273 513 3323 convenit
533 3270 729 3335 superioribus,
756 3271 853 3322 eruditi
874 3271 941 3322 baec
962 3272 1051 3322 omnia
1072 3270 1108 3320 od
1127 3267 1256 3334 glossulas
1279 3271 1391 3322 relicere
1410 3270 1524 3332 melnnt3
1549 3284 1603 3322 non

269 3352 342 3401 enim
364 3349 408 3398 bic
429 3346 690 3398 commendationem
715 3346 815 3410 gratiae
832 3345 989 3397 referendae
1007 3347 1116 3410 requiri.
1144 3346 1219 3406 Quod
1238 3359 1300 3397 cnm
1316 3346 1455 3397 verissime
1472 3345 1603 3396 monitum

269 3427 317 3485 sit,
336 3437 401 3475 sane
420 3423 471 3472 bac
487 3434 556 3472 nova
574 3419 650 3485 culpa
669 3419 814 3472 absolveris
831 3421 1002 3485 scriptorem,
1026 3423 1049 3471 si
1067 3419 1153 3471 malae
1170 3421 1260 3471 manui
1278 3421 1398 3484 peiorem
1414 3420 1603 3485 supervenisse

269 3503 356 3564 putes.
388 3497 449 3548 tttht
474 3499 564 3546 mmen
587 3497 638 3546 hac
660 3495 694 3545 dc
718 3510 746 3546 re
768 3495 855 3547 adhuc
876 3494 1055 3561 ampliandum
1079 3496 1210 3548 vtdetur.»
1234 3497 1277 3546 Fa.
1296 3498 1359 3547 Aoo.
1377 3497 1467 3546 Wocr.
1487 3523 1514 3533 -
1532 3496 1605 3558 most

268 3577 284 3623 ‘i
303 3575 381 3638 lagg.
407 3599 434 3607 -
460 3573 483 3622 9.
503 3573 585 3621 oratio
607 3573 670 3631 PG,
695 3571 744 3621 sed
766 3571 792 3620 in
809 3572 829 3620 P
849 3572 922 3635 prior
939 3585 954 3620 o
972 3585 1008 3622 m.
1028 3586 1067 3636 pr.
1087 3571 1183 3622 deleta.
1204 3599 1231 3608 -
1255 3572 1378 3634 pmoioe
1394 3572 1488 3622 debitos
1503 3570 1604 3636 aliquot

268 3650 358 3711 Lagg„
377 3647 407 3696 ut
423 3645 544 3696 videtur:
570 3651 593 3696 et
606 3647 715 3707 peonio
732 3646 814 3696 debita
830 3647 901 3705 mei;
925 3646 984 3697 tort.
1004 3656 1028 3696 st
1045 3647 1159 3709 (atque‘i)
1177 3647 1205 3695 io
1217 3647 1327 3709 pecrroio
1343 3646 1434 3696 dedito
1455 3673 1482 3685 -
1502 3647 1541 3697 to.
1561 3646 1604 3708 qui

267 3724 376 3774 reddidit
386 3747 424 3758 --
435 3723 479 3782 ossi
495 3721 569 3772 babet
585 3721 686 3770 descivit
703 3721 757 3783 (sici
775 3722 832 3772 inP
849 3734 929 3772 manu
947 3721 1031 3774 multo
1048 3723 1196 3773 recentiore
1211 3725 1238 3771 in
1250 3734 1334 3784 marg.
1347 3721 1471 3772 interiore
1482 3719 1603 3786 suppleta
1631 3776 1633 3779 ,

267 3801 339 3850 sunt.
365 3800 404 3848 Ac
426 3797 532 3846 videtur
554 3794 648 3847 ialsum
671 3795 902 3861 supptementum
927 3796 1028 3848 taotttus
1051 3797 1119 3847 baec
1136 3795 1221 3848 teras:
1240 3801 1377 3859 propteroa
1392 3797 1458 3859 qood
1470 3796 1605 3858 peramant

268 3875 312 3937 qui
327 3875 430 3932 retinet,
448 3886 499 3921 oon
515 3871 639 3931 dissolvit¹
658 3873 771 3935 qratiam
787 3873 830 3934 qai
846 3873 922 3936 refert
939 3877 961 3922 et
977 3873 1067 3922 retinet
1082 3877 1106 3921 et
1122 3872 1241 3921 dinoioit.
1256 3898 1283 3906 -
1302 3872 1343 3922 ts.
1361 3871 1525 3922 benivolentia
1540 3871 1602 3922 mei.

270 3976 298 3985 —
318 3949 359 3998 te.
378 3947 540 4009 serpiterna,
563 3958 643 4007 neque
663 3946 789 3996 solmon
798 3946 989 4011 permanebunt]
1012 3948 1047 3996 ita
1069 3945 1158 3997 locum
1176 3947 1300 3998 constitui
1317 3949 1344 3997 et
1360 3945 1481 4012 supplevi
1498 3960 1529 3996 ex
1547 3948 1603 3998 lta-

269 4024 376 4076 meriini
402 4023 550 4073 Gratiarum
577 4021 680 4070 actione
703 4019 803 4071 tuliano
827 4035 850 4072 c.
869 4021 910 4071 32.
928 4022 964 4084 11,
988 4035 1015 4085 p.
1033 4021 1082 4072 208
1100 4020 1143 4071 ed.
1162 4022 1231 4084 leeg.
1251 4020 1296 4085 (ibi
1313 4024 1370 4072 est:
1397 4035 1476 4084 oeque
1491 4021 1570 4071 sciron
1586 4035 1604 4070 c

267 4101 365 4150 nicerte
380 4111 420 4148 me
436 4111 468 4147 cc
482 4097 580 4159 oipcnte
594 4097 664 4158 preti
681 4097 759 4146 acini
775 4096 942 4146 benevolentia
959 4095 1138 4157 dataaaar,
1155 4098 1199 4146 sed
1209 4097 1297 4157 aiom,
1315 4111 1373 4147 esem
1383 4100 1471 4147 minc
1480 4097 1603 4159 desecarit,

268 4177 431 4225 monumento
447 4172 485 4221 tui
502 4172 528 4221 io
544 4184 583 4220 me
600 4170 709 4235 bmettoii
722 4171 922 4236 procecedunt),
940 4171 1015 4222 ouius
1033 4171 1233 4222 declamationis
1248 4170 1366 4236 epilogus
1378 4172 1434 4223 iere
1445 4172 1479 4223 ad
1490 4171 1604 4223 verbum

270 4265 302 4301 ex
320 4248 490 4314 peroratione
508 4246 587 4295 huius
604 4247 729 4298 orationis
748 4248 920 4311 transcriptus
938 4249 986 4296 ost.
1014 4249 1100 4311 Atque
1117 4249 1153 4296 ita
1169 4247 1226 4298 tere
1242 4246 1330 4299 locum
1342 4246 1520 4313 supplendum
1532 4261 1602 4310 esse,

271 4325 413 4376 meliorum
430 4321 560 4372 librorum
577 4321 686 4384 vestigia
704 4319 854 4372 luculenter
871 4320 1029 4382 ostendunt,
1048 4323 1074 4371 in
1086 4323 1184 4387 quibus
1195 4325 1249 4373 est:
1267 4323 1425 4386 mnpttsse.
1444 4336 1501 4373 oon
1517 4324 1606 4372 onina

270 4399 394 4464 ceptrcbo
409 4411 476 4457 mec,
495 4398 537 4448 red
553 4398 629 4447 etiam
646 4410 704 4446 cum
719 4410 759 4446 me
774 4399 827 4448 adio
845 4397 893 4461 (sic
904 4401 933 4458 P,
952 4411 1009 4447 cum
1022 4397 1094 4446 oum
1105 4397 1195 4460 GEV)
1206 4399 1359 4449 mmbnonto
1369 4425 1383 4435 -
1391 4425 1406 4436 -
1413 4398 1603 4461 pemombuot.

270 4478 341 4527 ilaec
358 4476 450 4524 autem
468 4472 546 4525 lectio
563 4472 590 4522 in
607 4470 685 4523 codd.
705 4470 882 4523 deterioribus
899 4473 938 4524 sic
954 4471 1112 4536 interpolata
1129 4475 1184 4534 est,
1201 4475 1231 4522 ut
1247 4476 1308 4537 post
1324 4475 1474 4536 ωηψὶωηο
1490 4472 1605 4523 addere-

270 4555 313 4601 tur
332 4541 486 4600 oon'sotum
512 4549 549 4611 (ut
571 4550 612 4599 cst
632 4548 658 4598 in
676 4549 705 4609 ὃς
730 4547 808 4598 abest
823 4563 874 4598 noa
890 4547 969 4598 sotum
985 4545 1020 4596 ab
1037 4547 1274 4611 Lagomarsinianis
1291 4548 1409 4612 exceptis
1426 4546 1511 4598 tribus
1527 4547 1603 4598 sotis:

270 4627 294 4676 o.
312 4627 354 4676 ts.
373 4623 415 4686 tc)
439 4623 472 4674 et'
482 4636 531 4689 pro
548 4620 662 4673 lectione
679 4635 736 4672 cum
752 4635 791 4672 mc
806 4623 861 4673 otio
877 4622 967 4686 (natio)
988 4620 1193 4672 substitueretur
1210 4635 1267 4671 arm
1283 4627 1391 4672 mortuo.
1420 4622 1486 4672 ilinc
1503 4621 1605 4673 habeut

271 4701 401 4752 editiones
420 4700 492 4764 (item
505 4699 548 4760 Oi:
567 4700 730 4760 serpiterna,
748 4712 799 4748 ooo
815 4698 894 4748 enimn
910 4699 970 4747 dum
987 4697 1074 4746 onina
1090 4695 1191 4759 spirabo
1207 4709 1280 4757 meo,
1298 4697 1340 4746 rod
1355 4697 1431 4747 eticae
1442 4710 1520 4759 quien
1534 4711 1605 4746 otor-

270 4780 312 4824 tuo
327 4779 490 4826 mamma
501 4772 736 4836 --perncretera
764 4774 821 4834 Quo
839 4776 928 4823 antem
946 4771 1027 4822 modo
1044 4769 1208 4835 perturbatio
1225 4773 1252 4822 iu
1270 4772 1349 4823 codd.
1367 4773 1488 4834 ortasii,
1506 4773 1546 4824 sic
1557 4787 1605 4823 ex-

270 4849 419 4915 plicaveris.
455 4848 543 4902 Verba
567 4849 638 4899 enim
661 4863 718 4899 nrm
737 4849 825 4899 como
846 4846 967 4910 aspirato
988 4860 1045 4896 mec
1067 4845 1200 4910 glossema
1218 4847 1342 4898 videntur
1362 4846 1430 4898 illius
1447 4849 1603 4905 sententiae.

272 4937 338 4988 qnae
356 4927 419 4990 post
433 4927 476 4976 sod
492 4925 568 4975 etiam
584 4938 641 4974 cam
658 4923 737 4976 hodie
754 4923 934 4980 desideratum
954 4935 1015 4973 earn
1033 4935 1066 4971 ex
1080 4921 1235 4972 Mamertino
1253 4935 1301 4986 pro
1312 4922 1402 4987 inepto
1412 4921 1455 4972 illo
1467 4935 1605 4972 mmor-

273 5005 313 5049 tuo
335 5001 375 5050 sic
395 4998 595 5050 resarciendam
616 5012 676 5051 esse
699 5013 774 5050 town
794 5001 881 5050 animo
897 4998 1011 5061 defccmt
1027 5011 1109 5059 meon,
1136 5000 1190 5050 iam
1206 5000 1331 5064 laegerus
1348 5000 1376 5050 in
1392 4999 1528 5050 Addendis
1545 5001 1606 5064 post

273 5075 383 5140 praeiet.
402 5086 428 5139 p.
442 5075 474 5126 co
492 5077 565 5125 recte
582 5075 693 5124 monuit.
721 5075 776 5125 tam
794 5087 855 5125 cum
872 5071 936 5123 illud
953 5071 1085 5136 glossema
1102 5074 1128 5123 in
1145 5071 1261 5125 alienum
1278 5072 1368 5125 locum
1383 5086 1415 5124 ex
1432 5075 1551 5138 margine
1567 5075 1606 5124 in·

274 5153 380 5200 vectum
398 5155 484 5213 esset,
503 5149 629 5200 orationis
646 5148 774 5213 particula
792 5149 943 5200 necessaria
962 5161 1055 5210 «ceqrre
1071 5148 1150 5198 cotom
1160 5162 1199 5198 mo
1209 5150 1281 5199 oioo·
1293 5147 1336 5198 vel
1347 5147 1467 5200 similiter
1478 5161 1604 5214 expressa

275 5237 322 5274 suo
338 5224 398 5276 loco
414 5225 523 5278 debusa
541 5228 590 5276 est.
618 5223 733 5276 Laborat
749 5225 826 5288 igitur
843 5225 973 5288 scriptura
991 5223 1114 5274 codicum
1125 5222 1224 5289 duplici
1239 5222 1343 5285 lacuna,
1362 5222 1445 5274 altera
1460 5228 1523 5288 post
1538 5236 1603 5273 soo-

271 5300 380 5366 pterim
399 5298 482 5353 altera
500 5303 562 5366 post
578 5300 654 5352 marn
670 5313 738 5361 aar,
757 5311 871 5364 quarum
888 5297 930 5349 ilie
947 5297 1081 5363 particulis
1098 5300 1141 5351 scd
1150 5301 1235 5362 admo,
1253 5300 1322 5352 haec
1333 5299 1432 5353 nudata
1442 5297 1485 5352 itta
1497 5299 1602 5351 coniun-
