4009 6159
756 572 921 640 cmxn.
947 569 1164 658 sset-er.
1541 569 1624 636 ress

305 765 413 812 noune
434 763 473 808 eo
496 765 537 809 ex
557 743 648 809 Italia
669 743 801 809 consilio
823 743 982 827 proiectus
1005 749 1070 820 est,
1098 749 1135 809 ut
1163 744 1345 829 prohiberet
1367 745 1457 828 Syria
1475 741 1623 806 Delibel-

305 843 390 906 lami
423 838 494 914 Qua
515 840 607 922 leget
635 859 698 923 qno
720 840 810 902 iurel
839 839 900 913 Eo,
931 838 1017 922 quod
1047 838 1220 922 luppiter
1209 859 1278 922 rpse
1299 838 1422 913 sanxit,
1443 842 1480 899 ut
1501 836 1622 910 omnia,
1736 818 1764 908 j

305 955 388 1022 quae
417 953 464 997 rer
437 919 637 1017 publicae
656 925 815 996 salutaria
836 939 957 1007 essent,
987 932 1126 1016 legitima
1155 941 1188 996 et
1214 934 1298 997 iusta
1325 933 1526 996 haberentur.
1567 931 1625 993 Est

305 1031 390 1096 enim
412 1029 466 1092 lex
486 1027 567 1091 nibil
588 1027 674 1089 aliud
697 1026 759 1090 nisi
780 1033 867 1090 recta
887 1033 919 1090 et
940 1046 959 1090 a
979 1027 1108 1090 numine
1130 1025 1261 1091 deorum
1283 1035 1381 1091 tracta
1402 1027 1497 1100 ratio,
1526 1027 1624 1109 impe·

304 1123 546 1195 renchonem,
568 1120 739 1204 prohibens
761 1122 926 1184 contraria.
962 1121 1044 1184 Huic
1064 1121 1161 1204 igitur
1183 1122 1244 1203 legi
1265 1122 1370 1206 paruit
1388 1120 1530 1195 Cassius,
1553 1135 1649 1182 cume

305 1227 354 1286 est
374 1218 409 1281 iu
431 1215 556 1300 Syriam
576 1213 754 1296 proiectus,
777 1215 910 1277 alienam
931 1215 1141 1297 provinciam,
1164 1215 1191 1278 si
1205 1215 1349 1278 homines
1363 1214 1486 1297 legibus
1500 1213 1626 1296 scriptis

305 1319 482 1387 uterentur,
504 1310 545 1372 iis
567 1329 642 1371 vero
665 1309 840 1392 oppressis,
863 1328 949 1371 suam
973 1309 1042 1392 lege
1064 1317 1206 1373 naturae.
1250 1307 1300 1372 29.
1324 1309 1385 1373 Sed
1409 1317 1444 1372 ut
1465 1328 1504 1371 ea
1523 1315 1627 1370 vestra

305 1427 433 1493 quoque
466 1404 652 1469 auctoritate
674 1400 852 1476 lirmentur,
886 1423 1018 1466 censeo:
1057 1404 1134 1466 Cum
1163 1407 1196 1467 P.
1217 1401 1382 1467 Dolabella
1409 1405 1528 1488 quique
1558 1403 1626 1464 eius

306 1499 512 1567 cmdelissimi
539 1504 571 1560 et
603 1498 773 1560 taeterrimi
801 1497 949 1561 facinoris
983 1499 1135 1573 ministri,
1167 1499 1262 1572 socii,
1294 1498 1455 1562 adiutores
1483 1498 1626 1569 fuerunt,

305 1597 414 1660 hostes
443 1593 553 1676 populi
583 1593 716 1656 Romani
739 1613 758 1655 a
779 1599 890 1655 senatu
911 1591 1041 1655 iudicati
1064 1592 1143 1666 sint,
1173 1612 1307 1700 cumque
1329 1600 1457 1656 senatus
1479 1595 1512 1655 P
1529 1541 1628 1654 Dola·
1636 1605 1664 1652 te

305 1691 419 1754 bellam
448 1688 531 1750 bello
558 1684 813 1770 persequendum
838 1688 1011 1760 censuerit,
1041 1688 1107 1749 ut'
1098 1707 1140 1760 rs,
1170 1686 1226 1769 qui
1248 1686 1354 1772 omnia
1374 1686 1507 1750 deorum
1527 1684 1628 1748 homi-

306 1802 444 1867 numque
466 1783 533 1844 iura
555 1798 657 1853 novo,
678 1779 841 1853 inaudito,
870 1778 1055 1863 inexpiabili
1078 1780 1196 1842 scelere
1218 1780 1366 1863 polluerit
1386 1779 1571 1861 nefarioque
1593 1796 1628 1840 se

305 1880 424 1962 patriae
454 1872 622 1959 parricidio
652 1873 872 1947 obstrinxerit,
901 1893 1022 1955 poenas
1045 1873 1093 1935 dis
1121 1873 1369 1956 hominibusque
1391 1875 1518 1937 meritas
1540 1870 1628 1934 debi-

305 1983 417 2056 tasque
439 1969 617 2054 persolvat:
640 1965 690 2030 30.
714 1967 836 2030 senatui
858 1967 983 2051 placere
1007 1968 1040 2030 C.
1057 1967 1200 2031 Cassium
1214 1986 1271 2049 pro
1287 1965 1419 2030 consule
1434 1964 1628 2050 provinciam

305 2066 426 2150 Syriam
449 2063 608 2138 obtinere,
631 2063 743 2146 utqui
767 2063 884 2145 optimo
907 2063 976 2125 iure
999 2081 1067 2123 enm
1090 2062 1282 2144 provinciam
1303 2061 1492 2136 obtinuerit,
1515 2077 1587 2122 eum
1608 2077 1664 2123 atu

305 2160 343 2236 Q.
366 2158 484 2222 Marcio
507 2157 617 2242 Crispo
638 2177 697 2240 pro
720 2155 925 2229 consule,L.
948 2154 1047 2218 Statio
1069 2157 1176 2218 Murco
1199 2175 1257 2239 pro
1279 2155 1429 2231 consule,
1450 2154 1487 2216 A.
1500 2152 1626 2216 Allieno
1691 2192 1693 2201 =
1730 2164 1747 2264 (

304 2255 408 2350 legato
438 2251 612 2314 exercitum
641 2252 783 2331 accipere
814 2268 932 2332 eosque
963 2249 993 2311 ei
1023 2247 1164 2326 tradere,
1197 2269 1333 2333 cumque
1357 2248 1402 2313 iis
1424 2247 1524 2332 copiis
1547 2253 1578 2309 et
1600 2245 1627 2310 si

306 2366 385 2431 quas
413 2351 576 2428 praeterea
603 2344 760 2426 paraverit
786 2342 871 2406 bello
901 2345 933 2405 P.
955 2343 1152 2408 Dolabellam
1178 2350 1262 2407 terra
1287 2345 1429 2429 marique
1458 2340 1626 2452 persequi;

307 2444 375 2506 eius
396 2439 472 2501 belli
495 2438 625 2521 gerendi
648 2457 759 2514 causa,
783 2436 899 2522 quibus
922 2437 951 2506 ei
972 2436 1130 2513 rideatur,
1158 2458 1273 2514 naves,
1302 2447 1429 2514 nautas,
1460 2437 1626 2542 pecuniam

305 2541 488 2617 ceteraque,
522 2553 604 2616 qnae
631 2532 670 2595 ad
698 2531 731 2595 id
757 2531 877 2595 bellum
903 2533 1076 2615 gerendum
1105 2533 1298 2617 pertineant,
1330 2539 1366 2596 ut
1394 2528 1602 2614 imperandi
1592 2548 1664 2596 tuto

306 2628 415 2712 Syria,
436 2627 527 2702 Asia,
557 2627 721 2710 Bithynia,
747 2628 846 2690 Ponto
868 2628 918 2690 ius
939 2634 1190 2711 potestatemque
1210 2627 1342 2702 habeat,
1364 2629 1496 2711 utique,
1517 2644 1628 2708 quam·

305 2743 443 2806 cumque
466 2722 498 2784 iu
520 2721 713 2803 provinciam
737 2721 805 2784 eius
827 2721 903 2783 belli
926 2721 1056 2803 gerendi
1077 2740 1172 2784 causa
1193 2720 1366 2796 advenerit,
1388 2720 1433 2783 ibi
1453 2719 1554 2783 maius
1568 2720 1628 2781 im·

303 2818 427 2902 perium
450 2816 484 2878 C.
509 2815 607 2879 Cassii
629 2833 688 2897 pro
712 2815 921 2891 consulerit,
950 2835 1045 2900 quam
1067 2816 1136 2879 eius
1161 2817 1237 2892 erit,
1264 2816 1320 2900 qui
1343 2836 1412 2880 eam
1432 2811 1627 2898 provinciam

305 2922 370 2976 tum
392 2910 562 2984 obtinebit,
592 2929 662 2972 cum
686 2910 719 2972 C.
743 2909 870 2972 Cassius
891 2931 948 2994 pro
971 2910 1102 2995 romule
1123 2911 1155 2974 in
1179 2931 1247 2975 eam
1268 2910 1462 2994 provinciam
1484 2906 1625 2970 venerit:
1678 2968 1685 3019 I
1747 2892 1766 2994 ζ

305 3003 356 3070 34.
379 3024 483 3088 regem
506 3006 687 3069 Deiotarum
709 3011 828 3092 patr-em
851 3011 883 3067 et
910 3023 1015 3086 regem
1037 3005 1220 3070 Deiotarum
1241 3005 1358 3081 filium,
1387 3005 1431 3079 si,
1461 3010 1498 3066 nt
1518 3000 1663 3064 multisto

303 3100 396 3166 bellis
418 3119 512 3181 saepe
534 3119 665 3162 numero
687 3099 853 3182 imperium
876 3099 985 3182 populi
1007 3099 1140 3162 Romani
1161 3100 1314 3176 iuverint,
1335 3103 1410 3164 item
1433 3098 1466 3162 C.
1483 3095 1625 3159 Cassium

305 3217 360 3280 pro
383 3193 511 3258 consule
534 3193 633 3275 copiis
656 3193 719 3256 suis
742 3192 918 3276 opibusque
941 3193 1112 3268 iuvissent,
1135 3195 1257 3258 senatui
1279 3194 1463 3278 populoque
1481 3190 1624 3253 Romano

304 3295 427 3370 gratum
458 3307 527 3350 esse
553 3287 708 3350 facturos:
737 3288 876 3370 itemque
904 3288 930 3350 si
952 3290 1049 3352 ceteri
1070 3307 1176 3370 reges,
1206 3287 1379 3351 tetrarchae
1408 3285 1625 3369 dynastaeque

303 3382 465 3455 fecissent,
488 3388 630 3443 senatum
653 3381 871 3463 populumque
892 3382 1067 3444 llomanuru
1086 3401 1196 3445 eorum
1211 3381 1307 3444 officit
1322 3400 1386 3444 non
1407 3381 1624 3443 immemorem

303 3476 460 3539 loturum:
481 3475 591 3556 utiquc
615 3474 647 3538 C.
662 3475 763 3538 Pansa
784 3477 821 3537 Α.
837 3475 958 3537 llirtius
980 3477 1144 3557 consules,
1165 3477 1244 3540 alter
1265 3475 1411 3550 ambove,
1433 3475 1460 3537 si
1475 3473 1522 3536 eis
1536 3470 1661 3536 ride-ao
1746 3417 1766 3522 l

305 3576 407 3644 retur,
434 3589 468 3632 re
498 3567 624 3650 publica
647 3578 830 3651 recuperata
853 3569 892 3631 de
915 3559 1085 3652 provinciis
1107 3570 1342 3646 consularibus,
1368 3567 1554 3652 praetoriis,
1582 3565 1623 3630 ad

304 3663 388 3726 bunc
411 3660 553 3725 ordinem
575 3661 676 3745 pn'mo
698 3682 829 3747 quoque
849 3670 991 3746 tempore
1013 3662 1167 3727 reserant:
1188 3666 1309 3728 interea
1323 3663 1504 3746 provinciae
1519 3661 1559 3724 ab
1573 3661 1623 3735 iis,

369 4002 393 4054 4.
411 4005 445 4052 est
461 4013 515 4052 om.
534 4001 572 4052 bt
590 4027 617 4037 —
640 4001 665 4052 2.
682 4001 794 4064 luppiter
816 4004 841 4051 t:
863 4001 994 4064 rapuero
1013 4028 1040 4037 -
1064 4006 1093 4051 ut
1108 4001 1206 4064 maio,
1229 4012 1294 4064 quoe
1314 4001 1353 4051 ret
1369 4014 1397 4064 ρ.
1415 3999 1540 4051 mutatio
1557 4005 1623 4063 nost,

303 4077 369 4142 lecit.
388 4082 412 4127 et
427 4078 494 4126 tusto
509 4076 631 4127 tutentur
648 4077 716 4127 coni.
734 4076 804 4126 Bake
821 4076 855 4126 sd
872 4077 950 4141 legg.
968 4091 995 4142 p.
1008 4076 1064 4128 tte.
1083 4078 1117 4127 rt
1132 4076 1250 4141 pendent
1264 4075 1347 4127 verba
1364 4088 1380 4125 ι
1394 4076 1521 4139 profectus
1535 4080 1579 4127 cst.
1591 4103 1625 4114 -

303 4152 410 4203 l.etl:
434 4153 547 4202 cticmD
567 4177 594 4188 -
618 4151 921 4203 d.boncrtuom.a-
943 4153 1017 4202 tiis
1038 4153 1065 4200 t:
1091 4152 1129 4201 tis
1149 4151 1309 4215 abgiO-
1333 4151 1626 4214 madesmei-ec

301 4231 384 4277 ιιιιιιιι
395 4250 434 4266 --
444 4227 575 4290 truncetur
590 4227 660 4277 Balre
679 4225 723 4290 (ad
740 4226 794 4277 Cic.
814 4225 847 4276 de
864 4224 932 4290 legg.
950 4240 977 4291 p.
991 4225 1062 4286 ttst:
1086 4241 1119 4277 ec
1134 4232 1220 4278 uestro
1237 4228 1330 4290 (nostru
1346 4226 1373 4289 b)
1389 4252 1428 4264 ··
1436 4229 1552 4291 {tmsetur
1567 4227 1623 4287 Di;

302 4314 333 4352 co
353 4303 645 4366 vestrunttnneturo
668 4315 730 4352 eum
752 4302 879 4352 Ferrarto.
899 4327 926 4338 —
950 4302 975 4352 8.
994 4303 1101 4364 qumque
1123 4305 1134 4352 t
1157 4330 1184 4341 -
1209 4303 1249 4353 40.
1267 4303 1316 4352 stru
1330 4305 1355 4352 t:
1377 4307 1435 4352 suot
1451 4303 1472 4352 D
1492 4325 1520 4337 -
1544 4301 1584 4352 tt.
1602 4305 1626 4352 et

301 4374 448 4438 inexplebili
464 4376 473 4426 i
490 4401 517 4412 —
539 4378 664 4441 putreat
674 4403 712 4414 -·
724 4377 890 4428 obstrinxerat
908 4379 915 4427 4
933 4403 959 4413 -
985 4391 1010 4428 sc
1024 4379 1126 4440 patriae
1142 4378 1177 4428 D:
1194 4377 1295 4440 patrios
1310 4390 1335 4428 se
1351 4377 1388 4427 i0
1401 4401 1429 4414 -
1449 4375 1489 4426 43.
1508 4376 1556 4424 diis
1572 4375 1625 4426 mei

304 4452 332 4499 et
347 4452 368 4501 0
386 4477 413 4522 ἲ
432 4453 523 4502 merito
539 4466 555 4502 a
572 4479 599 4489 -
620 4453 765 4516 dubiasque
781 4455 791 4502 t
809 4478 835 4488 -
857 4454 897 4503 tt.
916 4454 1058 4517 optinercg
1076 4480 1105 4492 -
1123 4459 1151 4504 ut
1167 4453 1210 4516 qui
1225 4451 1309 4515 btgt:
1331 4457 1407 4514 utque
1422 4451 1466 4512 qui
1482 4446 1565 4512 ag²i;
1588 4449 1627 4498 uti

303 4527 461 4588 quocum
480 4528 607 4578 Ferrario.
628 4556 654 4565 -
682 4534 732 4592 opt.
756 4531 811 4579 iure
831 4543 887 4580 eum
905 4543 978 4591 prou.
998 4530 1034 4580 D:
1062 4542 1118 4580 eom
1137 4543 1212 4591 prum
1230 4530 1285 4578 iure
1305 4533 1354 4590 opt.
1372 4527 1397 4586 l;
1425 4539 1482 4576 cam
1503 4530 1554 4587 opt.
1571 4523 1627 4574 iure

301 4613 374 4664 prov.
394 4603 414 4652 0
433 4630 460 4640 -
479 4604 612 4666 optinuerit
628 4607 664 4669 gt
680 4631 708 4642 -
728 4618 784 4654 eum
799 4620 817 4655 c
835 4607 864 4668 (t.
883 4604 979 4668 bgti:
998 4617 1080 4665 eumq.
1099 4619 1130 4661 ιιι
1148 4617 1251 4667 eumque
1268 4618 1286 4654 a
1303 4605 1365 4666 Q.0
1385 4630 1412 4638 -
1432 4603 1471 4652 46.
1489 4601 1582 4650 mortio
1599 4599 1627 4648 ti

306 4705 332 4715 -
351 4677 431 4728 Statio
449 4679 595 4728 Ferrarius:
618 4684 682 4730 stote
700 4679 730 4738 b;
754 4685 820 4730 stetu
837 4681 910 4742 ιρις
933 4693 1023 4728 scauro
1040 4681 1048 4729 i
1067 4709 1094 4718 -
1119 4695 1206 4731 marco
1226 4694 1255 4738 a;
1279 4693 1332 4731 om.
1352 4680 1359 4728 i
1377 4705 1404 4715 —
1427 4680 1456 4730 A.
1475 4677 1624 4728 Ferrarius:

303 4751 335 4802 cb
352 4753 386 4812 D;
405 4766 423 4802 ιι
440 4753 447 4803 4
467 4779 493 4790 -
513 4755 594 4804 alieno
611 4757 660 4819 gt:
679 4757 765 4806 culmo
779 4751 813 4814 b3
831 4755 960 4817 proctieno
978 4756 1143 4818 apprclccno
1160 4756 1367 4820 (eructuasti
1384 4781 1412 4791 -
1432 4755 1472 4805 tt.
1489 4753 1627 4803 exerutum

303 4826 382 4890 bgt:
401 4829 602 4880 accelerato
621 4857 648 4869 -
667 4831 698 4880 iis
715 4834 740 4881 t:
765 4832 812 4880 biis
829 4832 853 4891 i;
879 4829 1030 4894 tisabgO
1051 4859 1077 4868 -
1096 4831 1136 4882 49.
1154 4833 1240 4882 cisat
1258 4858 1284 4867 -
1303 4831 1450 4880 umsst-
1467 4827 1625 4892 pecarium

304 4916 357 4953 om.
375 4915 391 4952 a
409 4929 436 4938 -
456 4903 496 4955 to.
514 4910 643 4968 cetusque
659 4919 722 4969 qrrue
739 4907 763 4956 i:
782 4911 865 4956 cetcru
880 4919 943 4969 quoe
960 4919 988 4968 g;
1008 4911 1114 4970 ceterae·
1132 4909 1179 4968 at;
1197 4901 1325 4970 reicioque
1342 4907 1427 4956 comio
1443 4917 1507 4969 quoe
1522 4902 1540 4952 b
1555 4930 1582 4938 -
1600 4902 1628 4951 id

304 4991 356 5028 om.
376 4979 384 5028 4
403 5003 429 5014 -
448 4981 587 5044 pecudum
604 4994 659 5030 a-
677 4982 799 5042 pertineat
817 4984 826 5029 t
844 5008 871 5017 -
890 4981 931 5030 at.
950 4980 1061 5030 bruticiu
1077 4995 1134 5044 g·
1152 4983 1235 5045 utique
1253 4984 1279 5031 t:
1297 4988 1370 5046 utque
1386 4979 1502 5043 abgiO
1516 5004 1542 5014 -
1563 4989 1627 5040 qua-

303 5067 406 5118 cumque
422 5056 456 5103 at
474 5081 501 5093 -
520 5057 560 5106 tt.
577 5057 707 5117 prouiutiu
724 5058 734 5105 t
753 5083 779 5092 -
797 5057 934 5120 perendie
954 5082 982 5090 -
1000 5069 1078 5105 causo
1095 5060 1172 5106 emt
1190 5084 1217 5092 -
1236 5057 1277 5107 34,
1296 5063 1349 5107 tren
1365 5069 1418 5107 om.
1432 5056 1454 5115 i;
1474 5058 1551 5103 totam
1568 5053 1578 5100 t
1596 5075 1623 5085 -

303 5131 377 5192 opti
395 5157 422 5165 -
441 5131 481 5180 te.
499 5130 587 5180 sicuti
606 5156 632 5166 -
650 5132 692 5181 nt.
706 5131 791 5194 opibus
807 5133 817 5181 l
836 5157 863 5168 -
882 5130 922 5180 28.
936 5131 993 5180 item
1011 5132 1019 5180 4
1037 5156 1064 5167 -
1083 5132 1242 5195 doceasque
1258 5133 1317 5195 agt
1335 5156 1362 5167 -
1382 5131 1424 5180 49.
1441 5144 1491 5193 oco
1507 5129 1627 5177 lumerto-

303 5217 356 5256 rem
372 5206 396 5264 t;
414 5205 646 5258 ιἰιιιιιιιιιοιιιιιιιοιι
663 5206 680 5256 b
696 5235 729 5244 -
745 5207 785 5258 30.
803 5206 949 5270 utqueagi
967 5231 994 5242 -
1015 5205 1094 5269 Cle.
1112 5219 1126 5255 a
1142 5233 1168 5243 -
1189 5219 1285 5257 ‚cmm
1302 5208 1323 5266 t,
1345 5200 1624 5266 ctadrutttsta.

306 5307 333 5318 -
351 5278 392 5332 34.
410 5293 476 5331 coos.
495 5286 518 5332 et
530 5287 612 5345 praet.
631 5283 757 5348 Muretus.
778 5308 805 5320 -
824 5282 864 5334 34.
883 5289 990 5346 tempore
1006 5282 1089 5347 fuant
1104 5282 1145 5334 Di
1162 5309 1189 5320 ··
1208 5283 1240 5334 iit
1255 5282 1281 5332 i:
1299 5282 1322 5333 is
1337 5285 1364 5343 t;
1381 5282 1419 5332 tis
1434 5277 1513 5341 abg.
