<?xml version="1.0" encoding="UTF-8"?>
<!DOCTYPE html PUBLIC "-//W3C//DTD XHTML 1.0 Transitional//EN"
    "http://www.w3.org/TR/xhtml1/DTD/xhtml1-transitional.dtd">
<html xmlns="http://www.w3.org/1999/xhtml" xml:lang="en" lang="en">
 <head>
  <title>
</title>
<meta http-equiv="Content-Type" content="text/html;charset=utf-8" />
  <meta name='ocr-system' content='tesseract 3.04.00' />
  <meta name='ocr-capabilities' content='ocr_page ocr_carea ocr_par ocr_line ocrx_word'/>
</head>
<body>
  <div class='ocr_page' id='page_1' title='image "./mtulliiciceroni01baitgoog_0367.png"; bbox 0 0 4009 6159; ppageno 0'>
   <div class='ocr_carea' id='block_1_1' title="bbox 400 579 1326 648">
    <p class='ocr_par' dir='ltr' id='par_1_1' title="bbox 400 579 1326 648">
     <span class='ocr_line' id='line_1_1' title="bbox 400 579 1326 648; baseline 0 -1"><span class='ocrx_word' id='word_1_1' title='bbox 400 579 484 648; x_wconf 84' lang='grc'><strong>4440</strong></span> <span class='ocrx_word' id='word_1_2' title='bbox 796 581 949 648; x_wconf 77' lang='lat' dir='ltr'><strong>ORATIO</strong></span> <span class='ocrx_word' id='word_1_3' title='bbox 970 581 1049 647; x_wconf 81' lang='lat' dir='ltr'><strong>PRO</strong></span> <span class='ocrx_word' id='word_1_4' title='bbox 1073 581 1134 646; x_wconf 82' lang='lat' dir='ltr'><strong>GN.</strong></span> <span class='ocrx_word' id='word_1_5' title='bbox 1154 582 1326 648; x_wconf 79' lang='lat' dir='ltr'>PLANCIO</span> 
     </span>
    </p>
   </div>
   <div class='ocr_carea' id='block_1_2' title="bbox 280 748 1722 2715">
    <p class='ocr_par' dir='ltr' id='par_1_2' title="bbox 280 748 1722 2715">
     <span class='ocr_line' id='line_1_2' title="bbox 402 748 1720 834; baseline 0 -19"><span class='ocrx_word' id='word_1_6' title='bbox 402 751 520 830; x_wconf 92' lang='lat' dir='ltr'><strong>doluit,</strong></span> <span class='ocrx_word' id='word_1_7' title='bbox 549 755 600 816; x_wconf 92' lang='lat' dir='ltr'><strong>cui</strong></span> <span class='ocrx_word' id='word_1_8' title='bbox 629 773 696 816; x_wconf 92' lang='lat' dir='ltr'><strong>non</strong></span> <span class='ocrx_word' id='word_1_9' title='bbox 722 751 817 816; x_wconf 90' lang='lat' dir='ltr'><strong>buius</strong></span> <span class='ocrx_word' id='word_1_10' title='bbox 842 753 875 815; x_wconf 93' lang='lat' dir='ltr'><strong>in</strong></span> <span class='ocrx_word' id='word_1_11' title='bbox 903 773 954 816; x_wconf 91' lang='lat' dir='ltr'><strong>me</strong></span> <span class='ocrx_word' id='word_1_12' title='bbox 982 751 1198 816; x_wconf 81' lang='lat' dir='ltr'><strong>misericordia</strong></span> <span class='ocrx_word' id='word_1_13' title='bbox 1219 758 1306 834; x_wconf 80' lang='lat' dir='ltr'><strong>grata</strong></span> <span class='ocrx_word' id='word_1_14' title='bbox 1326 750 1432 815; x_wconf 83' lang='lat' dir='ltr'><strong>luerit</strong></span> <span class='ocrx_word' id='word_1_15' title='bbox 1474 748 1525 814; x_wconf 76' lang='lat'><strong>26.</strong></span> <span class='ocrx_word' id='word_1_16' title='bbox 1546 753 1671 816; x_wconf 84' lang='lat' dir='ltr'><strong>Etenim</strong></span> <span class='ocrx_word' id='word_1_17' title='bbox 1692 754 1720 815; x_wconf 91' lang='lat' dir='ltr'><strong>si</strong></span> 
     </span>
     <span class='ocr_line' id='line_1_3' title="bbox 401 845 1720 928; baseline 0 -18"><span class='ocrx_word' id='word_1_18' title='bbox 401 855 474 910; x_wconf 85' lang='lat' dir='ltr'><strong>autc</strong></span> <span class='ocrx_word' id='word_1_19' title='bbox 495 847 630 910; x_wconf 91' lang='lat' dir='ltr'><strong>reditum</strong></span> <span class='ocrx_word' id='word_1_20' title='bbox 652 867 758 910; x_wconf 91' lang='lat' dir='ltr'><strong>meum</strong></span> <span class='ocrx_word' id='word_1_21' title='bbox 781 847 837 909; x_wconf 89' lang='lat' dir='ltr'><strong>Cn.</strong></span> <span class='ocrx_word' id='word_1_22' title='bbox 859 846 987 910; x_wconf 79' lang='lat' dir='ltr'><strong>Plancio</strong></span> <span class='ocrx_word' id='word_1_23' title='bbox 1009 867 1043 909; x_wconf 91' lang='grc'><strong>44</strong></span> <span class='ocrx_word' id='word_1_24' title='bbox 1064 845 1158 928; x_wconf 80' lang='lat' dir='ltr'><strong>vulgo</strong></span> <span class='ocrx_word' id='word_1_25' title='bbox 1173 845 1232 908; x_wconf 87' lang='grc'><strong>4444</strong></span> <span class='ocrx_word' id='word_1_26' title='bbox 1253 845 1346 920; x_wconf 90' lang='lat' dir='ltr'><strong>boui,</strong></span> <span class='ocrx_word' id='word_1_27' title='bbox 1368 865 1438 908; x_wconf 92' lang='lat' dir='ltr'><strong>cum</strong></span> <span class='ocrx_word' id='word_1_28' title='bbox 1458 845 1511 908; x_wconf 92' lang='lat' dir='ltr'><strong>bic</strong></span> <span class='ocrx_word' id='word_1_29' title='bbox 1525 846 1720 910; x_wconf 91' lang='lat' dir='ltr'><strong>tribunatum</strong></span> 
     </span>
     <span class='ocr_line' id='line_1_4' title="bbox 400 939 1721 1024; baseline 0 -20"><span class='ocrx_word' id='word_1_30' title='bbox 400 950 538 1024; x_wconf 88' lang='lat' dir='ltr'><strong>peteret,</strong></span> <span class='ocrx_word' id='word_1_31' title='bbox 566 942 650 1003; x_wconf 90' lang='lat' dir='ltr'><strong>ultro</strong></span> <span class='ocrx_word' id='word_1_32' title='bbox 680 940 871 1014; x_wconf 79' lang='lat' dir='ltr'><strong>offerebant,</strong></span> <span class='ocrx_word' id='word_1_33' title='bbox 898 941 950 1004; x_wconf 93' lang='lat' dir='ltr'><strong>cui</strong></span> <span class='ocrx_word' id='word_1_34' title='bbox 972 959 1096 1018; x_wconf 85' lang='lat' dir='ltr'><strong>¹nomen</strong></span> <span class='ocrx_word' id='word_1_35' title='bbox 1117 960 1221 1002; x_wconf 90' lang='lat' dir='ltr'><strong>meum</strong></span> <span class='ocrx_word' id='word_1_36' title='bbox 1243 939 1381 1001; x_wconf 90' lang='lat' dir='ltr'><strong>absentis</strong></span> <span class='ocrx_word' id='word_1_37' title='bbox 1403 939 1516 1001; x_wconf 89' lang='lat' dir='ltr'><strong>honori</strong></span> <span class='ocrx_word' id='word_1_38' title='bbox 1536 939 1663 1014; x_wconf 90' lang='grc'><strong>4444444,</strong></span> <span class='ocrx_word' id='word_1_39' title='bbox 1691 943 1721 1004; x_wconf 91' lang='grc'><strong>44</strong></span> 
     </span>
     <span class='ocr_line' id='line_1_5' title="bbox 400 1033 1721 1118; baseline -0.002 -20"><span class='ocrx_word' id='word_1_40' title='bbox 400 1055 487 1099; x_wconf 85' lang='lat' dir='ltr'><strong>meas</strong></span> <span class='ocrx_word' id='word_1_41' title='bbox 515 1036 692 1118; x_wconf 89' lang='lat' dir='ltr'><strong>praesentis</strong></span> <span class='ocrx_word' id='word_1_42' title='bbox 718 1054 827 1117; x_wconf 83' lang='lat' dir='ltr'>preces</span> <span class='ocrx_word' id='word_1_43' title='bbox 855 1054 920 1096; x_wconf 93' lang='lat' dir='ltr'><strong>non</strong></span> <span class='ocrx_word' id='word_1_44' title='bbox 941 1042 1034 1117; x_wconf 90' lang='lat' dir='ltr'><strong>putas</strong></span> <span class='ocrx_word' id='word_1_45' title='bbox 1055 1033 1233 1116; x_wconf 72' lang='lat' dir='ltr'><strong>profuisse?</strong></span> <span class='ocrx_word' id='word_1_46' title='bbox 1266 1035 1315 1095; x_wconf 83' lang='lat' dir='ltr'><strong>An</strong></span> <span class='ocrx_word' id='word_1_47' title='bbox 1343 1033 1577 1096; x_wconf 74' lang='lat' dir='ltr'><strong>Minturnenses</strong></span> <span class='ocrx_word' id='word_1_48' title='bbox 1605 1033 1721 1109; x_wconf 93' lang='lat' dir='ltr'><strong>coloni,</strong></span> 
     </span>
     <span class='ocr_line' id='line_1_6' title="bbox 280 1128 1720 1214; baseline -0.003 -19"><span class='ocrx_word' id='word_1_49' title='bbox 280 1189 283 1195; x_wconf 77' lang='grc'><strong><em>,</em></strong></span> <span class='ocrx_word' id='word_1_50' title='bbox 376 1130 488 1214; x_wconf 74' lang='grc'><strong>44444</strong></span> <span class='ocrx_word' id='word_1_51' title='bbox 510 1131 544 1193; x_wconf 86' lang='lat' dir='ltr'><strong>C.</strong></span> <span class='ocrx_word' id='word_1_52' title='bbox 559 1130 692 1192; x_wconf 84' lang='lat' dir='ltr'><strong>lilerium</strong></span> <span class='ocrx_word' id='word_1_53' title='bbox 715 1149 733 1191; x_wconf 92' lang='grc'><strong>4</strong></span> <span class='ocrx_word' id='word_1_54' title='bbox 755 1129 839 1192; x_wconf 88' lang='grc'><strong>444444</strong></span> <span class='ocrx_word' id='word_1_55' title='bbox 860 1129 943 1192; x_wconf 84' lang='lat' dir='ltr'><strong>ferro</strong></span> <span class='ocrx_word' id='word_1_56' title='bbox 965 1138 1061 1211; x_wconf 90' lang='lat' dir='ltr'><strong>atque</strong></span> <span class='ocrx_word' id='word_1_57' title='bbox 1084 1149 1124 1190; x_wconf 81' lang='lat' dir='ltr'><strong>ex</strong></span> <span class='ocrx_word' id='word_1_58' title='bbox 1139 1129 1242 1210; x_wconf 84' lang='lat' dir='ltr'><strong>impiis</strong></span> <span class='ocrx_word' id='word_1_59' title='bbox 1257 1128 1400 1190; x_wconf 91' lang='lat' dir='ltr'><strong>manibus</strong></span> <span class='ocrx_word' id='word_1_60' title='bbox 1415 1129 1612 1210; x_wconf 91' lang='lat' dir='ltr'><strong>eripuerunt,</strong></span> <span class='ocrx_word' id='word_1_61' title='bbox 1634 1129 1720 1212; x_wconf 92' lang='lat' dir='ltr'><strong>quod</strong></span> 
     </span>
     <span class='ocr_line' id='line_1_7' title="bbox 399 1221 1722 1306; baseline -0.002 -20"><span class='ocrx_word' id='word_1_62' title='bbox 399 1230 483 1287; x_wconf 89' lang='lat' dir='ltr'><strong>tecto</strong></span> <span class='ocrx_word' id='word_1_63' title='bbox 506 1231 711 1305; x_wconf 90' lang='lat' dir='ltr'><strong>receperunt,</strong></span> <span class='ocrx_word' id='word_1_64' title='bbox 732 1222 818 1305; x_wconf 91' lang='lat' dir='ltr'><strong>quod</strong></span> <span class='ocrx_word' id='word_1_65' title='bbox 840 1221 959 1285; x_wconf 83' lang='lat' dir='ltr'><strong>fessum</strong></span> <span class='ocrx_word' id='word_1_66' title='bbox 979 1221 1086 1284; x_wconf 90' lang='lat' dir='ltr'><strong>inedia</strong></span> <span class='ocrx_word' id='word_1_67' title='bbox 1107 1222 1317 1304; x_wconf 86' lang='lat' dir='ltr'><strong>fluctibusque</strong></span> <span class='ocrx_word' id='word_1_68' title='bbox 1338 1229 1531 1297; x_wconf 80' lang='lat' dir='ltr'><strong>recrearunt,</strong></span> <span class='ocrx_word' id='word_1_69' title='bbox 1554 1221 1638 1306; x_wconf 91' lang='lat' dir='ltr'><strong>qued</strong></span> <span class='ocrx_word' id='word_1_70' title='bbox 1657 1222 1722 1285; x_wconf 83' lang='lat' dir='ltr'><strong>ria·</strong></span> 
     </span>
     <span class='ocr_line' id='line_1_8' title="bbox 401 1314 1721 1400; baseline -0.003 -20"><span class='ocrx_word' id='word_1_71' title='bbox 401 1318 498 1381; x_wconf 93' lang='lat' dir='ltr'><strong>ticum</strong></span> <span class='ocrx_word' id='word_1_72' title='bbox 528 1325 771 1399; x_wconf 81' lang='lat' dir='ltr'><strong>congesserunt,</strong></span> <span class='ocrx_word' id='word_1_73' title='bbox 802 1315 889 1400; x_wconf 95' lang='lat' dir='ltr'><strong>quod</strong></span> <span class='ocrx_word' id='word_1_74' title='bbox 924 1316 1084 1396; x_wconf 76' lang='lat' dir='ltr'><strong>navigium</strong></span> <span class='ocrx_word' id='word_1_75' title='bbox 1113 1314 1281 1389; x_wconf 90' lang='lat' dir='ltr'><strong>dederunt,</strong></span> <span class='ocrx_word' id='word_1_76' title='bbox 1309 1315 1396 1398; x_wconf 93' lang='lat' dir='ltr'><strong>quod</strong></span> <span class='ocrx_word' id='word_1_77' title='bbox 1424 1334 1495 1377; x_wconf 88' lang='lat' dir='ltr'><strong>eum</strong></span> <span class='ocrx_word' id='word_1_78' title='bbox 1525 1315 1721 1399; x_wconf 82' lang='lat' dir='ltr'><strong>linquentem</strong></span> 
     </span>
     <span class='ocr_line' id='line_1_9' title="bbox 399 1409 1721 1494; baseline -0.003 -20"><span class='ocrx_word' id='word_1_79' title='bbox 399 1420 513 1475; x_wconf 89' lang='lat' dir='ltr'><strong>terram</strong></span> <span class='ocrx_word' id='word_1_80' title='bbox 536 1431 624 1485; x_wconf 87' lang='lat' dir='ltr'><strong>cam,</strong></span> <span class='ocrx_word' id='word_1_81' title='bbox 655 1429 750 1494; x_wconf 88' lang='lat' dir='ltr'><strong>quam</strong></span> <span class='ocrx_word' id='word_1_82' title='bbox 780 1417 937 1483; x_wconf 82' lang='lat' dir='ltr'><strong>servarat,</strong></span> <span class='ocrx_word' id='word_1_83' title='bbox 963 1411 1045 1473; x_wconf 86' lang='lat' dir='ltr'><strong>votis</strong></span> <span class='ocrx_word' id='word_1_84' title='bbox 1067 1409 1213 1471; x_wconf 91' lang='lat' dir='ltr'><strong>omnibus</strong></span> <span class='ocrx_word' id='word_1_85' title='bbox 1235 1409 1435 1492; x_wconf 85' lang='lat' dir='ltr'><strong>lacrimisque</strong></span> <span class='ocrx_word' id='word_1_86' title='bbox 1458 1411 1615 1492; x_wconf 84' lang='lat' dir='ltr'><strong>prosecuti</strong></span> <span class='ocrx_word' id='word_1_87' title='bbox 1638 1417 1721 1483; x_wconf 89' lang='lat' dir='ltr'><strong>sunt,</strong></span> 
     </span>
     <span class='ocr_line' id='line_1_10' title="bbox 399 1502 1720 1586; baseline -0.004 -17"><span class='ocrx_word' id='word_1_88' title='bbox 399 1513 528 1569; x_wconf 87' lang='lat' dir='ltr'><strong>aeterna</strong></span> <span class='ocrx_word' id='word_1_89' title='bbox 550 1506 583 1568; x_wconf 95' lang='lat' dir='ltr'><strong>in</strong></span> <span class='ocrx_word' id='word_1_90' title='bbox 606 1503 701 1568; x_wconf 88' lang='lat' dir='ltr'><strong>laude</strong></span> <span class='ocrx_word' id='word_1_91' title='bbox 721 1511 903 1567; x_wconf 79' lang='lat' dir='ltr'><strong>versantur:</strong></span> <span class='ocrx_word' id='word_1_92' title='bbox 926 1504 1072 1576; x_wconf 85' lang='lat' dir='ltr'><strong>Plancio,</strong></span> <span class='ocrx_word' id='word_1_93' title='bbox 1095 1502 1179 1586; x_wconf 91' lang='lat' dir='ltr'><strong>quod</strong></span> <span class='ocrx_word' id='word_1_94' title='bbox 1202 1503 1316 1565; x_wconf 81' lang='lat' dir='ltr'><strong>merel</strong></span> <span class='ocrx_word' id='word_1_95' title='bbox 1335 1502 1366 1564; x_wconf 85' lang='grc'><strong>44</strong></span> <span class='ocrx_word' id='word_1_96' title='bbox 1388 1503 1513 1586; x_wconf 91' lang='lat' dir='ltr'><strong>pulsum</strong></span> <span class='ocrx_word' id='word_1_97' title='bbox 1528 1502 1720 1566; x_wconf 84' lang='grc'><strong>4444444444</strong></span> 
     </span>
     <span class='ocr_line' id='line_1_11' title="bbox 362 1597 1721 1682; baseline -0.001 -21"><span class='ocrx_word' id='word_1_98' title='bbox 362 1607 390 1653; x_wconf 82' lang='grc'><strong>40</strong></span> <span class='ocrx_word' id='word_1_99' title='bbox 399 1599 565 1662; x_wconf 90' lang='lat' dir='ltr'><strong>cedentem</strong></span> <span class='ocrx_word' id='word_1_100' title='bbox 585 1599 757 1679; x_wconf 86' lang='lat' dir='ltr'><strong>receperit,</strong></span> <span class='ocrx_word' id='word_1_101' title='bbox 787 1598 918 1670; x_wconf 85' lang='lat' dir='ltr'><strong>iuverit,</strong></span> <span class='ocrx_word' id='word_1_102' title='bbox 947 1597 1146 1670; x_wconf 88' lang='lat' dir='ltr'><strong>custodierit,</strong></span> <span class='ocrx_word' id='word_1_103' title='bbox 1173 1599 1223 1660; x_wconf 91' lang='lat' dir='ltr'><strong>bis</strong></span> <span class='ocrx_word' id='word_1_104' title='bbox 1252 1606 1284 1661; x_wconf 93' lang='lat' dir='ltr'><strong>et</strong></span> <span class='ocrx_word' id='word_1_105' title='bbox 1311 1599 1433 1661; x_wconf 89' lang='lat' dir='ltr'><strong>senatui</strong></span> <span class='ocrx_word' id='word_1_106' title='bbox 1454 1598 1639 1682; x_wconf 89' lang='lat' dir='ltr'><strong>populoque</strong></span> <span class='ocrx_word' id='word_1_107' title='bbox 1661 1597 1721 1660; x_wconf 83' lang='lat' dir='ltr'><strong>llo-</strong></span> 
     </span>
     <span class='ocr_line' id='line_1_12' title="bbox 399 1689 1719 1775; baseline 0.001 -22"><span class='ocrx_word' id='word_1_108' title='bbox 399 1711 508 1766; x_wconf 89' lang='lat' dir='ltr'><strong>mano,</strong></span> <span class='ocrx_word' id='word_1_109' title='bbox 535 1700 571 1755; x_wconf 89' lang='lat' dir='ltr'><strong>ut</strong></span> <span class='ocrx_word' id='word_1_110' title='bbox 598 1692 751 1755; x_wconf 89' lang='lat' dir='ltr'><strong>baberent</strong></span> <span class='ocrx_word' id='word_1_111' title='bbox 780 1712 875 1775; x_wconf 88' lang='lat' dir='ltr'><strong>quern</strong></span> <span class='ocrx_word' id='word_1_112' title='bbox 904 1692 1107 1766; x_wconf 85' lang='lat' dir='ltr'><strong>reducerent,</strong></span> <span class='ocrx_word' id='word_1_113' title='bbox 1137 1693 1346 1767; x_wconf 86' lang='lat' dir='ltr'><strong>conservarit,</strong></span> <span class='ocrx_word' id='word_1_114' title='bbox 1375 1691 1487 1756; x_wconf 92' lang='lat' dir='ltr'><strong>honori</strong></span> <span class='ocrx_word' id='word_1_115' title='bbox 1512 1693 1594 1755; x_wconf 91' lang='lat' dir='ltr'><strong>banc</strong></span> <span class='ocrx_word' id='word_1_116' title='bbox 1615 1689 1719 1765; x_wconf 88' lang='lat' dir='ltr'><strong>iidem,</strong></span> 
     </span>
     <span class='ocr_line' id='line_1_13' title="bbox 398 1783 1115 1859; baseline 0 -11"><span class='ocrx_word' id='word_1_117' title='bbox 398 1784 660 1859; x_wconf 89' lang='lat' dir='ltr'><strong>miscricordiam,</strong></span> <span class='ocrx_word' id='word_1_118' title='bbox 683 1785 829 1848; x_wconf 81' lang='lat' dir='ltr'><strong>virtutem</strong></span> <span class='ocrx_word' id='word_1_119' title='bbox 850 1783 949 1848; x_wconf 86' lang='lat' dir='ltr'><strong>luisse</strong></span> <span class='ocrx_word' id='word_1_120' title='bbox 971 1786 1115 1848; x_wconf 86' lang='lat' dir='ltr'><strong>miraris‘l</strong></span> 
     </span>
     <span class='ocr_line' id='line_1_14' title="bbox 484 1876 1718 1965; baseline 0.002 -24"><span class='ocrx_word' id='word_1_121' title='bbox 484 1880 539 1941; x_wconf 79' lang='lat' dir='ltr'><strong>ill.</strong></span> <span class='ocrx_word' id='word_1_122' title='bbox 560 1876 612 1941; x_wconf 77' lang='lat'><strong>27.</strong></span> <span class='ocrx_word' id='word_1_123' title='bbox 633 1879 718 1942; x_wconf 88' lang='lat' dir='ltr'><strong>Vitia</strong></span> <span class='ocrx_word' id='word_1_124' title='bbox 740 1880 933 1942; x_wconf 88' lang='lat' dir='ltr'><strong>mehercule</strong></span> <span class='ocrx_word' id='word_1_125' title='bbox 955 1879 1012 1943; x_wconf 87' lang='lat' dir='ltr'><strong>Cn.</strong></span> <span class='ocrx_word' id='word_1_126' title='bbox 1027 1880 1146 1943; x_wconf 93' lang='lat' dir='ltr'><strong>Plancii</strong></span> <span class='ocrx_word' id='word_1_127' title='bbox 1168 1900 1217 1944; x_wconf 91' lang='lat' dir='ltr'><strong>res</strong></span> <span class='ocrx_word' id='word_1_128' title='bbox 1232 1900 1297 1951; x_wconf 89' lang='grc'><strong>444,</strong></span> <span class='ocrx_word' id='word_1_129' title='bbox 1320 1881 1359 1943; x_wconf 91' lang='grc'><strong>44</strong></span> <span class='ocrx_word' id='word_1_130' title='bbox 1374 1881 1490 1965; x_wconf 91' lang='lat' dir='ltr'><strong>quibus</strong></span> <span class='ocrx_word' id='word_1_131' title='bbox 1505 1881 1589 1956; x_wconf 81' lang='lat' dir='ltr'><strong>dixi,</strong></span> <span class='ocrx_word' id='word_1_132' title='bbox 1611 1891 1718 1965; x_wconf 79' lang='lat' dir='ltr'><strong>tegere</strong></span> 
     </span>
     <span class='ocr_line' id='line_1_15' title="bbox 397 1973 1718 2057; baseline 0.003 -21"><span class='ocrx_word' id='word_1_133' title='bbox 397 1981 587 2056; x_wconf 90' lang='lat' dir='ltr'><strong>potuerunt,</strong></span> <span class='ocrx_word' id='word_1_134' title='bbox 609 1994 651 2037; x_wconf 89' lang='lat' dir='ltr'><strong>ne</strong></span> <span class='ocrx_word' id='word_1_135' title='bbox 672 1983 707 2037; x_wconf 92' lang='lat' dir='ltr'><strong>tu</strong></span> <span class='ocrx_word' id='word_1_136' title='bbox 727 1974 761 2036; x_wconf 91' lang='lat' dir='ltr'><strong>iu</strong></span> <span class='ocrx_word' id='word_1_137' title='bbox 782 1993 820 2037; x_wconf 88' lang='lat' dir='ltr'><strong>ea</strong></span> <span class='ocrx_word' id='word_1_138' title='bbox 841 1974 919 2048; x_wconf 82' lang='grc'><strong>4444,</strong></span> <span class='ocrx_word' id='word_1_139' title='bbox 941 1973 981 2036; x_wconf 92' lang='grc'><strong>44</strong></span> <span class='ocrx_word' id='word_1_140' title='bbox 1003 1977 1066 2057; x_wconf 86' lang='lat' dir='ltr'><strong>q&#39;ua</strong></span> <span class='ocrx_word' id='word_1_141' title='bbox 1088 1974 1148 2036; x_wconf 88' lang='lat' dir='ltr'><strong>iam</strong></span> <span class='ocrx_word' id='word_1_142' title='bbox 1171 1974 1288 2047; x_wconf 92' lang='lat' dir='ltr'><strong>dicam,</strong></span> <span class='ocrx_word' id='word_1_143' title='bbox 1311 1981 1358 2037; x_wconf 92' lang='lat' dir='ltr'><strong>tot</strong></span> <span class='ocrx_word' id='word_1_144' title='bbox 1378 1985 1410 2037; x_wconf 90' lang='lat' dir='ltr'><strong>et</strong></span> <span class='ocrx_word' id='word_1_145' title='bbox 1432 1983 1516 2038; x_wconf 91' lang='lat' dir='ltr'><strong>tanta</strong></span> <span class='ocrx_word' id='word_1_146' title='bbox 1538 1977 1718 2040; x_wconf 88' lang='lat' dir='ltr'><strong>adiumenta</strong></span> 
     </span>
     <span class='ocr_line' id='line_1_16' title="bbox 362 2067 1720 2150; baseline 0.005 -24"><span class='ocrx_word' id='word_1_147' title='bbox 362 2068 474 2131; x_wconf 79' lang='lat' dir='ltr'><strong>ishuic</strong></span> <span class='ocrx_word' id='word_1_148' title='bbox 493 2068 608 2131; x_wconf 92' lang='lat' dir='ltr'><strong>bonori</strong></span> <span class='ocrx_word' id='word_1_149' title='bbox 629 2067 728 2130; x_wconf 85' lang='lat' dir='ltr'><strong>luisse</strong></span> <span class='ocrx_word' id='word_1_150' title='bbox 749 2067 872 2130; x_wconf 88' lang='lat' dir='ltr'><strong>mirere.</strong></span> <span class='ocrx_word' id='word_1_151' title='bbox 904 2068 963 2130; x_wconf 88' lang='lat' dir='ltr'><strong>llic</strong></span> <span class='ocrx_word' id='word_1_152' title='bbox 985 2075 1035 2130; x_wconf 91' lang='lat' dir='ltr'><strong>est</strong></span> <span class='ocrx_word' id='word_1_153' title='bbox 1048 2069 1141 2142; x_wconf 90' lang='lat' dir='ltr'><strong>enim,</strong></span> <span class='ocrx_word' id='word_1_154' title='bbox 1164 2069 1219 2150; x_wconf 91' lang='lat' dir='ltr'><strong>qui</strong></span> <span class='ocrx_word' id='word_1_155' title='bbox 1233 2068 1486 2132; x_wconf 88' lang='lat' dir='ltr'><strong>adolescentulus</strong></span> <span class='ocrx_word' id='word_1_156' title='bbox 1501 2091 1573 2133; x_wconf 92' lang='lat' dir='ltr'><strong>cum</strong></span> <span class='ocrx_word' id='word_1_157' title='bbox 1588 2075 1624 2134; x_wconf 82' lang='grc' dir='ltr'><strong>Α.</strong></span> <span class='ocrx_word' id='word_1_158' title='bbox 1641 2073 1720 2133; x_wconf 92' lang='lat' dir='ltr'><strong>Tor·</strong></span> 
     </span>
     <span class='ocr_line' id='line_1_17' title="bbox 398 2161 1720 2249; baseline 0.004 -25"><span class='ocrx_word' id='word_1_159' title='bbox 398 2171 496 2246; x_wconf 88' lang='lat' dir='ltr'><strong>quato</strong></span> <span class='ocrx_word' id='word_1_160' title='bbox 524 2162 686 2244; x_wconf 84' lang='lat' dir='ltr'><strong>profectus</strong></span> <span class='ocrx_word' id='word_1_161' title='bbox 715 2163 747 2224; x_wconf 92' lang='lat' dir='ltr'><strong>in</strong></span> <span class='ocrx_word' id='word_1_162' title='bbox 773 2161 908 2224; x_wconf 77' lang='grc'><strong>44444444</strong></span> <span class='ocrx_word' id='word_1_163' title='bbox 937 2161 982 2224; x_wconf 90' lang='grc'><strong>444</strong></span> <span class='ocrx_word' id='word_1_164' title='bbox 1004 2161 1043 2224; x_wconf 90' lang='lat' dir='ltr'><strong>ab</strong></span> <span class='ocrx_word' id='word_1_165' title='bbox 1065 2161 1120 2223; x_wconf 93' lang='lat' dir='ltr'><strong>illo</strong></span> <span class='ocrx_word' id='word_1_166' title='bbox 1142 2162 1327 2244; x_wconf 80' lang='lat' dir='ltr'><strong>gravissimo</strong></span> <span class='ocrx_word' id='word_1_167' title='bbox 1350 2170 1382 2224; x_wconf 91' lang='lat' dir='ltr'><strong>et</strong></span> <span class='ocrx_word' id='word_1_168' title='bbox 1403 2164 1602 2227; x_wconf 88' lang='lat' dir='ltr'><strong>sanctissimo</strong></span> <span class='ocrx_word' id='word_1_169' title='bbox 1624 2174 1720 2249; x_wconf 84' lang='lat' dir='ltr'><strong>atque</strong></span> 
     </span>
     <span class='ocr_line' id='line_1_18' title="bbox 399 2253 1720 2336; baseline 0.003 -19"><span class='ocrx_word' id='word_1_170' title='bbox 399 2255 486 2317; x_wconf 90' lang='lat' dir='ltr'><strong>omui</strong></span> <span class='ocrx_word' id='word_1_171' title='bbox 514 2253 610 2317; x_wconf 90' lang='lat' dir='ltr'><strong>laude</strong></span> <span class='ocrx_word' id='word_1_172' title='bbox 639 2263 671 2318; x_wconf 90' lang='grc'><strong>44</strong></span> <span class='ocrx_word' id='word_1_173' title='bbox 697 2255 816 2319; x_wconf 89' lang='lat' dir='ltr'><strong>bonore</strong></span> <span class='ocrx_word' id='word_1_174' title='bbox 846 2256 1032 2336; x_wconf 78' lang='lat' dir='ltr'><strong>dignissimo</strong></span> <span class='ocrx_word' id='word_1_175' title='bbox 1058 2257 1125 2318; x_wconf 89' lang='grc'><strong>4444</strong></span> <span class='ocrx_word' id='word_1_176' title='bbox 1156 2255 1288 2318; x_wconf 88' lang='grc'><strong>44444444</strong></span> <span class='ocrx_word' id='word_1_177' title='bbox 1318 2263 1384 2332; x_wconf 89' lang='grc'><strong>444,</strong></span> <span class='ocrx_word' id='word_1_178' title='bbox 1400 2255 1450 2334; x_wconf 84' lang='lat' dir='ltr'><strong>(ut</strong></span> <span class='ocrx_word' id='word_1_179' title='bbox 1471 2265 1503 2320; x_wconf 90' lang='lat' dir='ltr'><strong>et</strong></span> <span class='ocrx_word' id='word_1_180' title='bbox 1524 2261 1720 2322; x_wconf 88' lang='lat' dir='ltr'><strong>contubernii</strong></span> 
     </span>
     <span class='ocr_line' id='line_1_19' title="bbox 398 2333 1721 2436; baseline 0.005 -26"><span class='ocrx_word' id='word_1_181' title='bbox 398 2347 599 2412; x_wconf 85' lang='lat' dir='ltr'><strong>necessitudo</strong></span> <span class='ocrx_word' id='word_1_182' title='bbox 621 2355 654 2411; x_wconf 91' lang='lat' dir='ltr'><strong>et</strong></span> <span class='ocrx_word' id='word_1_183' title='bbox 675 2348 884 2412; x_wconf 89' lang='lat' dir='ltr'><strong>adolescentis</strong></span> <span class='ocrx_word' id='word_1_184' title='bbox 900 2349 1123 2412; x_wconf 88' lang='lat' dir='ltr'><strong>modestissimi</strong></span> <span class='ocrx_word' id='word_1_185' title='bbox 1140 2349 1245 2431; x_wconf 90' lang='lat' dir='ltr'><strong>pudor</strong></span> <span class='ocrx_word' id='word_1_186' title='bbox 1258 2333 1455 2434; x_wconf 56' lang='lat' dir='ltr'><strong>postulabat)</strong></span> <span class='ocrx_word' id='word_1_187' title='bbox 1478 2353 1573 2436; x_wconf 92' lang='lat' dir='ltr'><strong>quod,</strong></span> <span class='ocrx_word' id='word_1_188' title='bbox 1589 2353 1613 2415; x_wconf 91' lang='lat' dir='ltr'><strong>si</strong></span> <span class='ocrx_word' id='word_1_189' title='bbox 1630 2352 1721 2416; x_wconf 90' lang='lat' dir='ltr'><strong>ades·</strong></span> 
     </span>
     <span class='ocr_line' id='line_1_20' title="bbox 398 2442 1721 2528; baseline 0.002 -23"><span class='ocrx_word' id='word_1_190' title='bbox 398 2451 464 2517; x_wconf 90' lang='lat' dir='ltr'><strong>set,</strong></span> <span class='ocrx_word' id='word_1_191' title='bbox 491 2461 556 2505; x_wconf 92' lang='lat' dir='ltr'><strong>non</strong></span> <span class='ocrx_word' id='word_1_192' title='bbox 586 2443 690 2506; x_wconf 89' lang='lat' dir='ltr'><strong>miuus</strong></span> <span class='ocrx_word' id='word_1_193' title='bbox 716 2442 770 2505; x_wconf 90' lang='lat' dir='ltr'><strong>ille</strong></span> <span class='ocrx_word' id='word_1_194' title='bbox 792 2443 966 2506; x_wconf 88' lang='lat' dir='ltr'><strong>declararet</strong></span> <span class='ocrx_word' id='word_1_195' title='bbox 987 2464 1083 2528; x_wconf 92' lang='lat' dir='ltr'><strong>quam</strong></span> <span class='ocrx_word' id='word_1_196' title='bbox 1110 2445 1160 2508; x_wconf 91' lang='lat' dir='ltr'><strong>bic</strong></span> <span class='ocrx_word' id='word_1_197' title='bbox 1182 2444 1267 2506; x_wconf 92' lang='lat' dir='ltr'><strong>illius</strong></span> <span class='ocrx_word' id='word_1_198' title='bbox 1289 2443 1385 2507; x_wconf 89' lang='grc'><strong>444444</strong></span> <span class='ocrx_word' id='word_1_199' title='bbox 1406 2445 1554 2527; x_wconf 90' lang='lat' dir='ltr'><strong>patruelis</strong></span> <span class='ocrx_word' id='word_1_200' title='bbox 1578 2454 1721 2509; x_wconf 89' lang='grc'><strong>4444444</strong></span> 
     </span>
     <span class='ocr_line' id='line_1_21' title="bbox 361 2537 1720 2622; baseline 0.006 -28"><span class='ocrx_word' id='word_1_201' title='bbox 361 2539 434 2599; x_wconf 79' lang='grc'><strong>444.</strong></span> <span class='ocrx_word' id='word_1_202' title='bbox 456 2539 647 2620; x_wconf 88' lang='lat' dir='ltr'><strong>Torquatus,</strong></span> <span class='ocrx_word' id='word_1_203' title='bbox 676 2537 763 2600; x_wconf 90' lang='lat' dir='ltr'><strong>omni</strong></span> <span class='ocrx_word' id='word_1_204' title='bbox 791 2537 839 2599; x_wconf 91' lang='lat' dir='ltr'><strong>illi</strong></span> <span class='ocrx_word' id='word_1_205' title='bbox 869 2546 900 2600; x_wconf 89' lang='lat' dir='ltr'><strong>ot</strong></span> <span class='ocrx_word' id='word_1_206' title='bbox 927 2538 1045 2602; x_wconf 83' lang='lat' dir='ltr'><strong>uirtute</strong></span> <span class='ocrx_word' id='word_1_207' title='bbox 1074 2545 1106 2600; x_wconf 91' lang='lat' dir='ltr'><strong>et</strong></span> <span class='ocrx_word' id='word_1_208' title='bbox 1136 2537 1229 2602; x_wconf 91' lang='lat' dir='ltr'><strong>laude</strong></span> <span class='ocrx_word' id='word_1_209' title='bbox 1251 2557 1320 2621; x_wconf 89' lang='lat' dir='ltr'><strong>par,</strong></span> <span class='ocrx_word' id='word_1_210' title='bbox 1353 2539 1408 2621; x_wconf 91' lang='lat' dir='ltr'><strong>qui</strong></span> <span class='ocrx_word' id='word_1_211' title='bbox 1430 2539 1627 2622; x_wconf 81' lang='lat' dir='ltr'><strong>estquidam</strong></span> <span class='ocrx_word' id='word_1_212' title='bbox 1649 2561 1720 2602; x_wconf 93' lang='lat' dir='ltr'><strong>cum</strong></span> 
     </span>
     <span class='ocr_line' id='line_1_22' title="bbox 397 2627 1721 2715; baseline 0.003 -22"><span class='ocrx_word' id='word_1_213' title='bbox 397 2630 453 2693; x_wconf 93' lang='lat' dir='ltr'><strong>illo</strong></span> <span class='ocrx_word' id='word_1_214' title='bbox 484 2631 630 2693; x_wconf 81' lang='lat' dir='ltr'><strong>maximis</strong></span> <span class='ocrx_word' id='word_1_215' title='bbox 659 2631 772 2694; x_wconf 86' lang='lat' dir='ltr'><strong>vinclis</strong></span> <span class='ocrx_word' id='word_1_216' title='bbox 802 2637 833 2693; x_wconf 90' lang='lat' dir='ltr'><strong>et</strong></span> <span class='ocrx_word' id='word_1_217' title='bbox 858 2632 1102 2715; x_wconf 87' lang='lat' dir='ltr'><strong>propinquitatis</strong></span> <span class='ocrx_word' id='word_1_218' title='bbox 1130 2639 1161 2694; x_wconf 90' lang='lat' dir='ltr'><strong>et</strong></span> <span class='ocrx_word' id='word_1_219' title='bbox 1182 2627 1342 2694; x_wconf 86' lang='lat' dir='ltr'><strong>affinitatis</strong></span> <span class='ocrx_word' id='word_1_220' title='bbox 1364 2631 1566 2708; x_wconf 89' lang='lat' dir='ltr'><strong>coniunctus,</strong></span> <span class='ocrx_word' id='word_1_221' title='bbox 1600 2632 1654 2696; x_wconf 86' lang='lat' dir='ltr'><strong>scd</strong></span> <span class='ocrx_word' id='word_1_222' title='bbox 1676 2636 1721 2697; x_wconf 86' lang='lat' dir='ltr'><strong>ita</strong></span> 
     </span>
    </p>
   </div>
   <div class='ocr_carea' id='block_1_3' title="bbox 266 2725 1721 2808">
    <p class='ocr_par' dir='ltr' id='par_1_3' title="bbox 266 2725 1721 2808">
     <span class='ocr_line' id='line_1_23' title="bbox 266 2725 1721 2808; baseline 0.002 -22"><span class='ocrx_word' id='word_1_223' title='bbox 266 2775 279 2808; x_wconf 70' lang='lat'><strong>,</strong></span> <span class='ocrx_word' id='word_1_224' title='bbox 396 2726 518 2806; x_wconf 78' lang='lat' dir='ltr'><strong>magnis</strong></span> <span class='ocrx_word' id='word_1_225' title='bbox 539 2725 673 2799; x_wconf 88' lang='lat' dir='ltr'><strong>amoris,</strong></span> <span class='ocrx_word' id='word_1_226' title='bbox 694 2733 731 2788; x_wconf 94' lang='lat' dir='ltr'><strong>ut</strong></span> <span class='ocrx_word' id='word_1_227' title='bbox 750 2725 824 2788; x_wconf 90' lang='lat' dir='ltr'><strong>illae</strong></span> <span class='ocrx_word' id='word_1_228' title='bbox 846 2726 1088 2788; x_wconf 87' lang='lat' dir='ltr'><strong>necessitudinis</strong></span> <span class='ocrx_word' id='word_1_229' title='bbox 1110 2745 1223 2788; x_wconf 91' lang='lat' dir='ltr'><strong>causae</strong></span> <span class='ocrx_word' id='word_1_230' title='bbox 1244 2726 1329 2788; x_wconf 85' lang='lat' dir='ltr'><strong>leves</strong></span> <span class='ocrx_word' id='word_1_231' title='bbox 1352 2745 1422 2788; x_wconf 90' lang='lat' dir='ltr'><strong>esse</strong></span> <span class='ocrx_word' id='word_1_232' title='bbox 1442 2725 1617 2789; x_wconf 82' lang='lat' dir='ltr'><strong>uideantur.</strong></span> <span class='ocrx_word' id='word_1_233' title='bbox 1649 2727 1721 2790; x_wconf 89' lang='lat' dir='ltr'><strong>Fuit</strong></span> 
     </span>
    </p>
   </div>
   <div class='ocr_carea' id='block_1_4' title="bbox 261 2819 1719 4030">
    <p class='ocr_par' dir='ltr' id='par_1_4' title="bbox 261 2819 1719 4030">
     <span class='ocr_line' id='line_1_24' title="bbox 396 2819 1718 2906; baseline 0.002 -25"><span class='ocrx_word' id='word_1_234' title='bbox 396 2819 430 2881; x_wconf 93' lang='lat' dir='ltr'><strong>in</strong></span> <span class='ocrx_word' id='word_1_235' title='bbox 453 2819 545 2881; x_wconf 87' lang='lat' dir='ltr'><strong>Creta</strong></span> <span class='ocrx_word' id='word_1_236' title='bbox 566 2826 677 2901; x_wconf 84' lang='lat' dir='ltr'><strong>postea</strong></span> <span class='ocrx_word' id='word_1_237' title='bbox 698 2819 933 2883; x_wconf 89' lang='lat' dir='ltr'><strong>contubernalis</strong></span> <span class='ocrx_word' id='word_1_238' title='bbox 956 2820 1133 2893; x_wconf 90' lang='lat' dir='ltr'><strong>Saturnini,</strong></span> <span class='ocrx_word' id='word_1_239' title='bbox 1163 2819 1333 2902; x_wconf 88' lang='lat' dir='ltr'><strong>propinqui</strong></span> <span class='ocrx_word' id='word_1_240' title='bbox 1355 2819 1421 2894; x_wconf 91' lang='lat' dir='ltr'><strong>sui,</strong></span> <span class='ocrx_word' id='word_1_241' title='bbox 1451 2819 1541 2906; x_wconf 87' lang='lat' dir='ltr'><strong>miles</strong></span> <span class='ocrx_word' id='word_1_242' title='bbox 1563 2820 1658 2884; x_wconf 90' lang='lat' dir='ltr'><strong>buius</strong></span> <span class='ocrx_word' id='word_1_243' title='bbox 1679 2821 1718 2896; x_wconf 82' lang='lat' dir='ltr'><strong>Q.</strong></span> 
     </span>
     <span class='ocr_line' id='line_1_25' title="bbox 396 2897 1719 2999; baseline 0.002 -23"><span class='ocrx_word' id='word_1_244' title='bbox 396 2911 531 2976; x_wconf 83' lang='lat' dir='ltr'><strong>Metelli:</strong></span> <span class='ocrx_word' id='word_1_245' title='bbox 553 2913 605 2975; x_wconf 92' lang='lat' dir='ltr'><strong>cui</strong></span> <span class='ocrx_word' id='word_1_246' title='bbox 628 2933 699 2976; x_wconf 94' lang='lat' dir='ltr'><strong>cum</strong></span> <span class='ocrx_word' id='word_1_247' title='bbox 722 2913 819 2975; x_wconf 83' lang='lat' dir='ltr'><strong>luerit</strong></span> <span class='ocrx_word' id='word_1_248' title='bbox 839 2913 1078 2995; x_wconf 90' lang='lat' dir='ltr'><strong>probatissimus</strong></span> <span class='ocrx_word' id='word_1_249' title='bbox 1099 2897 1331 2996; x_wconf 65' lang='lat' dir='ltr'><strong>hodiequfe&#39;sit,</strong></span> <span class='ocrx_word' id='word_1_250' title='bbox 1353 2903 1584 2978; x_wconf 63' lang='lat' dir='ltr'><strong>omnibus&#39;esse</strong></span> <span class='ocrx_word' id='word_1_251' title='bbox 1599 2935 1633 2977; x_wconf 91' lang='grc'><strong>44</strong></span> <span class='ocrx_word' id='word_1_252' title='bbox 1648 2937 1719 2999; x_wconf 90' lang='lat' dir='ltr'><strong>pro-</strong></span> 
     </span>
     <span class='ocr_line' id='line_1_26' title="bbox 359 3005 1719 3092; baseline 0.004 -28"><span class='ocrx_word' id='word_1_253' title='bbox 359 3008 503 3071; x_wconf 77' lang='lat' dir='ltr'><strong>mbatum</strong></span> <span class='ocrx_word' id='word_1_254' title='bbox 526 3005 623 3070; x_wconf 89' lang='lat' dir='ltr'><strong>debet</strong></span> <span class='ocrx_word' id='word_1_255' title='bbox 642 3027 778 3092; x_wconf 85' lang='lat' dir='ltr'><strong>sperare.</strong></span> <span class='ocrx_word' id='word_1_256' title='bbox 806 3008 843 3068; x_wconf 91' lang='lat' dir='ltr'><strong>In</strong></span> <span class='ocrx_word' id='word_1_257' title='bbox 865 3025 902 3070; x_wconf 90' lang='lat' dir='ltr'><strong>ea</strong></span> <span class='ocrx_word' id='word_1_258' title='bbox 923 3007 1085 3089; x_wconf 85' lang='lat' dir='ltr'><strong>provincia</strong></span> <span class='ocrx_word' id='word_1_259' title='bbox 1106 3006 1226 3089; x_wconf 82' lang='lat' dir='ltr'><strong>legatus</strong></span> <span class='ocrx_word' id='word_1_260' title='bbox 1248 3005 1309 3069; x_wconf 89' lang='lat' dir='ltr'><strong>luit</strong></span> <span class='ocrx_word' id='word_1_261' title='bbox 1331 3007 1363 3070; x_wconf 85' lang='lat' dir='ltr'><strong>C.</strong></span> <span class='ocrx_word' id='word_1_262' title='bbox 1380 3008 1551 3071; x_wconf 87' lang='lat' dir='ltr'><strong>Sacerdos:</strong></span> <span class='ocrx_word' id='word_1_263' title='bbox 1573 3029 1637 3092; x_wconf 88' lang='lat' dir='ltr'><strong>qua</strong></span> <span class='ocrx_word' id='word_1_264' title='bbox 1658 3009 1719 3072; x_wconf 90' lang='grc'><strong>444-</strong></span> 
     </span>
     <span class='ocr_line' id='line_1_27' title="bbox 276 3100 1719 3187; baseline 0.001 -23"><span class='ocrx_word' id='word_1_265' title='bbox 276 3103 296 3186; x_wconf 60' lang='lat' dir='ltr'><strong>j,</strong></span> <span class='ocrx_word' id='word_1_266' title='bbox 395 3109 478 3176; x_wconf 91' lang='lat' dir='ltr'><strong>tute,</strong></span> <span class='ocrx_word' id='word_1_267' title='bbox 501 3119 566 3185; x_wconf 86' lang='lat' dir='ltr'><strong>qua</strong></span> <span class='ocrx_word' id='word_1_268' title='bbox 587 3103 761 3164; x_wconf 87' lang='lat' dir='ltr'><strong>constantia</strong></span> <span class='ocrx_word' id='word_1_269' title='bbox 776 3100 843 3187; x_wconf 80' lang='grc'><strong>4444</strong></span> <span class='ocrx_word' id='word_1_270' title='bbox 865 3101 900 3162; x_wconf 91' lang='lat' dir='ltr'><strong>L.</strong></span> <span class='ocrx_word' id='word_1_271' title='bbox 916 3101 1062 3164; x_wconf 89' lang='lat' dir='ltr'><strong>Flaccus:</strong></span> <span class='ocrx_word' id='word_1_272' title='bbox 1087 3103 1142 3184; x_wconf 93' lang='lat' dir='ltr'><strong>qui</strong></span> <span class='ocrx_word' id='word_1_273' title='bbox 1164 3100 1276 3162; x_wconf 91' lang='lat' dir='ltr'><strong>bomol</strong></span> <span class='ocrx_word' id='word_1_274' title='bbox 1299 3101 1354 3184; x_wconf 92' lang='lat' dir='ltr'><strong>qui</strong></span> <span class='ocrx_word' id='word_1_275' title='bbox 1370 3101 1464 3164; x_wconf 82' lang='lat' dir='ltr'><strong>cirisi</strong></span> <span class='ocrx_word' id='word_1_276' title='bbox 1489 3101 1614 3184; x_wconf 89' lang='lat' dir='ltr'><strong>qualem</strong></span> <span class='ocrx_word' id='word_1_277' title='bbox 1635 3102 1719 3165; x_wconf 91' lang='lat' dir='ltr'><strong>bunc</strong></span> 
     </span>
     <span class='ocr_line' id='line_1_28' title="bbox 395 3185 1719 3278; baseline 0.001 -21"><span class='ocrx_word' id='word_1_278' title='bbox 395 3200 522 3278; x_wconf 82' lang='lat' dir='ltr'><strong>putent,</strong></span> <span class='ocrx_word' id='word_1_279' title='bbox 552 3194 739 3258; x_wconf 84' lang='lat' dir='ltr'><strong>assiduitate</strong></span> <span class='ocrx_word' id='word_1_280' title='bbox 760 3185 1005 3278; x_wconf 86' lang='lat' dir='ltr'><strong>testimonioque</strong></span> <span class='ocrx_word' id='word_1_281' title='bbox 1027 3195 1195 3257; x_wconf 89' lang='lat' dir='ltr'><strong>declarant.</strong></span> <span class='ocrx_word' id='word_1_282' title='bbox 1239 3189 1289 3255; x_wconf 73' lang='lat'><strong>28.</strong></span> <span class='ocrx_word' id='word_1_283' title='bbox 1312 3195 1348 3256; x_wconf 92' lang='grc'><strong>44</strong></span> <span class='ocrx_word' id='word_1_284' title='bbox 1370 3194 1555 3258; x_wconf 84' lang='grc'><strong>4444444444</strong></span> <span class='ocrx_word' id='word_1_285' title='bbox 1575 3196 1719 3259; x_wconf 87' lang='lat' dir='ltr'><strong>tribunus</strong></span> 
     </span>
     <span class='ocr_line' id='line_1_29' title="bbox 396 3288 1719 3371; baseline 0.002 -21"><span class='ocrx_word' id='word_1_286' title='bbox 396 3288 532 3353; x_wconf 90' lang='lat' dir='ltr'><strong>militum</strong></span> <span class='ocrx_word' id='word_1_287' title='bbox 559 3289 636 3362; x_wconf 89' lang='grc'><strong>4444,</strong></span> <span class='ocrx_word' id='word_1_288' title='bbox 668 3288 702 3350; x_wconf 89' lang='grc'><strong>44</strong></span> <span class='ocrx_word' id='word_1_289' title='bbox 731 3288 842 3352; x_wconf 89' lang='lat' dir='ltr'><strong>eadem</strong></span> <span class='ocrx_word' id='word_1_290' title='bbox 870 3289 1035 3370; x_wconf 84' lang='lat' dir='ltr'><strong>provincia</strong></span> <span class='ocrx_word' id='word_1_291' title='bbox 1056 3295 1165 3371; x_wconf 89' lang='lat' dir='ltr'><strong>postea</strong></span> <span class='ocrx_word' id='word_1_292' title='bbox 1186 3293 1342 3369; x_wconf 86' lang='lat' dir='ltr'><strong>quaestor.</strong></span> <span class='ocrx_word' id='word_1_293' title='bbox 1376 3289 1511 3352; x_wconf 88' lang='lat' dir='ltr'><strong>Primum</strong></span> <span class='ocrx_word' id='word_1_294' title='bbox 1535 3290 1719 3354; x_wconf 84' lang='lat' dir='ltr'><strong>Macedonia</strong></span> 
     </span>
     <span class='ocr_line' id='line_1_30' title="bbox 396 3381 1719 3465; baseline 0 -19"><span class='ocrx_word' id='word_1_295' title='bbox 396 3384 442 3446; x_wconf 88' lang='lat' dir='ltr'><strong>sic</strong></span> <span class='ocrx_word' id='word_1_296' title='bbox 464 3403 537 3446; x_wconf 90' lang='lat' dir='ltr'><strong>eum</strong></span> <span class='ocrx_word' id='word_1_297' title='bbox 560 3382 678 3464; x_wconf 78' lang='lat' dir='ltr'><strong>diligit,</strong></span> <span class='ocrx_word' id='word_1_298' title='bbox 700 3389 737 3445; x_wconf 93' lang='lat' dir='ltr'><strong>ut</strong></span> <span class='ocrx_word' id='word_1_299' title='bbox 757 3381 898 3445; x_wconf 88' lang='lat' dir='ltr'><strong>indicant</strong></span> <span class='ocrx_word' id='word_1_300' title='bbox 911 3381 944 3443; x_wconf 91' lang='lat' dir='ltr'><strong>bi</strong></span> <span class='ocrx_word' id='word_1_301' title='bbox 961 3383 1118 3463; x_wconf 89' lang='lat' dir='ltr'><strong>principes</strong></span> <span class='ocrx_word' id='word_1_302' title='bbox 1134 3382 1292 3444; x_wconf 89' lang='lat' dir='ltr'><strong>civitatum</strong></span> <span class='ocrx_word' id='word_1_303' title='bbox 1308 3399 1451 3445; x_wconf 90' lang='lat' dir='ltr'><strong>suarum:</strong></span> <span class='ocrx_word' id='word_1_304' title='bbox 1475 3383 1529 3465; x_wconf 92' lang='lat' dir='ltr'><strong>qui</strong></span> <span class='ocrx_word' id='word_1_305' title='bbox 1546 3403 1614 3446; x_wconf 91' lang='lat' dir='ltr'><strong>cum</strong></span> <span class='ocrx_word' id='word_1_306' title='bbox 1630 3385 1719 3447; x_wconf 91' lang='lat' dir='ltr'><strong>missi</strong></span> 
     </span>
     <span class='ocr_line' id='line_1_31' title="bbox 358 3476 1719 3558; baseline 0.004 -23"><span class='ocrx_word' id='word_1_307' title='bbox 358 3476 461 3538; x_wconf 81' lang='grc'><strong>444444</strong></span> <span class='ocrx_word' id='word_1_308' title='bbox 490 3476 531 3537; x_wconf 94' lang='lat' dir='ltr'><strong>ob</strong></span> <span class='ocrx_word' id='word_1_309' title='bbox 560 3476 655 3540; x_wconf 92' lang='lat' dir='ltr'><strong>aliam</strong></span> <span class='ocrx_word' id='word_1_310' title='bbox 681 3497 825 3550; x_wconf 89' lang='lat' dir='ltr'><strong>causam,</strong></span> <span class='ocrx_word' id='word_1_311' title='bbox 858 3483 962 3538; x_wconf 85' lang='grc'><strong>444444</strong></span> <span class='ocrx_word' id='word_1_312' title='bbox 989 3477 1084 3539; x_wconf 85' lang='grc'><strong>444444</strong></span> <span class='ocrx_word' id='word_1_313' title='bbox 1113 3476 1278 3557; x_wconf 89' lang='lat' dir='ltr'><strong>repentino</strong></span> <span class='ocrx_word' id='word_1_314' title='bbox 1306 3476 1444 3558; x_wconf 90' lang='lat' dir='ltr'><strong>periculo</strong></span> <span class='ocrx_word' id='word_1_315' title='bbox 1475 3478 1624 3540; x_wconf 92' lang='lat' dir='ltr'><strong>commoti</strong></span> <span class='ocrx_word' id='word_1_316' title='bbox 1645 3477 1719 3542; x_wconf 91' lang='lat' dir='ltr'><strong>buic</strong></span> 
     </span>
     <span class='ocr_line' id='line_1_32' title="bbox 396 3569 1719 3653; baseline 0.002 -21"><span class='ocrx_word' id='word_1_317' title='bbox 396 3570 554 3645; x_wconf 89' lang='lat' dir='ltr'><strong>assident,</strong></span> <span class='ocrx_word' id='word_1_318' title='bbox 583 3591 641 3653; x_wconf 92' lang='lat' dir='ltr'><strong>pro</strong></span> <span class='ocrx_word' id='word_1_319' title='bbox 664 3571 724 3634; x_wconf 93' lang='lat' dir='ltr'><strong>boc</strong></span> <span class='ocrx_word' id='word_1_320' title='bbox 745 3571 904 3645; x_wconf 77' lang='lat' dir='ltr'><strong>laborant:</strong></span> <span class='ocrx_word' id='word_1_321' title='bbox 932 3570 1009 3632; x_wconf 92' lang='lat' dir='ltr'><strong>buic</strong></span> <span class='ocrx_word' id='word_1_322' title='bbox 1030 3571 1057 3633; x_wconf 94' lang='lat' dir='ltr'><strong>si</strong></span> <span class='ocrx_word' id='word_1_323' title='bbox 1079 3576 1204 3652; x_wconf 90' lang='lat' dir='ltr'><strong>praesto</strong></span> <span class='ocrx_word' id='word_1_324' title='bbox 1226 3569 1360 3644; x_wconf 88' lang='lat' dir='ltr'><strong>luerint,</strong></span> <span class='ocrx_word' id='word_1_325' title='bbox 1390 3570 1507 3653; x_wconf 77' lang='lat' dir='ltr'><strong>gratius</strong></span> <span class='ocrx_word' id='word_1_326' title='bbox 1529 3591 1563 3634; x_wconf 91' lang='lat' dir='ltr'><strong>se</strong></span> <span class='ocrx_word' id='word_1_327' title='bbox 1586 3572 1719 3635; x_wconf 91' lang='lat' dir='ltr'><strong>civitati·</strong></span> 
     </span>
     <span class='ocr_line' id='line_1_33' title="bbox 261 3650 1719 3749; baseline 0.003 -25"><span class='ocrx_word' id='word_1_328' title='bbox 261 3650 281 3738; x_wconf 56' lang='lat'><strong>‚⁹</strong></span> <span class='ocrx_word' id='word_1_329' title='bbox 396 3663 455 3725; x_wconf 90' lang='lat' dir='ltr'><strong>bus</strong></span> <span class='ocrx_word' id='word_1_330' title='bbox 484 3663 550 3726; x_wconf 88' lang='lat' dir='ltr'><strong>suis</strong></span> <span class='ocrx_word' id='word_1_331' title='bbox 579 3663 717 3728; x_wconf 84' lang='lat' dir='ltr'><strong>facturos</strong></span> <span class='ocrx_word' id='word_1_332' title='bbox 739 3671 850 3748; x_wconf 86' lang='lat' dir='ltr'><strong>putant</strong></span> <span class='ocrx_word' id='word_1_333' title='bbox 871 3683 964 3747; x_wconf 85' lang='lat' dir='ltr'><strong>quam</strong></span> <span class='ocrx_word' id='word_1_334' title='bbox 987 3664 1013 3725; x_wconf 91' lang='lat' dir='ltr'><strong>si</strong></span> <span class='ocrx_word' id='word_1_335' title='bbox 1036 3663 1222 3745; x_wconf 79' lang='lat' dir='ltr'><strong>legationem</strong></span> <span class='ocrx_word' id='word_1_336' title='bbox 1246 3684 1333 3749; x_wconf 84' lang='lat' dir='ltr'><strong>suam</strong></span> <span class='ocrx_word' id='word_1_337' title='bbox 1356 3672 1387 3726; x_wconf 91' lang='lat' dir='ltr'><strong>et</strong></span> <span class='ocrx_word' id='word_1_338' title='bbox 1408 3662 1554 3728; x_wconf 89' lang='lat' dir='ltr'><strong>mandata</strong></span> <span class='ocrx_word' id='word_1_339' title='bbox 1575 3666 1719 3728; x_wconf 86' lang='grc'><strong>4444444-</strong></span> 
     </span>
     <span class='ocr_line' id='line_1_34' title="bbox 396 3748 1717 3844; baseline 0.004 -26"><span class='ocrx_word' id='word_1_340' title='bbox 396 3757 468 3819; x_wconf 83' lang='lat' dir='ltr'><strong>rint</strong></span> <span class='ocrx_word' id='word_1_341' title='bbox 501 3758 536 3819; x_wconf 88' lang='lat' dir='ltr'><strong>L.</strong></span> <span class='ocrx_word' id='word_1_342' title='bbox 558 3778 633 3820; x_wconf 83' lang='lat' dir='ltr'><strong>vero</strong></span> <span class='ocrx_word' id='word_1_343' title='bbox 655 3758 809 3841; x_wconf 82' lang='lat' dir='ltr'><strong>Apuleius</strong></span> <span class='ocrx_word' id='word_1_344' title='bbox 829 3757 915 3821; x_wconf 92' lang='lat' dir='ltr'><strong>hunc</strong></span> <span class='ocrx_word' id='word_1_345' title='bbox 937 3758 1016 3820; x_wconf 85' lang='lat' dir='ltr'><strong>tanti</strong></span> <span class='ocrx_word' id='word_1_346' title='bbox 1043 3757 1132 3831; x_wconf 91' lang='grc'><strong>44444,</strong></span> <span class='ocrx_word' id='word_1_347' title='bbox 1160 3748 1332 3820; x_wconf 75' lang='lat' dir='ltr'><strong>utmorem</strong></span> <span class='ocrx_word' id='word_1_348' title='bbox 1354 3758 1443 3820; x_wconf 90' lang='lat' dir='ltr'><strong>illurn</strong></span> <span class='ocrx_word' id='word_1_349' title='bbox 1465 3757 1631 3835; x_wconf 81' lang='lat' dir='ltr'><strong>maiorum,</strong></span> <span class='ocrx_word' id='word_1_350' title='bbox 1662 3761 1717 3844; x_wconf 92' lang='lat' dir='ltr'><strong>qui</strong></span> 
     </span>
     <span class='ocr_line' id='line_1_35' title="bbox 397 3851 1717 3936; baseline 0.002 -23"><span class='ocrx_word' id='word_1_351' title='bbox 397 3851 583 3935; x_wconf 88' lang='lat' dir='ltr'><strong>praescribit</strong></span> <span class='ocrx_word' id='word_1_352' title='bbox 609 3854 643 3913; x_wconf 92' lang='grc'><strong>44</strong></span> <span class='ocrx_word' id='word_1_353' title='bbox 672 3859 837 3936; x_wconf 89' lang='lat' dir='ltr'><strong>pareutum</strong></span> <span class='ocrx_word' id='word_1_354' title='bbox 865 3852 936 3914; x_wconf 93' lang='lat' dir='ltr'><strong>loco</strong></span> <span class='ocrx_word' id='word_1_355' title='bbox 958 3851 1177 3932; x_wconf 89' lang='lat' dir='ltr'><strong>quaestoribus</strong></span> <span class='ocrx_word' id='word_1_356' title='bbox 1198 3852 1265 3913; x_wconf 90' lang='lat' dir='ltr'><strong>suis</strong></span> <span class='ocrx_word' id='word_1_357' title='bbox 1287 3858 1447 3933; x_wconf 88' lang='lat' dir='ltr'><strong>praetores</strong></span> <span class='ocrx_word' id='word_1_358' title='bbox 1470 3869 1539 3913; x_wconf 91' lang='lat' dir='ltr'><strong>esse</strong></span> <span class='ocrx_word' id='word_1_359' title='bbox 1561 3861 1717 3936; x_wconf 88' lang='lat' dir='ltr'><strong>oportere,</strong></span> 
     </span>
     <span class='ocr_line' id='line_1_36' title="bbox 360 3942 1717 4030; baseline 0.002 -24"><span class='ocrx_word' id='word_1_360' title='bbox 360 3942 510 4009; x_wconf 79' lang='grc'><strong>4444444444</strong></span> <span class='ocrx_word' id='word_1_361' title='bbox 531 3946 819 4030; x_wconf 87' lang='lat' dir='ltr'><strong>benevolentiaque</strong></span> <span class='ocrx_word' id='word_1_362' title='bbox 841 3947 1005 4029; x_wconf 81' lang='lat' dir='ltr'><strong>superarit</strong></span> <span class='ocrx_word' id='word_1_363' title='bbox 1044 3945 1202 4007; x_wconf 88' lang='lat' dir='ltr'><strong>Tribunus</strong></span> <span class='ocrx_word' id='word_1_364' title='bbox 1231 3945 1274 4027; x_wconf 83' lang='lat' dir='ltr'><strong>pl.</strong></span> <span class='ocrx_word' id='word_1_365' title='bbox 1295 3943 1373 4020; x_wconf 86' lang='lat' dir='ltr'><strong>luit,</strong></span> <span class='ocrx_word' id='word_1_366' title='bbox 1402 3965 1466 4008; x_wconf 92' lang='grc'><strong>444</strong></span> <span class='ocrx_word' id='word_1_367' title='bbox 1495 3943 1627 4009; x_wconf 82' lang='lat' dir='ltr'><strong>sortasse</strong></span> <span class='ocrx_word' id='word_1_368' title='bbox 1654 3953 1717 4009; x_wconf 88' lang='lat' dir='ltr'><strong>tam</strong></span> 
     </span>
    </p>
   </div>
   <div class='ocr_carea' id='block_1_5' title="bbox 396 4233 1718 5283">
    <p class='ocr_par' dir='ltr' id='par_1_5' title="bbox 396 4233 1718 5283">
     <span class='ocr_line' id='line_1_37' title="bbox 463 4233 1716 4298; baseline 0.001 -12"><span class='ocrx_word' id='word_1_369' title='bbox 463 4238 487 4286; x_wconf 88' lang='lat' dir='ltr'><strong>t.</strong></span> <span class='ocrx_word' id='word_1_370' title='bbox 505 4237 547 4287; x_wconf 86' lang='lat' dir='ltr'><strong>cui</strong></span> <span class='ocrx_word' id='word_1_371' title='bbox 563 4249 615 4287; x_wconf 85' lang='lat' dir='ltr'><strong>om.</strong></span> <span class='ocrx_word' id='word_1_372' title='bbox 634 4238 655 4286; x_wconf 88' lang='grc' dir='ltr'><strong>Τ</strong></span> <span class='ocrx_word' id='word_1_373' title='bbox 674 4263 701 4274; x_wconf 90' lang='grc'><strong>-</strong></span> <span class='ocrx_word' id='word_1_374' title='bbox 724 4235 749 4286; x_wconf 82' lang='grc'><strong>3.</strong></span> <span class='ocrx_word' id='word_1_375' title='bbox 766 4247 849 4285; x_wconf 80' lang='lat' dir='ltr'><strong>mnan</strong></span> <span class='ocrx_word' id='word_1_376' title='bbox 862 4248 952 4286; x_wconf 85' lang='lat' dir='ltr'><strong>nomen</strong></span> <span class='ocrx_word' id='word_1_377' title='bbox 968 4237 988 4287; x_wconf 86' lang='lat' dir='ltr'><strong>E</strong></span> <span class='ocrx_word' id='word_1_378' title='bbox 1008 4263 1036 4274; x_wconf 89' lang='lat'><em>-</em></span> <span class='ocrx_word' id='word_1_379' title='bbox 1058 4235 1082 4286; x_wconf 80' lang='lat' dir='ltr'><strong>i.</strong></span> <span class='ocrx_word' id='word_1_380' title='bbox 1098 4240 1238 4298; x_wconf 80' lang='lat' dir='ltr'><strong>praesentes</strong></span> <span class='ocrx_word' id='word_1_381' title='bbox 1254 4235 1273 4284; x_wconf 87' lang='lat' dir='ltr'>E</span> <span class='ocrx_word' id='word_1_382' title='bbox 1293 4261 1319 4270; x_wconf 86' lang='lat'>—</span> <span class='ocrx_word' id='word_1_383' title='bbox 1343 4234 1428 4288; x_wconf 72' lang='lat' dir='ltr'><strong>Ann</strong></span> <span class='ocrx_word' id='word_1_384' title='bbox 1440 4235 1583 4298; x_wconf 73' lang='lat' dir='ltr'><strong>:ripemunt</strong></span> <span class='ocrx_word' id='word_1_385' title='bbox 1599 4233 1716 4287; x_wconf 77' lang='lat' dir='ltr'><strong>habeta</strong></span> 
     </span>
     <span class='ocr_line' id='line_1_38' title="bbox 400 4309 1718 4374; baseline 0 -12"><span class='ocrx_word' id='word_1_386' title='bbox 400 4310 707 4363; x_wconf 74' lang='grc'><strong>-444444444444444-</strong></span> <span class='ocrx_word' id='word_1_387' title='bbox 724 4313 748 4364; x_wconf 81' lang='grc'><strong>4.</strong></span> <span class='ocrx_word' id='word_1_388' title='bbox 767 4315 830 4363; x_wconf 71' lang='lat' dir='ltr'><strong>eil:</strong></span> <span class='ocrx_word' id='word_1_389' title='bbox 849 4325 902 4361; x_wconf 95' lang='lat' dir='ltr'><strong>om.</strong></span> <span class='ocrx_word' id='word_1_390' title='bbox 918 4312 966 4361; x_wconf 83' lang='lat' dir='ltr'><strong>TE</strong></span> <span class='ocrx_word' id='word_1_391' title='bbox 982 4338 1005 4348; x_wconf 92' lang='lat'>—</span> <span class='ocrx_word' id='word_1_392' title='bbox 1025 4312 1095 4374; x_wconf 75' lang='lat' dir='ltr'><strong>forro</strong></span> <span class='ocrx_word' id='word_1_393' title='bbox 1111 4313 1144 4360; x_wconf 79' lang='lat' dir='ltr'><strong>A:</strong></span> <span class='ocrx_word' id='word_1_394' title='bbox 1162 4322 1248 4359; x_wconf 86' lang='lat' dir='ltr'><strong>errore</strong></span> <span class='ocrx_word' id='word_1_395' title='bbox 1265 4309 1351 4358; x_wconf 89' lang='grc' dir='ltr'><strong>ΤΕ-</strong></span> <span class='ocrx_word' id='word_1_396' title='bbox 1370 4309 1510 4358; x_wconf 73' lang='lat' dir='ltr'><strong>dimedio</strong></span> <span class='ocrx_word' id='word_1_397' title='bbox 1526 4311 1571 4361; x_wconf 88' lang='grc' dir='ltr'><strong>ΤΕ</strong></span> <span class='ocrx_word' id='word_1_398' title='bbox 1585 4338 1612 4348; x_wconf 94' lang='grc'>-</span> <span class='ocrx_word' id='word_1_399' title='bbox 1631 4311 1718 4362; x_wconf 79' lang='lat' dir='ltr'><strong>am-</strong></span> 
     </span>
     <span class='ocr_line' id='line_1_39' title="bbox 397 4385 1715 4449; baseline 0.001 -12"><span class='ocrx_word' id='word_1_400' title='bbox 397 4394 476 4438; x_wconf 83' lang='lat' dir='ltr'><strong>uarat</strong></span> <span class='ocrx_word' id='word_1_401' title='bbox 491 4390 551 4439; x_wconf 87' lang='lat' dir='ltr'><strong>TE:</strong></span> <span class='ocrx_word' id='word_1_402' title='bbox 569 4393 714 4438; x_wconf 73' lang='lat' dir='ltr'><strong>macerat</strong></span> <span class='ocrx_word' id='word_1_403' title='bbox 729 4388 749 4437; x_wconf 96' lang='lat'>0</span> <span class='ocrx_word' id='word_1_404' title='bbox 762 4414 790 4423; x_wconf 92' lang='lat'><em>-</em></span> <span class='ocrx_word' id='word_1_405' title='bbox 822 4386 999 4437; x_wconf 84' lang='lat' dir='ltr'><strong>uotisomnibus</strong></span> <span class='ocrx_word' id='word_1_406' title='bbox 1014 4385 1173 4446; x_wconf 76' lang='lat' dir='ltr'><strong>lacrimisque</strong></span> <span class='ocrx_word' id='word_1_407' title='bbox 1183 4385 1240 4434; x_wconf 87' lang='lat' dir='ltr'><strong>TE:</strong></span> <span class='ocrx_word' id='word_1_408' title='bbox 1258 4385 1381 4445; x_wconf 81' lang='lat' dir='ltr'><strong>lacrimis,</strong></span> <span class='ocrx_word' id='word_1_409' title='bbox 1399 4386 1462 4434; x_wconf 83' lang='lat' dir='ltr'><strong>uotis</strong></span> <span class='ocrx_word' id='word_1_410' title='bbox 1477 4387 1645 4449; x_wconf 78' lang='lat' dir='ltr'><strong>ominibusque</strong></span> <span class='ocrx_word' id='word_1_411' title='bbox 1656 4389 1715 4448; x_wconf 81' lang='lat' dir='ltr'><strong>L0;</strong></span> 
     </span>
     <span class='ocr_line' id='line_1_40' title="bbox 397 4458 1718 4526; baseline 0 -13"><span class='ocrx_word' id='word_1_412' title='bbox 397 4465 460 4514; x_wconf 79' lang='grc'><strong>44444</strong></span> <span class='ocrx_word' id='word_1_413' title='bbox 470 4465 639 4526; x_wconf 70' lang='lat' dir='ltr'><strong>ominibusque</strong></span> <span class='ocrx_word' id='word_1_414' title='bbox 648 4469 672 4514; x_wconf 84' lang='lat' dir='ltr'><strong>et</strong></span> <span class='ocrx_word' id='word_1_415' title='bbox 687 4463 798 4513; x_wconf 75' lang='lat' dir='ltr'><strong>iamim:</strong></span> <span class='ocrx_word' id='word_1_416' title='bbox 812 4461 955 4526; x_wconf 80' lang='lat' dir='ltr'><strong>Madvigius</strong></span> <span class='ocrx_word' id='word_1_417' title='bbox 968 4461 1116 4512; x_wconf 84' lang='lat' dir='ltr'><strong>Emendutt.</strong></span> <span class='ocrx_word' id='word_1_418' title='bbox 1129 4462 1154 4510; x_wconf 90' lang='lat' dir='ltr'><strong>in</strong></span> <span class='ocrx_word' id='word_1_419' title='bbox 1168 4461 1221 4510; x_wconf 89' lang='lat' dir='ltr'><strong>Cic.</strong></span> <span class='ocrx_word' id='word_1_420' title='bbox 1235 4458 1315 4510; x_wconf 88' lang='lat' dir='ltr'><strong>libms</strong></span> <span class='ocrx_word' id='word_1_421' title='bbox 1333 4459 1449 4523; x_wconf 79' lang='lat' dir='ltr'><strong>pbilos1</strong></span> <span class='ocrx_word' id='word_1_422' title='bbox 1465 4472 1491 4524; x_wconf 88' lang='lat' dir='ltr'><strong>p.</strong></span> <span class='ocrx_word' id='word_1_423' title='bbox 1502 4460 1542 4512; x_wconf 87' lang='grc'><strong>44.</strong></span> <span class='ocrx_word' id='word_1_424' title='bbox 1554 4489 1581 4500; x_wconf 89' lang='grc'>-</span> <span class='ocrx_word' id='word_1_425' title='bbox 1595 4465 1620 4514; x_wconf 84' lang='grc'><strong>9.</strong></span> <span class='ocrx_word' id='word_1_426' title='bbox 1632 4469 1718 4516; x_wconf 74' lang='lat' dir='ltr'><strong>uuna</strong></span> 
     </span>
     <span class='ocr_line' id='line_1_41' title="bbox 399 4535 1718 4601; baseline 0.001 -13"><span class='ocrx_word' id='word_1_427' title='bbox 399 4539 464 4588; x_wconf 89' lang='lat' dir='ltr'><strong>T-</strong></span> <span class='ocrx_word' id='word_1_428' title='bbox 483 4542 549 4600; x_wconf 83' lang='lat' dir='ltr'><strong>quod</strong></span> <span class='ocrx_word' id='word_1_429' title='bbox 566 4540 787 4590; x_wconf 78' lang='lat' dir='ltr'><strong>me--cedmiem</strong></span> <span class='ocrx_word' id='word_1_430' title='bbox 803 4537 920 4587; x_wconf 73' lang='lat' dir='ltr'><strong>habeta</strong></span> <span class='ocrx_word' id='word_1_431' title='bbox 939 4562 966 4572; x_wconf 93' lang='lat'>-</span> <span class='ocrx_word' id='word_1_432' title='bbox 986 4537 1027 4585; x_wconf 89' lang='grc'><strong>40.</strong></span> <span class='ocrx_word' id='word_1_433' title='bbox 1045 4537 1076 4601; x_wconf 85' lang='grc'><strong>44]</strong></span> <span class='ocrx_word' id='word_1_434' title='bbox 1092 4541 1120 4584; x_wconf 88' lang='lat' dir='ltr'><strong>ai</strong></span> <span class='ocrx_word' id='word_1_435' title='bbox 1138 4535 1156 4584; x_wconf 88' lang='grc' dir='ltr'>Ε</span> <span class='ocrx_word' id='word_1_436' title='bbox 1180 4559 1205 4568; x_wconf 93' lang='lat'>-</span> <span class='ocrx_word' id='word_1_437' title='bbox 1231 4535 1270 4584; x_wconf 82' lang='lat' dir='ltr'><strong>m.</strong></span> <span class='ocrx_word' id='word_1_438' title='bbox 1293 4535 1396 4584; x_wconf 88' lang='lat' dir='ltr'><strong>Vicqu</strong></span> <span class='ocrx_word' id='word_1_439' title='bbox 1416 4558 1442 4570; x_wconf 93' lang='lat'>—</span> <span class='ocrx_word' id='word_1_440' title='bbox 1464 4535 1549 4597; x_wconf 86' lang='lat' dir='ltr'><strong>planci</strong></span> <span class='ocrx_word' id='word_1_441' title='bbox 1566 4538 1585 4587; x_wconf 91' lang='grc' dir='ltr'>Τ</span> <span class='ocrx_word' id='word_1_442' title='bbox 1603 4564 1629 4574; x_wconf 90' lang='grc'>-</span> <span class='ocrx_word' id='word_1_443' title='bbox 1653 4539 1718 4588; x_wconf 77' lang='lat' dir='ltr'><strong>uici:</strong></span> 
     </span>
     <span class='ocr_line' id='line_1_42' title="bbox 398 4608 1718 4678; baseline -0.001 -15"><span class='ocrx_word' id='word_1_444' title='bbox 398 4627 486 4677; x_wconf 81' lang='lat' dir='ltr'><strong>nepem</strong></span> <span class='ocrx_word' id='word_1_445' title='bbox 502 4616 537 4674; x_wconf 77' lang='grc' dir='ltr'><strong>Τ,</strong></span> <span class='ocrx_word' id='word_1_446' title='bbox 560 4615 627 4663; x_wconf 80' lang='lat' dir='ltr'><strong>dicit</strong></span> <span class='ocrx_word' id='word_1_447' title='bbox 641 4625 717 4678; x_wconf 81' lang='lat' dir='ltr'><strong>apere</strong></span> <span class='ocrx_word' id='word_1_448' title='bbox 733 4613 753 4663; x_wconf 91' lang='grc' dir='ltr'>Ε</span> <span class='ocrx_word' id='word_1_449' title='bbox 771 4638 799 4649; x_wconf 91' lang='lat'><em>-</em></span> <span class='ocrx_word' id='word_1_450' title='bbox 818 4615 858 4663; x_wconf 84' lang='lat' dir='ltr'><strong>iii.</strong></span> <span class='ocrx_word' id='word_1_451' title='bbox 876 4611 1081 4662; x_wconf 82' lang='lat' dir='ltr'><strong>liic--dilecius</strong></span> <span class='ocrx_word' id='word_1_452' title='bbox 1097 4616 1131 4661; x_wconf 87' lang='lat' dir='ltr'><strong>esi</strong></span> <span class='ocrx_word' id='word_1_453' title='bbox 1147 4608 1263 4660; x_wconf 79' lang='lat' dir='ltr'><strong>habeta</strong></span> <span class='ocrx_word' id='word_1_454' title='bbox 1285 4637 1311 4646; x_wconf 85' lang='lat'><em>-</em></span> <span class='ocrx_word' id='word_1_455' title='bbox 1330 4616 1364 4660; x_wconf 83' lang='lat' dir='ltr'><strong>esi</strong></span> <span class='ocrx_word' id='word_1_456' title='bbox 1380 4623 1433 4660; x_wconf 92' lang='lat' dir='ltr'><strong>om.</strong></span> <span class='ocrx_word' id='word_1_457' title='bbox 1447 4612 1504 4661; x_wconf 88' lang='grc' dir='ltr'><strong>Τ-</strong></span> <span class='ocrx_word' id='word_1_458' title='bbox 1524 4613 1718 4664; x_wconf 77' lang='lat' dir='ltr'><strong>adulescentulus</strong></span> 
     </span>
     <span class='ocr_line' id='line_1_43' title="bbox 398 4686 1718 4754; baseline -0.002 -14"><span class='ocrx_word' id='word_1_459' title='bbox 398 4691 449 4740; x_wconf 74' lang='lat' dir='ltr'><strong>AT</strong></span> <span class='ocrx_word' id='word_1_460' title='bbox 469 4717 495 4727; x_wconf 86' lang='lat'><em>-</em></span> <span class='ocrx_word' id='word_1_461' title='bbox 520 4689 560 4754; x_wconf 77' lang='grc'><strong>4.]</strong></span> <span class='ocrx_word' id='word_1_462' title='bbox 577 4689 639 4740; x_wconf 75' lang='lat' dir='ltr'><strong>duic</strong></span> <span class='ocrx_word' id='word_1_463' title='bbox 656 4693 677 4739; x_wconf 77' lang='lat' dir='ltr'>A</span> <span class='ocrx_word' id='word_1_464' title='bbox 697 4715 724 4726; x_wconf 87' lang='lat'><em>-</em></span> <span class='ocrx_word' id='word_1_465' title='bbox 742 4689 784 4739; x_wconf 88' lang='grc'><strong>46.</strong></span> <span class='ocrx_word' id='word_1_466' title='bbox 802 4690 920 4752; x_wconf 68' lang='lat' dir='ltr'><strong>amicam</strong></span> <span class='ocrx_word' id='word_1_467' title='bbox 936 4689 956 4737; x_wconf 90' lang='grc' dir='ltr'>Τ</span> <span class='ocrx_word' id='word_1_468' title='bbox 973 4713 1000 4722; x_wconf 97' lang='grc'>-</span> <span class='ocrx_word' id='word_1_469' title='bbox 1019 4687 1168 4750; x_wconf 72' lang='lat' dir='ltr'><strong>praeustam</strong></span> <span class='ocrx_word' id='word_1_470' title='bbox 1183 4686 1240 4734; x_wconf 86' lang='lat' dir='ltr'><strong>uiro</strong></span> <span class='ocrx_word' id='word_1_471' title='bbox 1257 4690 1279 4735; x_wconf 88' lang='grc'><strong>44</strong></span> <span class='ocrx_word' id='word_1_472' title='bbox 1295 4686 1315 4735; x_wconf 91' lang='grc' dir='ltr'>Ε</span> <span class='ocrx_word' id='word_1_473' title='bbox 1329 4713 1356 4722; x_wconf 89' lang='grc'>-</span> <span class='ocrx_word' id='word_1_474' title='bbox 1374 4691 1397 4737; x_wconf 87' lang='lat' dir='ltr'><strong>ut</strong></span> <span class='ocrx_word' id='word_1_475' title='bbox 1412 4687 1718 4753; x_wconf 66' lang='lat' dir='ltr'><strong>saactbdmc--dipniu</strong></span> 
     </span>
     <span class='ocr_line' id='line_1_44' title="bbox 398 4761 1716 4820; baseline -0.002 -5"><span class='ocrx_word' id='word_1_476' title='bbox 398 4767 461 4815; x_wconf 79' lang='grc'><strong>44444</strong></span> <span class='ocrx_word' id='word_1_477' title='bbox 477 4769 564 4816; x_wconf 74' lang='grc'><strong>4444</strong></span> <span class='ocrx_word' id='word_1_478' title='bbox 583 4792 610 4800; x_wconf 96' lang='grc'>-</span> <span class='ocrx_word' id='word_1_479' title='bbox 630 4766 670 4814; x_wconf 78' lang='lat' dir='ltr'><strong>ll.</strong></span> <span class='ocrx_word' id='word_1_480' title='bbox 688 4765 793 4815; x_wconf 79' lang='grc'><strong>44444444</strong></span> <span class='ocrx_word' id='word_1_481' title='bbox 808 4766 828 4814; x_wconf 90' lang='grc' dir='ltr'>Τ</span> <span class='ocrx_word' id='word_1_482' title='bbox 847 4791 874 4800; x_wconf 92' lang='lat'><em>-</em></span> <span class='ocrx_word' id='word_1_483' title='bbox 892 4762 1035 4813; x_wconf 83' lang='lat' dir='ltr'><strong>contuberni</strong></span> <span class='ocrx_word' id='word_1_484' title='bbox 1050 4762 1070 4811; x_wconf 87' lang='grc' dir='ltr'>Τ</span> <span class='ocrx_word' id='word_1_485' title='bbox 1088 4790 1116 4799; x_wconf 93' lang='grc'>-</span> <span class='ocrx_word' id='word_1_486' title='bbox 1136 4763 1175 4812; x_wconf 88' lang='lat' dir='ltr'><strong>i8.</strong></span> <span class='ocrx_word' id='word_1_487' title='bbox 1194 4761 1401 4820; x_wconf 69' lang='lat' dir='ltr'><strong>admouendus,</strong></span> <span class='ocrx_word' id='word_1_488' title='bbox 1423 4762 1629 4813; x_wconf 66' lang='lat' dir='ltr'><strong>adolescentuli:</strong></span> <span class='ocrx_word' id='word_1_489' title='bbox 1653 4764 1716 4813; x_wconf 89' lang='lat' dir='ltr'><strong>ado-</strong></span> 
     </span>
     <span class='ocr_line' id='line_1_45' title="bbox 398 4836 1718 4902; baseline -0.002 -11"><span class='ocrx_word' id='word_1_490' title='bbox 398 4842 523 4891; x_wconf 69' lang='lat' dir='ltr'><strong>lescentuli</strong></span> <span class='ocrx_word' id='word_1_491' title='bbox 539 4840 560 4890; x_wconf 95' lang='lat'>0</span> <span class='ocrx_word' id='word_1_492' title='bbox 579 4867 606 4876; x_wconf 98' lang='lat'><em>—</em></span> <span class='ocrx_word' id='word_1_493' title='bbox 628 4840 650 4889; x_wconf 81' lang='lat' dir='ltr'><strong>n·</strong></span> <span class='ocrx_word' id='word_1_494' title='bbox 671 4852 724 4893; x_wconf 90' lang='lat' dir='ltr'><strong>om.</strong></span> <span class='ocrx_word' id='word_1_495' title='bbox 744 4840 763 4889; x_wconf 94' lang='lat' dir='ltr'><strong>T</strong></span> <span class='ocrx_word' id='word_1_496' title='bbox 781 4865 808 4874; x_wconf 88' lang='lat'><em>-</em></span> <span class='ocrx_word' id='word_1_497' title='bbox 829 4841 868 4888; x_wconf 87' lang='grc'><strong>49.</strong></span> <span class='ocrx_word' id='word_1_498' title='bbox 886 4839 953 4888; x_wconf 84' lang='lat' dir='ltr'><strong>iliius</strong></span> <span class='ocrx_word' id='word_1_499' title='bbox 973 4837 1062 4901; x_wconf 76' lang='lat' dir='ltr'><strong>[rator]</strong></span> <span class='ocrx_word' id='word_1_500' title='bbox 1078 4836 1218 4886; x_wconf 84' lang='lat' dir='ltr'><strong>illustrator</strong></span> <span class='ocrx_word' id='word_1_501' title='bbox 1234 4837 1253 4886; x_wconf 84' lang='lat' dir='ltr'>E</span> <span class='ocrx_word' id='word_1_502' title='bbox 1272 4863 1299 4872; x_wconf 85' lang='lat'>—</span> <span class='ocrx_word' id='word_1_503' title='bbox 1322 4837 1362 4887; x_wconf 79' lang='grc'><strong>40.</strong></span> <span class='ocrx_word' id='word_1_504' title='bbox 1384 4837 1419 4902; x_wconf 79' lang='lat' dir='ltr'><strong>T]</strong></span> <span class='ocrx_word' id='word_1_505' title='bbox 1437 4839 1528 4888; x_wconf 84' lang='lat' dir='ltr'><strong>tuusE</strong></span> <span class='ocrx_word' id='word_1_506' title='bbox 1548 4864 1574 4874; x_wconf 93' lang='lat'>-</span> <span class='ocrx_word' id='word_1_507' title='bbox 1599 4839 1666 4888; x_wconf 86' lang='lat' dir='ltr'><strong>amni</strong></span> <span class='ocrx_word' id='word_1_508' title='bbox 1681 4839 1718 4888; x_wconf 83' lang='lat' dir='ltr'><strong>ilii</strong></span> 
     </span>
     <span class='ocr_line' id='line_1_46' title="bbox 399 4913 1714 4975; baseline -0.004 -8"><span class='ocrx_word' id='word_1_509' title='bbox 399 4918 464 4967; x_wconf 82' lang='lat' dir='ltr'><strong>TE:</strong></span> <span class='ocrx_word' id='word_1_510' title='bbox 486 4917 524 4966; x_wconf 86' lang='lat' dir='ltr'><strong>itti</strong></span> <span class='ocrx_word' id='word_1_511' title='bbox 545 4915 613 4967; x_wconf 86' lang='lat' dir='ltr'><strong>omni</strong></span> <span class='ocrx_word' id='word_1_512' title='bbox 628 4915 649 4964; x_wconf 91' lang='lat'>0</span> <span class='ocrx_word' id='word_1_513' title='bbox 667 4939 695 4950; x_wconf 91' lang='lat'><em>-</em></span> <span class='ocrx_word' id='word_1_514' title='bbox 713 4914 754 4965; x_wconf 78' lang='lat' dir='ltr'><strong>ri.</strong></span> <span class='ocrx_word' id='word_1_515' title='bbox 771 4915 861 4964; x_wconf 76' lang='lat' dir='ltr'><strong>uinctis</strong></span> <span class='ocrx_word' id='word_1_516' title='bbox 876 4914 939 4964; x_wconf 82' lang='lat' dir='ltr'><strong>TE:</strong></span> <span class='ocrx_word' id='word_1_517' title='bbox 955 4913 1060 4962; x_wconf 86' lang='lat' dir='ltr'><strong>uinculis</strong></span> <span class='ocrx_word' id='word_1_518' title='bbox 1075 4913 1095 4961; x_wconf 94' lang='lat'>0</span> <span class='ocrx_word' id='word_1_519' title='bbox 1108 4937 1134 4948; x_wconf 88' lang='lat'>-</span> <span class='ocrx_word' id='word_1_520' title='bbox 1154 4918 1177 4962; x_wconf 85' lang='lat' dir='ltr'><strong>si</strong></span> <span class='ocrx_word' id='word_1_521' title='bbox 1192 4913 1420 4975; x_wconf 83' lang='lat' dir='ltr'><strong>appropinquitatis</strong></span> <span class='ocrx_word' id='word_1_522' title='bbox 1435 4914 1495 4963; x_wconf 86' lang='grc' dir='ltr'><strong>Τ-</strong></span> <span class='ocrx_word' id='word_1_523' title='bbox 1513 4913 1640 4963; x_wconf 85' lang='lat' dir='ltr'><strong>conuictus</strong></span> <span class='ocrx_word' id='word_1_524' title='bbox 1655 4913 1714 4962; x_wconf 93' lang='grc' dir='ltr'><strong>Τ-</strong></span> 
     </span>
     <span class='ocr_line' id='line_1_47' title="bbox 398 4987 1717 5054; baseline -0.003 -12"><span class='ocrx_word' id='word_1_525' title='bbox 398 4993 439 5043; x_wconf 74' lang='grc'><strong>44.</strong></span> <span class='ocrx_word' id='word_1_526' title='bbox 456 4991 555 5054; x_wconf 80' lang='lat' dir='ltr'><strong>maqnis</strong></span> <span class='ocrx_word' id='word_1_527' title='bbox 570 4989 760 5052; x_wconf 77' lang='lat' dir='ltr'><strong>Pantagathus:</strong></span> <span class='ocrx_word' id='word_1_528' title='bbox 783 4991 871 5053; x_wconf 87' lang='lat' dir='ltr'><strong>mapni</strong></span> <span class='ocrx_word' id='word_1_529' title='bbox 887 4989 935 5040; x_wconf 87' lang='lat' dir='ltr'><strong>TE</strong></span> <span class='ocrx_word' id='word_1_530' title='bbox 954 5015 981 5025; x_wconf 83' lang='lat'>-</span> <span class='ocrx_word' id='word_1_531' title='bbox 999 4988 1132 5037; x_wconf 83' lang='lat' dir='ltr'><strong>uideamur</strong></span> <span class='ocrx_word' id='word_1_532' title='bbox 1148 4988 1206 5038; x_wconf 90' lang='lat' dir='ltr'><strong>T-</strong></span> <span class='ocrx_word' id='word_1_533' title='bbox 1226 4988 1282 5037; x_wconf 81' lang='lat' dir='ltr'><strong>Fuit</strong></span> <span class='ocrx_word' id='word_1_534' title='bbox 1292 5013 1328 5024; x_wconf 90' lang='lat'><strong>--</strong></span> <span class='ocrx_word' id='word_1_535' title='bbox 1339 4988 1429 5039; x_wconf 84' lang='grc'><strong>44444444</strong></span> <span class='ocrx_word' id='word_1_536' title='bbox 1447 4987 1527 5053; x_wconf 81' lang='lat' dir='ltr'><strong>babet</strong></span> <span class='ocrx_word' id='word_1_537' title='bbox 1542 4993 1563 5038; x_wconf 81' lang='grc' dir='ltr'><strong>Α</strong></span> <span class='ocrx_word' id='word_1_538' title='bbox 1578 5015 1604 5027; x_wconf 86' lang='grc'><strong>-</strong></span> <span class='ocrx_word' id='word_1_539' title='bbox 1622 4987 1663 5038; x_wconf 71' lang='lat' dir='ltr'><strong>il.</strong></span> <span class='ocrx_word' id='word_1_540' title='bbox 1676 4989 1717 5038; x_wconf 86' lang='lat' dir='ltr'><strong>cut</strong></span> 
     </span>
     <span class='ocr_line' id='line_1_48' title="bbox 398 5061 1717 5127; baseline -0.002 -10"><span class='ocrx_word' id='word_1_541' title='bbox 398 5081 414 5117; x_wconf 88' lang='grc'><strong>4</strong></span> <span class='ocrx_word' id='word_1_542' title='bbox 431 5065 516 5117; x_wconf 87' lang='lat' dir='ltr'><strong>tribus</strong></span> <span class='ocrx_word' id='word_1_543' title='bbox 533 5063 611 5116; x_wconf 88' lang='lat' dir='ltr'><strong>codd.</strong></span> <span class='ocrx_word' id='word_1_544' title='bbox 629 5064 795 5115; x_wconf 90' lang='lat' dir='ltr'><strong>Wunderus:</strong></span> <span class='ocrx_word' id='word_1_545' title='bbox 823 5066 866 5127; x_wconf 93' lang='lat' dir='ltr'><strong>qui</strong></span> <span class='ocrx_word' id='word_1_546' title='bbox 881 5065 946 5122; x_wconf 87' lang='lat' dir='ltr'><strong>TE;</strong></span> <span class='ocrx_word' id='word_1_547' title='bbox 965 5061 1088 5125; x_wconf 84' lang='lat' dir='ltr'><strong>quibusO</strong></span> <span class='ocrx_word' id='word_1_548' title='bbox 1108 5088 1134 5098; x_wconf 90' lang='lat'>-</span> <span class='ocrx_word' id='word_1_549' title='bbox 1159 5063 1229 5113; x_wconf 86' lang='lat' dir='ltr'><strong>bodie</strong></span> <span class='ocrx_word' id='word_1_550' title='bbox 1246 5077 1309 5126; x_wconf 88' lang='lat' dir='ltr'><strong>quae</strong></span> <span class='ocrx_word' id='word_1_551' title='bbox 1325 5063 1345 5112; x_wconf 97' lang='lat' dir='ltr'><strong>T</strong></span> <span class='ocrx_word' id='word_1_552' title='bbox 1363 5091 1389 5102; x_wconf 92' lang='lat'><strong>·-</strong></span> <span class='ocrx_word' id='word_1_553' title='bbox 1408 5065 1449 5115; x_wconf 79' lang='grc'><strong>45.</strong></span> <span class='ocrx_word' id='word_1_554' title='bbox 1465 5065 1594 5126; x_wconf 84' lang='lat' dir='ltr'><strong>prouiniiu</strong></span> <span class='ocrx_word' id='word_1_555' title='bbox 1606 5065 1635 5126; x_wconf 90' lang='lat' dir='ltr'><strong>T,</strong></span> <span class='ocrx_word' id='word_1_556' title='bbox 1652 5065 1717 5114; x_wconf 87' lang='lat' dir='ltr'><strong>item</strong></span> 
     </span>
     <span class='ocr_line' id='line_1_49' title="bbox 396 5137 1717 5203; baseline -0.004 -11"><span class='ocrx_word' id='word_1_557' title='bbox 396 5155 424 5192; x_wconf 83' lang='grc'><strong>4.</strong></span> <span class='ocrx_word' id='word_1_558' title='bbox 436 5140 477 5191; x_wconf 77' lang='lat'><strong>28.</strong></span> <span class='ocrx_word' id='word_1_559' title='bbox 498 5166 525 5176; x_wconf 95' lang='lat'><em>-</em></span> <span class='ocrx_word' id='word_1_560' title='bbox 543 5140 584 5189; x_wconf 75' lang='lat' dir='ltr'><strong>si.</strong></span> <span class='ocrx_word' id='word_1_561' title='bbox 603 5139 724 5203; x_wconf 85' lang='lat' dir='ltr'><strong>tribunus]</strong></span> <span class='ocrx_word' id='word_1_562' title='bbox 742 5144 782 5189; x_wconf 85' lang='lat' dir='ltr'><strong>.tr.</strong></span> <span class='ocrx_word' id='word_1_563' title='bbox 801 5142 821 5192; x_wconf 89' lang='lat' dir='ltr'><strong>T</strong></span> <span class='ocrx_word' id='word_1_564' title='bbox 838 5168 866 5177; x_wconf 94' lang='lat'><em>-</em></span> <span class='ocrx_word' id='word_1_565' title='bbox 885 5140 925 5190; x_wconf 78' lang='lat'><strong>28.</strong></span> <span class='ocrx_word' id='word_1_566' title='bbox 942 5140 1013 5189; x_wconf 77' lang='grc'><strong>444444</strong></span> <span class='ocrx_word' id='word_1_567' title='bbox 1029 5138 1076 5187; x_wconf 90' lang='grc' dir='ltr'><strong>ΤΕ</strong></span> <span class='ocrx_word' id='word_1_568' title='bbox 1095 5162 1122 5174; x_wconf 91' lang='grc'><strong>-</strong></span> <span class='ocrx_word' id='word_1_569' title='bbox 1141 5137 1181 5187; x_wconf 76' lang='lat' dir='ltr'><strong>aa.</strong></span> <span class='ocrx_word' id='word_1_570' title='bbox 1198 5137 1232 5202; x_wconf 85' lang='lat' dir='ltr'><strong>bi]</strong></span> <span class='ocrx_word' id='word_1_571' title='bbox 1250 5141 1286 5188; x_wconf 79' lang='grc'><strong>,44</strong></span> <span class='ocrx_word' id='word_1_572' title='bbox 1305 5139 1325 5187; x_wconf 92' lang='grc' dir='ltr'>Τ</span> <span class='ocrx_word' id='word_1_573' title='bbox 1342 5163 1369 5174; x_wconf 91' lang='lat'>-</span> <span class='ocrx_word' id='word_1_574' title='bbox 1388 5137 1428 5188; x_wconf 86' lang='grc'><strong>33.</strong></span> <span class='ocrx_word' id='word_1_575' title='bbox 1447 5139 1559 5200; x_wconf 66' lang='lat' dir='ltr'><strong>opium</strong></span> <span class='ocrx_word' id='word_1_576' title='bbox 1574 5141 1611 5190; x_wconf 87' lang='lat' dir='ltr'><strong>E:</strong></span> <span class='ocrx_word' id='word_1_577' title='bbox 1630 5137 1717 5201; x_wconf 84' lang='lat' dir='ltr'><strong>apule-</strong></span> 
     </span>
     <span class='ocr_line' id='line_1_50' title="bbox 397 5213 1716 5283; baseline -0.002 -16"><span class='ocrx_word' id='word_1_578' title='bbox 397 5218 454 5283; x_wconf 79' lang='lat' dir='ltr'><strong>pias</strong></span> <span class='ocrx_word' id='word_1_579' title='bbox 470 5217 504 5276; x_wconf 74' lang='lat' dir='ltr'><strong>T:</strong></span> <span class='ocrx_word' id='word_1_580' title='bbox 522 5215 655 5278; x_wconf 74' lang='lat' dir='ltr'><strong>Appuleius</strong></span> <span class='ocrx_word' id='word_1_581' title='bbox 671 5216 690 5265; x_wconf 92' lang='lat'>0</span> <span class='ocrx_word' id='word_1_582' title='bbox 709 5241 737 5252; x_wconf 91' lang='lat'><em>-</em></span> <span class='ocrx_word' id='word_1_583' title='bbox 754 5215 802 5266; x_wconf 82' lang='lat' dir='ltr'><strong>buc</strong></span> <span class='ocrx_word' id='word_1_584' title='bbox 817 5218 837 5266; x_wconf 87' lang='lat' dir='ltr'><strong>T</strong></span> <span class='ocrx_word' id='word_1_585' title='bbox 856 5241 883 5254; x_wconf 93' lang='lat'>-</span> <span class='ocrx_word' id='word_1_586' title='bbox 902 5216 943 5267; x_wconf 76' lang='lat' dir='ltr'><strong>aa.</strong></span> <span class='ocrx_word' id='word_1_587' title='bbox 956 5215 1166 5278; x_wconf 81' lang='lat' dir='ltr'><strong>beniuolmtiuquu</strong></span> <span class='ocrx_word' id='word_1_588' title='bbox 1181 5214 1228 5264; x_wconf 89' lang='lat' dir='ltr'><strong>TE</strong></span> <span class='ocrx_word' id='word_1_589' title='bbox 1247 5239 1275 5248; x_wconf 95' lang='lat'><em>-</em></span> <span class='ocrx_word' id='word_1_590' title='bbox 1295 5213 1584 5266; x_wconf 79' lang='lat' dir='ltr'><strong>Tribunus--tridunus</strong></span> <span class='ocrx_word' id='word_1_591' title='bbox 1598 5214 1716 5267; x_wconf 61' lang='lat' dir='ltr'><strong>habetat</strong></span> 
     </span>
    </p>
   </div>
   <div class='ocr_carea' id='block_1_6' title="bbox 0 0 2010 6149">
    <p class='ocr_par' dir='ltr' id='par_1_6' title="bbox 0 0 2010 6149">
     <span class='ocr_line' id='line_1_51' title="bbox 0 0 2010 6149; baseline 0 0"><span class='ocrx_word' id='word_1_592' title='bbox 0 0 2010 6149; x_wconf 95' lang='lat' dir='ltr'><strong> </strong></span> 
     </span>
    </p>
   </div>
  </div>
 </body>
</html>
