4009 6159
454 566 536 635 4396
860 569 1012 639 onlrlo
1034 570 1259 639 PHILIPPICA
1279 572 1365 639 XIII.

454 742 629 806 ciatatem
650 740 810 817 violare,
838 742 1002 826 piissimi
1023 742 1194 824 hominis.
1230 744 1301 808 Tibi
1324 764 1395 808 cnm
1416 742 1538 826 Lepido
1559 744 1696 810 societas
1718 755 1776 812 aut

455 858 527 900 cnm
547 835 628 911 ullo,
656 854 722 899 non
744 835 846 899 dicam
866 837 950 901 bono
973 838 1054 913 ciri,
1088 838 1168 902 sicut
1189 838 1242 902 ille
1266 844 1331 914 est,
1364 838 1421 901 sed
1441 838 1571 903 bomine
1592 842 1696 905 sanci
1736 841 1773 903 ld

455 933 521 1014 agis
558 937 595 993 ut
629 930 784 1014 Lepidum
821 938 889 994 aut·
908 932 1039 1015 impium
1072 938 1126 995 ant
1157 933 1303 996 insanum
1338 932 1511 996 existimari
1541 934 1630 999 velis.
1684 933 1773 997 Nihil

453 1025 584 1107 agis-
605 1044 793 1109 quamquam
819 1024 974 1089 affirmare
1002 1026 1043 1090 de
1071 1028 1170 1091 altero
1196 1025 1323 1091 difficile
1345 1036 1455 1092 est-
1476 1029 1516 1092 dc
1538 1026 1657 1112 Lepido
1678 1046 1772 1110 prae-

429 1118 575 1194 ssertim,
597 1138 692 1203 quem
714 1138 772 1201 ego
795 1126 932 1182 metuam
955 1139 1145 1204 numquam,
1173 1121 1255 1185 bene
1276 1121 1423 1204 sperabo,
1452 1120 1527 1186 dum
1548 1120 1667 1185 licebit.
1710 1123 1772 1184 Ite-

452 1231 564 1276 rocare
591 1221 623 1277 te
649 1233 669 1276 a
692 1210 799 1276 furore
823 1212 960 1295 Lepidus
988 1214 1106 1290 voluit,
1144 1233 1209 1277 non
1240 1216 1366 1279 adiutor
1392 1235 1462 1279 esse
1490 1215 1678 1279 dementiae.
1720 1218 1771 1279 'Iu

449 1325 545 1389 porro
566 1326 608 1369 ne
628 1308 698 1391 pios
720 1306 862 1390 qnidam,
890 1307 946 1371 sed
975 1309 1180 1392 piissimos
1202 1309 1347 1393 quaeris,
1374 1317 1419 1383 44,
1443 1309 1529 1393 quod
1551 1310 1680 1375 verbum
1702 1330 1771 1373 om·

451 1402 528 1463 nino
555 1401 677 1465 nullum
705 1402 738 1465 in
767 1401 874 1484 lingua
893 1401 1005 1465 Latina
1036 1410 1100 1478 est,
1124 1402 1170 1466 id·
1190 1411 1320 1488 propter
1347 1412 1432 1467 tuam
1454 1403 1593 1467 divinam
1620 1404 1770 1487 pietatem

285 1477 313 1585 J
450 1515 567 1559 novum
589 1494 722 1559 inducis.
764 1491 815 1558 ll.
837 1498 911 1558 Nec
939 1497 1116 1560 Plancum
1144 1499 1319 1579 prodere,
1346 1498 1569 1589 participem
1590 1498 1771 1561 consilio·

413 1606 538 1655 eorum.
580 1588 729 1653 Plancum
757 1589 965 1672 participem?
995 1592 1084 1655 cuius
1112 1593 1325 1657 memorabilis
1353 1612 1390 1657 ac
1417 1590 1524 1656 divina
1544 1594 1643 1657 virtus
1665 1593 1769 1658 lucam

450 1685 541 1749 affert
560 1686 606 1748 rei
627 1684 772 1767 publicae
793 1716 837 1730 -
864 1684 926 1746 nisi
948 1684 1030 1747 forte
1051 1704 1122 1747 eum
1145 1685 1285 1750 subsidio
1308 1686 1365 1749 tibi
1385 1688 1493 1750 uenire
1515 1687 1675 1751 arbitraris
1697 1708 1769 1751 cum

448 1778 628 1843 fortissimis
650 1777 845 1861 legionibus,
875 1778 1014 1841 maximo
1036 1780 1178 1861 equitatu
1200 1779 1405 1864 peditatuque
1427 1780 1589 1844 Gallorum
1610 1802 1669 1843 -ε
1698 1780 1770 1865 qui-

450 1893 529 1957 que,
556 1874 619 1937 nisi
646 1880 718 1937 ante
745 1874 812 1935 eins
841 1870 1010 1935 adventum
1037 1874 1083 1936 rei
1112 1874 1258 1956 publicae
1280 1894 1400 1958 poenas
1422 1874 1563 1949 dederis,
1589 1876 1645 1939 ille
1673 1875 1769 1939 buius

448 1968 524 2032 belli
554 1967 635 2031 feret
664 1966 882 2050 principatum.
924 1965 1121 2049 Quamquam
1151 1970 1233 2032 enim
1261 1971 1362 2051 prima
1390 1970 1547 2053 praesidia
1573 1970 1700 2034 utiliora
1720 1970 1767 2033 rei

413 2061 593 2146 repanIcae
615 2069 701 2135 sunt,
724 2067 827 2125 tamen
850 2068 990 2124 extrema
1011 2069 1084 2125 sunt
1104 2064 1248 2145 gratiora.
1290 2065 1362 2125 XX.
1377 2060 1428 2127 45.
1444 2065 1507 2128 Sed
1521 2066 1583 2128 iam
1598 2065 1769 2147 recolligit

449 2154 541 2219 etad
564 2162 737 2219 extremum
757 2154 870 2238 incipit
888 2154 1117 2238 philosophari.
1150 2157 1187 2220 Si
1208 2178 1262 2221 me
1283 2158 1398 2222 rectis
1420 2156 1596 2223 sensibus
1618 2166 1767 2223 euntem

450 2249 486 2312 di
508 2248 752 2323 immortales,
778 2258 819 2313 nt
843 2268 965 2334 spero,
992 2250 1222 2327 adiuverint,
1248 2252 1370 2316 rivam
1395 2252 1573 2317 libenter.
1617 2254 1682 2317 Sin
1709 2274 1767 2317 au·

448 2352 520 2409 tem
542 2366 597 2409 me
618 2344 720 2408 aliud
743 2343 861 2407 fatum
883 2352 1017 2419 manet,
1040 2346 1231 2429 praecipio
1254 2345 1390 2428 gaudia
1415 2347 1686 2431 suppliciorum
1709 2367 1767 2410 re-

448 2447 617 2505 strcrum.
659 2441 825 2523 Namque
851 2438 882 2501 si
907 2439 996 2502 victi
1022 2440 1237 2525 Pompeiani
1263 2448 1335 2504 tam
1356 2441 1568 2506 insolentes
1592 2448 1690 2515 sunt,
1712 2442 1766 2506 ri-

409 2542 569 2599 roctores
602 2534 732 2617 quales
761 2532 879 2597 futuri
911 2534 1000 2609 siut,
1035 2554 1099 2598 ros
1131 2535 1256 2617 potius
1290 2538 1545 2619 experiemini.
1588 2536 1764 2618 Praecipias

445 2628 521 2693 licet
546 2628 680 2713 gaudiat·
702 2648 767 2690 non
794 2628 878 2691 enim
904 2627 961 2690 tibi
982 2648 1053 2691 cum
1075 2629 1289 2710 Pompeianis,
1312 2629 1368 2692 sed
1390 2650 1459 2694 cum
1481 2632 1629 2694 universa
1650 2650 1685 2693 re
1706 2650 1765 2714 pu·

444 2722 528 2787 blica
557 2723 676 2787 bellum
710 2728 767 2785 est.
813 2722 929 2785 Omnes
962 2728 993 2785 te
1020 2721 1052 2784 di
1079 2722 1239 2797 homines,
1273 2724 1385 2787 summi
1412 2726 1508 2788 medii
1533 2720 1648 2799 infimi,
1681 2726 1764 2789 cives

444 2818 617 2901 peregrini,
638 2816 699 2882 riri
719 2816 883 2891 mulieres,
906 2816 998 2879 liberi
1021 2818 1102 2881 servi
1124 2816 1270 2895 oderpnt.
1308 2818 1469 2882 Sensimus
1491 2819 1553 2883 boc
1566 2840 1668 2905 nuper
1683 2819 1763 2883 salso

444 2912 571 2988 nuntio,
597 2931 672 2975 vero
693 2909 878 2994 propediem
901 2911 1082 2974 sentiemus.
1128 2911 1216 2987 Quae
1240 2912 1266 2973 si
1287 2919 1391 2975 tecum
1413 2914 1481 2995 ipse
1503 2912 1692 2989 recolueris,
1712 2932 1765 2976 ae·

404 3007 552 3089 44444444
580 3007 685 3069 animo
715 3012 746 3068 et
774 3005 891 3069 maiore
914 3003 1132 3069 consolatione
1153 3006 1299 3068 moriere.
1342 3001 1392 3068 lo.
1414 3007 1593 3091 Denique
1616 3026 1764 3070 summa

441 3100 590 3164 iudicii
616 3099 693 3164 mci
714 3107 874 3182 spectat
893 3099 986 3175 lruc,
1008 3106 1048 3163 ut
1069 3119 1242 3163 meorum
1264 3099 1441 3163 iniurias
1461 3099 1570 3164 terra
1590 3100 1763 3183 possim,

442 3196 476 3259 si
497 3200 566 3258 aut
586 3194 774 3258 oblivisci
795 3192 928 3259 uelint
953 3193 1036 3276 ipsi
1058 3192 1225 3270 iecisse,
1252 3200 1321 3256 aut
1342 3194 1489 3257 ulcisci
1512 3194 1647 3277 parati
1669 3202 1764 3258 suut

441 3309 518 3353 una
543 3288 754 3353 nobiscum
785 3287 973 3351 Caesaris
1001 3294 1174 3351 mortem.
1218 3288 1285 3352 Hac
1304 3288 1435 3351 Antonii
1456 3290 1614 3353 sententia
1636 3290 1762 3371 cognita

149 3416 222 3532 ᾧ
268 3374 294 3517 ὅ
337 3368 351 3447 i
417 3371 699 3485 (dubitaturumne
724 3384 761 3446 A.
783 3382 920 3448 Hirtium
946 3389 1001 3446 aut
1031 3382 1065 3465 C.
1087 3384 1235 3457 Pansam,
1265 3374 1428 3485 consules)
1458 3385 1589 3468 putatis,
1623 3383 1701 3467 quin
1722 3381 1763 3446 ad

206 3497 212 3538 r

299 2814 307 2844 l

506 3713 530 3764 l.
547 3710 694 3763 4444444444
713 3737 740 3748 -
758 3709 850 3762 boloe
866 3706 912 3759 b²i
932 3736 959 3747 -
976 3722 1039 3760 sono
1056 3710 1099 3760 ti·.
1117 3710 1168 3762 solo
1186 3707 1227 3761 ab
1242 3738 1269 3747 -
1288 3708 1312 3761 3.
1330 3708 1497 3761 existimandi
1513 3711 1525 3760 4
1542 3737 1569 3748 -
1588 3711 1763 3778 4404044444

440 3802 456 3839 a
475 3816 502 3827 -
521 3789 551 3839 de
566 3788 651 3849 aliquo
669 3787 677 3835 4
694 3812 721 3821 -
741 3786 766 3836 c.
779 3783 838 3835 bcce
854 3796 908 3835 om.
927 3785 950 3844 t;
968 3783 1045 3835 malis
1056 3784 1154 3835 boram.
1177 3783 1328 3837 verborum
1345 3786 1540 3837 distinctionem
1557 3790 1672 3840 correxit
1686 3789 1761 3841 lied-

438 3864 523 3927 vigius
539 3863 565 3914 in
581 3862 722 3913 Emecdolt.
739 3860 767 3911 ic
783 3860 833 3911 Cic.
852 3860 908 3911 libr.
922 3859 1012 3922 pbilos.
1031 3861 1054 3921 1,
1073 3874 1100 3925 p.
1119 3860 1180 3921 494,
1202 3862 1262 3911 ante
1280 3873 1361 3924 quem
1378 3859 1476 3912 lueret:
1499 3862 1561 3911 clbll
1576 3863 1646 3927 aglu
1672 3878 1762 3927 44444-

440 3949 517 3999 quam
539 3939 669 4003 rfflnocre
685 3937 714 3986 de
730 3936 809 3985 allero
825 3934 878 3998 diff.
896 3939 944 3995 est,
968 3935 998 3983 de
1014 3934 1104 3996 depicto
1121 3936 1285 3996 praesertim,
1308 3949 1379 3999 quen
1396 3938 1447 3985 cet.
1468 3961 1495 3972 -
1517 3936 1542 3987 6.
1561 3940 1584 3988 44
1600 3950 1617 3987 c
1632 3938 1718 4002 (term
1733 3941 1759 3989 i:

439 4027 457 4062 o
475 4016 497 4063 44
515 4013 557 4076 (ed
573 4017 596 4063 te
612 4012 635 4074 a)
652 4012 764 4076 furorem
781 4011 829 4071 at;
846 4010 957 4071 furorem
973 4022 991 4058 c
1008 4014 1030 4059 le
1047 4008 1064 4059 b
1079 4036 1105 4044 —
1124 4010 1148 4060 7.
1168 4012 1250 4072 444444
1266 4012 1316 4061 444
1334 4038 1361 4047 -
1381 4012 1404 4062 0.
1421 4006 1517 4061 riullcem
1533 4012 1552 4062 t.
1577 4009 1658 4063 Aliter
1673 4013 1761 4067 locum

438 4086 534 4153 legisse
551 4086 657 4140 ridetur
673 4085 813 4148 Pompeius
829 4084 856 4133 in
874 4084 1030 4135 commento
1048 4084 1110 4134 artis
1127 4086 1234 4147 Donati,
1253 4086 1297 4150 qni
1315 4100 1341 4151 p.
1361 4085 1403 4135 434
1426 4084 1468 4134 ed.
1487 4084 1560 4136 lind.
1579 4086 1647 4139 bees
1663 4088 1758 4141 hebet:

438 4164 511 4213 «Pisas
524 4164 649 4227 piissimus
664 4160 733 4211 duos
750 4158 831 4209 babet
847 4158 959 4221 gradus,
977 4160 1120 4223 positivum
1137 4162 1164 4211 et
1180 4160 1377 4227 superlativum.
1405 4162 1572 4225 Quamquam
1589 4166 1616 4215 44
1631 4165 1683 4217 boc
1696 4168 1761 4230 piis-

437 4238 514 4287 444444
528 4238 659 4303 vituperat
676 4236 769 4288 cicero
786 4234 812 4285 in
824 4232 981 4298 Philippicis.
999 4234 1084 4285 Dicit:
1103 4236 1158 4285 Noc
1173 4240 1251 4299 polest
1264 4236 1389 4307 ,uticem
1405 4236 1454 4285 dici
1466 4250 1514 4298 per
1528 4250 1615 4289 mmm
1630 4246 1758 4293 antwern.

437 4310 583 4365 insultabat
598 4313 723 4363 Antonio:
743 4310 787 4371 rs,
805 4310 853 4373 ait,
871 4315 940 4360 utere
956 4310 1068 4373 (stertei)
1084 4324 1179 4375 secrper
1194 4312 1239 4363 boc
1254 4311 1328 4362 verbo
1343 4310 1475 4374 piissimus.
1494 4312 1593 4364 Temen
1605 4316 1699 4382 Caper,
1717 4315 1759 4367 ilie

438 4388 564 4452 magister
579 4388 687 4451 Augusti
706 4386 841 4447 Caesaris,
864 4384 994 4436 laboravit
1013 4386 1246 4438 vehementissime
1265 4390 1292 4439 44
1309 4387 1343 4438 de
1366 4384 1484 4452 epistulis
1506 4387 1640 4441 Ciceronis
1657 4388 1760 4454 collegit

437 4464 506 4514 haec
522 4463 613 4526 verba,
631 4462 677 4512 nbi
695 4461 797 4511 dixerat
812 4461 869 4525 lpse
882 4462 974 4512 Cicero
988 4460 1121 4523 piissimus.
1139 4463 1221 4524 Scias,
1239 4463 1364 4526 qnoniam
1376 4460 1549 4512 amaritudine
1561 4464 1693 4516 rhetorica
1709 4464 1760 4515 hcc

438 4538 464 4588 ei
481 4538 624 4601 obiecerat,
642 4538 672 4587 ut
688 4534 804 4586 diceret:
823 4548 872 4585 coc
885 4540 964 4598 petest
977 4550 1025 4599 per
1040 4551 1126 4589 rerum
1142 4543 1262 4589 ceturam
1279 4539 1327 4589 dici
1340 4538 1492 4601 plbdmus.»
1509 4564 1541 4575 -
1558 4539 1668 4590 dloicem
1684 4540 1760 4591 emt

440 4639 467 4650 -
481 4613 506 4663 9.
519 4613 677 4663 cocdlomm
692 4612 727 4662 Pl.
744 4612 893 4674 participem
905 4625 957 4662 om.
971 4625 987 4662 a
1001 4640 1026 4651 -
1047 4614 1087 4663 44.
1100 4614 1182 4677 adfert
1199 4626 1261 4671 a-¹
1274 4626 1330 4664 eum
1341 4626 1395 4665 em.
1412 4614 1459 4661 i-
1478 4612 1518 4663 44.
1536 4615 1648 4676 pollute
1665 4615 1717 4665 mei
1730 4640 1756 4651 -

438 4689 556 4753 pupula
576 4716 603 4726 -
627 4688 667 4738 43.
686 4689 821 4739 moenium
840 4690 892 4740 eius
912 4690 920 4738 i
939 4715 966 4725 -
990 4689 1032 4739 ille
1052 4687 1149 4739 delevit
1167 4688 1271 4739 Ernesti
1288 4700 1349 4739 cum
1367 4686 1410 4739 ed.
1429 4688 1541 4751 Gryph.;
1560 4692 1586 4739 nt
1602 4702 1628 4741 v.
1646 4688 1756 4753 iladvig.

438 4763 473 4815 ad
491 4763 545 4815 Cic.
564 4762 597 4813 de
621 4762 685 4813 tinn.
704 4776 731 4828 p.
749 4762 797 4814 rte
815 4775 856 4827 sq.
877 4792 904 4802 -
928 4763 967 4815 44.
987 4766 1145 4827 Quamquam
1155 4790 1193 4801 —-
1203 4765 1319 4829 pretim
1336 4776 1388 4815 om.
1407 4766 1418 4814 t
1437 4790 1463 4801 -
1487 4764 1527 4814 444.
1545 4765 1588 4816 ced
1604 4766 1680 4816 etlam
1696 4778 1710 4815 a
1729 4790 1755 4801 -

439 4840 480 4890 46.
494 4839 645 4903 prophetare
661 4839 669 4887 4
687 4863 715 4875 -
734 4840 774 4888 ii.
793 4840 828 4889 dii
845 4840 897 4889 mei
916 4865 943 4876 -
962 4841 1024 4891 ism.
1043 4855 1057 4891 a
1076 4867 1103 4876 -
1123 4841 1270 4891 adiecerint
1287 4838 1328 4891 ab
1349 4867 1376 4877 -
1395 4840 1416 4889 si
1432 4846 1514 4892 colec
1529 4841 1555 4900 i;
1573 4840 1613 4889 sie
1628 4844 1757 4889 444444--

437 4918 522 4965 meoet
538 4913 620 4964 habet
635 4912 735 4963 Nonius
752 4912 839 4978 peti
856 4916 890 4964 44.
907 4942 933 4950 -
953 4916 992 4965 48.
1010 4928 1050 4965 me
1066 4914 1135 4965 eliud
1151 4914 1210 4965 ahi
1228 4918 1255 4967 44
1271 4916 1371 4967 Nonius
1389 4916 1459 4980 (44444
1475 4916 1513 4979 cl:
1531 4928 1571 4967 me
1586 4916 1656 4966 eliud
1671 4918 1716 4965 cut
1730 4914 1755 4973 t;

437 4990 508 5041 eliud
523 5002 563 5040 ose
580 4989 600 5039 0
619 4984 656 5023 -’
670 4994 812 5039 mermes
829 4991 840 5039 4
857 5016 885 5025 -
909 4989 948 5039 49.
967 5004 1029 5040 cem
1045 4992 1054 5041 4
1072 5016 1099 5026 -
1123 4990 1375 5053 curmolensem
1398 4996 1454 5042 suet
1471 5004 1524 5042 om.
1542 4992 1552 5040 i
1570 5014 1597 5027 -
1620 4989 1661 5040 40.
1678 4988 1757 5053 Muri

436 5063 527 5116 nentb
547 5091 574 5100 -
592 5054 768 5114 cort-tt.
786 5063 830 5113 tibi
846 5065 983 5115 eclmt-
1001 5066 1043 5117 44.
1062 5066 1097 5115 dli
1114 5066 1166 5115 mei
1184 5066 1242 5117 440
1260 5094 1288 5104 -
1307 5066 1412 5132 inficient
1428 5069 1440 5117 t
1458 5092 1484 5103 -
1501 5064 1542 5117 43.
1561 5063 1710 5116 Smtlcsurt
1727 5086 1753 5099 ·-

437 5138 479 5191 24.
496 5140 630 5191 recolueris
645 5137 677 5188 b:
696 5138 783 5189 coleris
799 5140 825 5198 t;
844 5140 931 5189 recolis
946 5142 1007 5191 aio
1022 5166 1048 5177 -
1067 5140 1107 5191 25.
1126 5141 1241 5207 44444444]
1257 5143 1376 5212 menone
1391 5142 1402 5191 4
1420 5168 1447 5180 -
1465 5140 1507 5194 26.
1522 5140 1637 5205 44444444]
1652 5138 1756 5188 lesidlo-

437 5227 479 5265 eor
498 5228 514 5265 a
532 5242 560 5253 -
578 5216 620 5268 44.
637 5213 724 5264 colunt
744 5212 762 5262 b
787 5240 814 5249 —
836 5219 894 5264 4444
914 5215 983 5265 mei:
1007 5215 1055 5265 sict
1077 5228 1171 5266 omnes
1183 5216 1211 5279 (4)
1229 5214 1288 5266 iibri
1310 5216 1421 5269 Ferrarii
1436 5217 1464 5267 44
1479 5216 1500 5267 0
1518 5238 1546 5253 -
1570 5214 1612 5267 49.
1629 5210 1756 5265 44444444-

436 5302 526 5343 nrmce
540 5292 570 5343 A.
588 5290 698 5342 4444444444
713 5294 759 5341 eet
774 5288 853 5340 abt:
871 5289 1057 5343 ludimurome
1072 5290 1101 5341 A.
1118 5290 1228 5345 Hirlircu
1243 5292 1291 5343 40.
