4009 6159
736 552 810 617 cn.
832 552 965 617 v-u.
993 548 1040 635 ss
1063 548 1212 618 ss-ac.
1594 549 1657 619 rso

325 724 451 787 interea
471 741 566 786 nemo
588 722 797 797 insimulavit,
820 740 913 786 nemo
929 722 1112 786 nominarit.
1144 724 1317 799 Postremo,
1338 725 1441 789 eiecto
1455 724 1523 788 sive
1539 724 1656 789 emisso

324 818 389 881 iam
410 836 453 881 ex
472 815 552 879 urbe
574 815 727 890 Catilina,
749 815 804 879 ille
825 835 912 879 arma
929 814 1032 890 misit,
1056 836 1189 891 cornua,
1214 817 1320 892 tubas,
1340 817 1460 894 fasces,
1482 818 1590 901 sigua,
1612 817 1658 882 le-

324 912 452 993 gionem
479 910 534 974 ille
556 910 685 975 relictus
706 910 810 984 intus,
840 915 1043 993 exspectatus
1063 909 1157 985 ioris,
1182 909 1309 974 Lentuli
1330 931 1434 995 poena
1456 931 1657 996 compressus

323 1003 482 1067 convertit
501 1024 537 1067 se
558 1002 730 1088 aliquando
752 1003 793 1067 ad
815 1004 977 1078 timorem,
999 1023 1172 1088 numquam
1194 1003 1236 1067 ad
1258 1005 1442 1069 sanitatem:
1473 1005 1525 1069 bic
1547 1013 1657 1070 contra
1691 1014 1694 1019 '

324 1098 370 1160 ita
391 1097 529 1179 quievit,
550 1105 586 1161 ut
608 1117 646 1161 eo
669 1104 811 1181 tempore
827 1097 912 1162 omni
927 1098 1060 1182 Neapoli
1074 1097 1187 1173 luerit,
1209 1098 1264 1162 ubi
1279 1118 1384 1181 neque
1398 1098 1544 1164 homines
1558 1096 1682 1168 lsdsses

323 1196 475 1273 putantur
495 1190 592 1255 buius
614 1188 725 1255 aflines
748 1192 954 1275 suspicionis,
977 1199 1011 1253 et
1032 1190 1121 1255 locus
1143 1201 1191 1256 est
1211 1193 1280 1276 ipse
1300 1212 1364 1255 non
1386 1199 1451 1255 tam
1472 1193 1511 1256 ad
1534 1193 1658 1256 inflam-

322 1283 458 1347 mandos
494 1284 750 1350 calamitosorum
785 1286 908 1350 animos
945 1307 1041 1370 quam
1072 1286 1113 1349 ad
1146 1285 1357 1349 consolandos
1390 1285 1657 1350 accommodatus.

322 1378 376 1441 Vl.
400 1371 450 1440 l8.
472 1379 603 1462 Propter
623 1378 706 1443 banc
728 1380 825 1462 igitur
846 1386 964 1443 tantm
979 1380 1272 1443 dissimilitudinem
1291 1379 1457 1444 bominum
1470 1388 1568 1464 atque
1582 1400 1657 1444 cau·

323 1492 429 1535 sarum
451 1472 635 1537 dissimilem
658 1494 709 1538 me
731 1475 765 1537 iu
783 1480 920 1558 utroque
934 1473 1079 1555 praebui.
1102 1473 1256 1537 Veniebat
1269 1474 1355 1536 enim
1369 1472 1410 1537 ad
1425 1493 1491 1548 me,
1513 1483 1547 1538 et
1560 1493 1656 1557 saepe

322 1566 472 1630 veniebat
491 1567 679 1642 Autronius,
712 1567 819 1631 multis
841 1588 913 1631 cum
935 1570 1070 1635 lacrimis
1091 1570 1244 1653 supplex,
1266 1576 1303 1634 ut
1324 1591 1360 1634 se
1381 1566 1602 1641 defenderem,
1624 1574 1696 1638 etio

322 1681 358 1725 ee
380 1680 487 1723 meum
507 1659 761 1745 condiscipulum
775 1660 807 1724 in
822 1664 974 1745 pueritia,
995 1662 1185 1727 familiarem
1198 1664 1232 1725 in
1247 1662 1480 1737 adolescentia,
1502 1660 1655 1745 collegam

322 1756 357 1819 in
375 1761 552 1838 quaestura
573 1756 838 1820 commemorabat
858 1756 975 1832 fuisse;
997 1757 1097 1820 multa
1110 1776 1182 1821 mea
1195 1757 1229 1820 in
1244 1778 1297 1833 se,
1318 1758 1473 1822 nonnulla
1487 1756 1583 1821 etiam
1596 1773 1656 1819 sua

321 1852 357 1913 in
379 1870 430 1913 me
452 1848 634 1932 proferebat
655 1846 769 1913 officia.
807 1850 928 1927 Quibus
952 1871 1011 1935 ego
1032 1850 1145 1925 rebus,
1167 1850 1305 1926 iudices,
1327 1852 1373 1915 ita
1387 1852 1536 1917 flectebar
1549 1852 1654 1916 animo

321 1951 418 2027 atque
446 1942 633 2026 frangebar,
665 1953 702 2007 ut
732 1946 795 2009 iam
825 1964 866 2008 ex
887 1944 1057 2019 memoria,
1086 1965 1166 2029 quas
1188 1944 1266 2008 mihi
1286 1946 1350 2030 ipsi
1370 1945 1490 2010 lecerat
1510 1944 1654 2020 insidias,

252 2102 259 2111 ,
322 2037 531 2121 deponerem,
561 2038 681 2101 utiam
703 2039 878 2102 immissum
900 2058 972 2103 esse
991 2039 1033 2102 ab
1055 2058 1095 2102 eo
1118 2039 1152 2101 C.
1175 2039 1375 2116 Cornelium,
1399 2040 1456 2124 qui
1477 2060 1528 2105 me
1549 2039 1583 2103 in
1604 2058 1692 2110 se-ts

321 2132 416 2195 dibus
439 2131 535 2206 meis,
557 2131 591 2195 in
613 2140 787 2215 conspectu
807 2132 918 2196 uxoris
940 2152 978 2196 ac
999 2132 1173 2197 liberorum
1194 2153 1337 2198 meorum
1360 2134 1547 2210 trucidaret,
1573 2132 1654 2197 obli-

321 2226 468 2290 riscerer.
512 2220 564 2287 49.
586 2225 677 2301 Quae
698 2226 726 2289 si
748 2227 788 2290 de
810 2246 874 2290 uno
898 2248 947 2291 me
970 2229 1157 2311 cogitasset,
1178 2248 1243 2313 qua
1263 2228 1398 2293 mollitia
1419 2248 1490 2293 sum
1503 2228 1602 2291 animi
1616 2246 1653 2290 ac

321 2320 467 2394 lenitate,
489 2339 663 2405 numquam
685 2320 877 2385 mehercule
895 2322 983 2387 illius
998 2322 1136 2387 lacrimis
1149 2343 1187 2386 ae
1200 2322 1349 2406 precibus
1362 2322 1563 2387 restitissem:
1585 2321 1653 2411 sed,
1753 2349 1757 2355 ·

321 2436 393 2480 cum
414 2414 493 2479 mibi
515 2414 653 2497 patriae,
684 2436 756 2479 cum
778 2424 955 2481 vesu-orum
976 2416 1210 2500 periculum,
1237 2437 1310 2481 cum
1328 2416 1426 2480 buius
1448 2415 1554 2490 urbis,
1582 2436 1653 2479 cum

321 2510 450 2573 illenim
476 2508 683 2573 delubrorum
712 2517 808 2594 atque
835 2509 1040 2595 templorum,
1071 2528 1143 2573 cum
1171 2528 1343 2593 puerorum
1364 2510 1549 2584 infantium,
1579 2529 1690 2582 cumn

325 2610 542 2668 matronarum
563 2622 601 2666 ac
614 2604 772 2687 virginum
790 2604 938 2667 veniebat
951 2604 984 2667 in
999 2611 1147 2678 mentem,
1170 2598 1288 2687 etqscum
1307 2603 1383 2667 illac
1396 2603 1531 2669 intestae
1544 2623 1582 2667 ac
1601 2601 1653 2667 fu·

323 2704 433 2762 nostae
455 2696 541 2761 laces
562 2699 813 2783 universumque
834 2699 932 2763 totius
955 2698 1042 2762 urbis
1064 2697 1267 2772 incendium,
1289 2717 1362 2761 cum
1386 2697 1465 2774 tela,
1487 2717 1559 2763 cum
1581 2716 1652 2761 cae-

323 2792 398 2866 des,
420 2810 493 2855 cum
516 2790 632 2856 civium
654 2812 764 2868 cruor,
786 2812 858 2855 cum
881 2792 961 2855 cinis
982 2793 1104 2876 patriae
1118 2791 1238 2856 versari
1260 2800 1333 2855 ante
1347 2787 1569 2890 oculospatque
1583 2790 1652 2855 ani-
1772 2865 1776 2874 ¹

322 2907 408 2949 mum
429 2884 584 2949 memoria
604 2884 753 2950 refricare
767 2886 948 2974 (coeperatis
963 2894 1029 2951 tum
1050 2886 1190 2971 deniqme
1212 2887 1242 2949 ei
1258 2886 1458 2961 resistebam,
1478 2906 1586 2971 neque
1600 2902 1652 2949 so·
1727 2848 1809 2951 fd*

320 2981 386 3043 lum
407 2978 456 3041 illi
476 2978 563 3043 besti
585 2999 623 3043 ac
644 2979 837 3063 parricidae,
870 2980 927 3044 sed
949 2980 1000 3044 bis
1022 2982 1118 3045 etiam
1138 2982 1329 3065 propinquis
1349 2981 1454 3056 illius,
1483 2980 1688 3071 Marcellum

320 3073 401 3158 patri
423 3080 456 3137 et
476 3070 560 3149 filio,
583 3093 720 3157 quorum
742 3074 823 3161 alter
843 3076 927 3159 apud
949 3095 1000 3139 me
1021 3076 1163 3158 parentis
1184 3077 1387 3157 gravitatem,
1408 3074 1489 3138 alter
1507 3070 1564 3137 filii
1579 3094 1652 3139 sua·

319 3168 449 3233 vitatem
469 3168 648 3261 obtinebat:
670 3190 777 3253 neque
798 3190 849 3233 me
864 3169 1040 3233 arbitrabar
1060 3169 1131 3233 sine
1152 3188 1275 3232 summo
1296 3155 1541 3250 scelere‘pbsse,
1563 3167 1652 3249 quod
1759 3156 1797 3254 4-4

319 3257 510 3325 maleficium
532 3262 566 3325 in
588 3262 660 3326 aliis
674 3261 903 3338 vindicassem,
925 3263 1011 3327 idem
1033 3264 1067 3326 in
1088 3262 1215 3327 illorum
1231 3263 1336 3339 socio,
1358 3283 1431 3327 cum
1445 3261 1576 3338 sciren,
1597 3262 1653 3326 de-

319 3353 461 3418 fendere.
505 3352 555 3417 20.
578 3356 683 3441 Atque
704 3356 789 3420 idem
812 3377 871 3439 ego
894 3377 1000 3441 neque
1021 3358 1056 3419 P.
1079 3356 1200 3419 Sullam
1222 3356 1399 3440 supplicem
1421 3356 1519 3429 ferre,
1544 3375 1652 3440 neque

320 3448 450 3513 eosdem
472 3450 637 3514 Marcellos
659 3471 717 3534 pro
738 3450 833 3515 buius
855 3451 1007 3533 perieulis
1023 3449 1224 3514 lacrimantes
1237 3451 1413 3535 adspicere,
1436 3470 1543 3534 neque
1557 3450 1689 3522 buiussc

384 3834 408 3883 4.
426 3830 587 3884 &ababli
607 3857 635 3871 -
654 3832 679 3883 i.
698 3832 804 3893 tabeel,
822 3831 952 3883 tubev-
969 3834 1049 3897 saxee
1063 3832 1125 3882 VS:
1142 3832 1219 3896 falces
1235 3832 1284 3882 ΤΒ
1301 3830 1421 3883 eteodd.
1433 3830 1568 3897 plerique:
1585 3835 1653 3897 faces

319 3907 399 3959 codd.
417 3906 460 3959 alii
477 3909 545 3959 teste
562 3908 700 3959 lambino.
730 3908 769 3959 Cf.
784 3921 823 3958 cr.
838 3906 911 3959 Catil.
925 3910 956 3971 11,
977 3907 1046 3972 543,
1065 3907 1111 3971 qui
1127 3908 1218 3957 tamen
1233 3904 1309 3958 locus
1325 3919 1379 3957 uon
1394 3905 1474 3971 plane
1492 3909 1534 3959 est
1549 3908 1651 3963 similis.

321 4011 350 4021 -
367 3984 454 4049 donc,
472 3984 566 4047 liqonea
581 3976 641 4035 cod.
661 3983 837 4043 Genevensis;
860 3983 934 4047 siquo
954 3982 1057 4047 baiocis
1077 3982 1139 4033 Ant.
1155 3982 1318 4046 Augustinus
1341 3983 1369 4032 et
1389 3980 1544 4045 Huldricus,
1571 3997 1652 4048 quam

319 4060 536 4111 emendationem
558 4059 677 4111 detenuit
699 4060 846 4123 Seyffertus
868 4072 895 4123 p.
915 4058 954 4109 47.
986 4060 1020 4110 st
1035 4060 1088 4109 hoo
1105 4059 1128 4109 si
1144 4052 1272 4108 voluisset
1288 4057 1397 4118 cicero,
1424 4059 1470 4108 aut
1484 4059 1559 4123 dccc
1574 4060 1654 4125 bato-

318 4148 380 4185 sam
395 4136 442 4185 aut
456 4136 531 4198 dono
545 4133 686 4198 teotonem
701 4134 861 4198 scripsisset.
874 4160 901 4169 -
920 4132 943 4183 3.
963 4138 1110 4196 espectauss
1123 4132 1186 4195 (mis
1202 4131 1270 4181 buta
1282 4144 1366 4194 possa
1382 4132 1439 4182 Τ-
1458 4132 1484 4185 t.
1502 4134 1538 4184 cd
1551 4136 1653 4186 444444444-

318 4208 800 4271 mammone-abcessu
820 4205 1653 4271 -6.pesonsv-csscesv-aepttoetst;sctptccisv

321 4311 349 4323 -
367 4285 584 4349 &flammandos
600 4284 623 4333 V
641 4308 669 4321 -
687 4284 712 4333 7.
730 4282 952 4343 coucbssdcmB,
970 4282 1238 4332 comeusonms-
1256 4280 1282 4331 8.
1299 4280 1568 4344 eqctcmdtcerssm
1584 4284 1604 4334 B
1623 4310 1651 4321 —

319 4361 343 4411 9.
356 4360 524 4423 dmiccc
535 4360 633 4411 444·-
652 4359 718 4410 eom
729 4370 782 4409 om.
795 4358 845 4408 ΑΒ
859 4383 887 4393 -
901 4369 956 4419 cepe
968 4358 997 4419 T,
1016 4358 1047 4407 ut
1062 4355 1235 4422 plerumque;
1253 4354 1387 4417 samoe
1406 4381 1434 4391 -
1453 4356 1495 4407 44.
1506 4358 1656 4409 autemus

319 4436 384 4485 Τ-
404 4435 445 4485 44.
463 4434 690 4498 αἰωίραῐνην-
709 4435 750 4483 tt.
767 4433 1007 4484 msameeticm
1023 4434 1043 4482 Τ
1060 4458 1088 4467 -
1108 4430 1148 4480 se.
1165 4428 1360 4494 ttwtcbcrv-
1381 4427 1421 4480 44.
1439 4431 1607 4494 υΗαπιΤν,
1625 4435 1655 4485 ut

318 4507 473 4574 Spengclius
490 4510 620 4561 coniecit:
642 4514 671 4559 ut
686 4509 763 4559 etiam
779 4508 827 4559 lto
847 4535 874 4544 -
898 4508 959 4557 mdsi
974 4507 1024 4570 ipsc·
1039 4507 1089 4557 VB
1100 4506 1133 4556 S:
1151 4505 1227 4556 mtcbl
1242 4505 1294 4568 ipre
1310 4504 1330 4554 T
1348 4502 1406 4568 (sed
1422 4503 1529 4554 videtur
1546 4506 1595 4569 ipsi
1610 4521 1652 4572 pr.

317 4596 355 4634 m.
369 4584 543 4647 correctum),
561 4585 609 4648 teri
618 4584 680 4635 miti
690 4580 791 4646 aliquot
802 4582 866 4633 dett.
884 4582 984 4646 vaccas
994 4596 1028 4633 m.
1040 4582 1060 4631 4.
1072 4580 1101 4644 Β)
1115 4605 1143 4615 -
1163 4579 1203 4629 ts.
1216 4578 1346 4629 mmbneu
1355 4578 1407 4628 TV
1419 4602 1446 4617 ·-
1460 4592 1511 4631 esse
1521 4593 1577 4632 om.
1590 4582 1610 4633 B
1625 4608 1650 4620 -

317 4658 346 4708 in
361 4658 421 4709 mes
429 4658 527 4709 4444444444
536 4660 559 4709 V
569 4657 650 4721 solus,
661 4658 732 4710 unde
744 4656 908 4723 probabilior
919 4656 987 4709 lacta
999 4660 1041 4707 est
1052 4652 1203 4706 emendatio
1214 4653 1345 4715 Lambini,
1360 4654 1406 4717 qui
1417 4654 1519 4705 aedibs
1529 4656 1652 4707 coniecit.

320 4730 359 4783 Cl.
372 4734 461 4785 tamen
475 4746 515 4785 or.
527 4733 562 4785 de
580 4734 662 4785 domo
677 4746 727 4785 sua
738 4732 753 4797 ἓ
766 4733 1011 4785 elemosmarum
1020 4732 1081 4783 mas
1094 4729 1215 4780 collocetis
1226 4730 1253 4780 et
1264 4729 1336 4780 Ravii
1350 4729 1409 4780 Ver.
1421 4730 1497 4781 lectt.
1513 4732 1546 4792 11,
1557 4743 1586 4795 p.
1594 4732 1652 4783 434.

321 4832 349 4842 -
369 4807 409 4857 46.
424 4808 515 4859 warte
530 4808 590 4858 TV:
606 4810 697 4859 crema
711 4821 781 4859 owse
797 4809 882 4859 440-
898 4808 939 4860 48.
952 4806 1457 4859 4α4444ω44-49.4ωηυ444ωη4444444
1470 4806 1512 4857 sic
1525 4806 1655 4873 deinceps

319 4883 415 4945 quater
430 4887 483 4933 sus
499 4896 548 4949 pro
564 4897 622 4934 mem
642 4910 667 4919 -
686 4884 728 4935 il.
746 4884 773 4934 ic
788 4883 902 4949 mesum]
920 4882 994 4934 addit
1010 4883 1029 4932 B
1047 4881 1180 4931 discrimen
1196 4880 1297 4930 -tlloc
1311 4885 1429 4932 emtas
1445 4880 1467 4930 V
1486 4906 1514 4917 -
1538 4881 1579 4931 22.
1596 4895 1655 4932 cren

318 4957 522 5009 totcoml'-
542 4957 584 5010 23.
602 4958 953 5021 umueoprussscev-
971 4957 1013 5009 44.
1031 4957 1200 5019 meur,
1218 4955 1415 5018 mercass-
1434 4957 1652 5019 4444144444-

318 5032 849 5098 25.itltua]eicuB-27.cptisebstv
869 5030 1654 5096 -possumv-ss.ssastoee-ssecmsomnxso

318 5109 341 5159 V
359 5134 388 5147 -
406 5109 449 5161 30.
467 5110 638 5161 medentis:
657 5111 741 5161 eodem
758 5110 793 5172 V,
810 5108 994 5172 bcsT—-pro
1011 5106 1655 5170 semcmesuucrtmcsserespicereemtv

318 5184 376 5248 ised
393 5185 413 5235 Τ
430 5198 485 5237 cm.
502 5184 598 5248 tutari:
621 5200 671 5249 pro
690 5185 764 5236 batus
782 5184 863 5235 solete
886 5190 985 5237 erasm
1008 5184 1071 5249 tom.
1091 5182 1209 5248 amum)
1228 5183 1261 5243 B;
1289 5180 1387 5233 desum
1405 5180 1490 5235 verba
1505 5183 1533 5234 in
1549 5182 1568 5232 S
1584 5182 1612 5233 et
1626 5182 1654 5233 iu

318 5260 398 5313 codd.
417 5258 474 5313 rell.
494 5285 524 5299 -
542 5260 859 5329 tempestuosarum.
877 5260 905 5312 B.
