4009 6159
381 591 463 661 tiso
723 597 875 664 ORATIO
897 597 975 662 PRO
997 600 1033 662 T.
1054 598 1180 664 ANNIO
1202 598 1356 664 MILONE

309 792 312 803 ¹
379 761 430 829 tit.
453 767 493 832 Et
519 777 593 833 sunt
618 770 675 854 qni
702 769 741 832 de
767 769 819 833 ria
838 770 941 852 Appia
962 777 1150 852 querantur,
1181 775 1307 832 taceant
1327 769 1367 830 de
1389 765 1495 831 curial
1529 777 1560 832 et
1582 768 1638 853 qui
1659 771 1699 832 ab

379 880 419 925 eo
441 863 578 944 spirante
599 863 703 927 iorum
724 871 837 948 putent
857 864 998 946 potuisse
1021 863 1163 939 defendi,
1186 864 1276 928 cuius
1298 882 1363 926 non
1385 863 1535 926 restiterit
1555 862 1700 926 cadaveri

379 956 485 1020 curia!
518 957 679 1033 Excitate,
706 959 841 1022 excitate
862 958 985 1040 ipsum,
1015 961 1042 1022 si
1062 959 1210 1042 potestis,
1238 957 1418 1022 amortuis.
1461 957 1622 1039 Frangetis
1644 958 1703 1020 im·

379 1056 486 1132 petum
514 1052 591 1126 rivi,
619 1053 708 1116 cuius
735 1053 792 1116 vix
821 1052 982 1116 sustinetis
1002 1051 1103 1116 furias
1125 1052 1297 1137 insepulti?
1327 1052 1390 1114 nisi
1410 1069 1486 1114 vera
1508 1050 1702 1114 sustinuistis

356 1154 451 1215 teos,
479 1145 533 1227 qui
561 1165 631 1208 oum
652 1145 773 1210 facibus
794 1145 835 1209 ad
856 1146 975 1209 curiam
997 1154 1218 1220 cucurrerunt,
1246 1167 1316 1210 cum
1337 1145 1469 1208 falcibus
1491 1145 1532 1208 ad
1555 1144 1702 1217 Castoris,

381 1257 451 1299 cum
474 1238 587 1320 gladiis
610 1247 677 1304 toto
693 1240 761 1304 soro
777 1242 958 1304 volitarunt.
995 1240 1090 1304 Caedi
1106 1241 1230 1305 vidistis
1244 1240 1397 1325 populum
1412 1239 1604 1312 Romanum,
1627 1258 1704 1301 con·

263 1382 273 1431 3
379 1331 497 1395 tionem
526 1335 638 1416 gladiis
667 1335 852 1409 disturbari,
882 1356 953 1399 cum
979 1335 1142 1398 audiretur
1172 1336 1298 1398 silentio
1321 1335 1361 1397 bl.
1386 1331 1526 1406 Caelius,
1556 1330 1702 1394 tribunus

257 1413 285 1493 ‘l
379 1425 437 1509 pl.,
460 1428 508 1490 vir
528 1437 561 1492 et
581 1430 615 1492 in
636 1450 670 1493 re
698 1429 825 1513 publica
846 1429 1034 1492 fortissimus
1056 1436 1088 1491 et
1111 1430 1145 1491 in
1167 1439 1313 1513 suscepta
1334 1447 1430 1491 causa
1451 1421 1703 1489 firmissimum

379 1511 533 1586 bonorum
560 1525 715 1588 voluntati
743 1532 776 1586 et
801 1523 980 1588 auctoritati
1011 1532 1138 1587 senatus
1161 1524 1285 1587 deditus
1307 1531 1339 1586 et
1359 1524 1392 1584 in
1412 1521 1473 1585 bac
1487 1518 1615 1583 Milonis
1637 1517 1702 1581 sive

343 1624 370 1670 ⁴⁰
379 1613 498 1679 invidia
520 1618 587 1680 sive
607 1618 735 1682 fortuna
756 1617 906 1700 singulari
929 1617 1037 1682 divina
1058 1627 1090 1681 et
1111 1617 1289 1681 incredibili
1309 1616 1383 1680 fide.

463 1711 610 1775 XXXIV.
632 1708 684 1774 92.
707 1711 769 1774 Sed
798 1712 860 1774 iam
890 1711 966 1776 satis
997 1712 1095 1775 multa
1125 1712 1164 1774 de
1193 1731 1302 1785 causa,
1336 1719 1425 1774 extra
1453 1729 1579 1774 causam
1609 1708 1701 1772 etiam

379 1804 473 1868 nimis
494 1804 628 1870 fortasse
650 1805 757 1869 multa.
795 1804 881 1880 Quid
902 1812 1003 1869 restat
1024 1806 1086 1868 nisi
1108 1813 1143 1868 ut
1166 1826 1253 1869 orem
1268 1805 1470 1889 obtesterque
1484 1825 1551 1879 ros,
1572 1804 1702 1876 iudices,

379 1906 416 1961 ut
437 1919 508 1963 eam
529 1900 776 1964 misericordiam
799 1899 943 1963 tribuatis
964 1898 1137 1962 fortissimo
1159 1899 1245 1973 viro,
1267 1918 1362 1982 quam
1383 1900 1452 1980 ipse
1466 1918 1530 1960 non
1545 1899 1702 1980 implorat,

380 2012 439 2074 ego
469 1994 564 2057 etiam
592 2003 788 2078 repugnante
808 1995 869 2058 boc
890 2001 922 2058 et
942 1993 1079 2078 imploro
1101 2001 1133 2056 et
1154 1997 1315 2076 exposco?
1345 1993 1467 2068 Nolite,
1490 1993 1518 2055 si
1540 1994 1573 2055 in
1594 1999 1702 2055 nostro

344 2089 522 2150 stornatum
550 2090 627 2152 fletu
655 2089 773 2152 nullam
802 2087 963 2152 lacrimam
991 2088 1183 2172 adspexistis
1211 2086 1355 2160 Milonis,
1389 2087 1415 2150 si
1438 2087 1558 2150 vultum
1580 2105 1704 2167 semper

380 2180 533 2257 eundem,
555 2185 583 2246 si
604 2204 730 2258 vocem,
761 2183 789 2246 si
809 2185 983 2246 orationem
1006 2182 1150 2244 stabilem
1172 2201 1209 2244 ac
1230 2199 1296 2243 non
1318 2187 1467 2262 mutatam
1489 2179 1619 2252 videtis,
1641 2177 1703 2241 boc

381 2274 486 2339 minus
518 2277 549 2339 ei
579 2297 729 2360 parcere:
761 2277 847 2341 band
878 2277 945 2340 scio
974 2296 1015 2338 an
1045 2265 1143 2338 multo
1173 2275 1215 2338 sit
1243 2274 1337 2338 etiam
1365 2271 1564 2337 adiuvandus
1593 2272 1702 2355 magis.

380 2370 504 2432 Etenim
535 2371 563 2433 si
591 2372 625 2433 in
653 2371 847 2453 gladiatoriis
869 2371 984 2452 pugnis
1012 2378 1043 2432 et
1067 2365 1166 2431 infimi
1190 2368 1313 2451 generis
1335 2367 1499 2431 bominum
1521 2365 1703 2430 conditione

380 2470 476 2546 atquo
497 2463 624 2528 fortuna
638 2465 764 2528 timidos
779 2473 875 2549 atque
890 2465 1047 2547 supplices
1063 2469 1095 2525 et
1116 2469 1152 2526 ut
1165 2462 1271 2526 vivere
1285 2461 1379 2525 liceat
1394 2461 1592 2525 obsecrantes
1608 2460 1702 2522 etiam

344 2556 487 2620 soodisse
509 2558 656 2632 solemus,
677 2558 774 2622 fortes
795 2567 891 2643 atque
912 2560 1070 2623 animosos
1086 2565 1118 2620 et
1139 2577 1174 2620 se
1188 2557 1301 2619 acriter
1321 2555 1408 2637 ipsos
1427 2555 1518 2619 morti
1534 2555 1702 2617 offerentes

382 2670 507 2715 servare
534 2654 694 2735 cupimus,
722 2673 895 2737 eorumque
916 2674 975 2716 nos
998 2654 1097 2734 magis
1119 2652 1262 2725 miseret,
1275 2653 1277 2656 ’
1291 2651 1346 2733 qui
1369 2656 1507 2712 nostram
1529 2648 1703 2712 misericor·
1780 2710 1782 2714 .

385 2746 467 2809 diam
495 2767 559 2809 non
588 2746 771 2831 requirunt,
801 2766 896 2830 quam
918 2747 975 2831 qui
997 2746 1084 2809 illam
1107 2743 1291 2828 efflagitant,
1324 2751 1442 2827 quanto
1464 2743 1525 2805 boc
1547 2743 1646 2825 magis
1667 2743 1702 2805 in

381 2840 561 2905 fortissimis
581 2842 701 2904 civibus
722 2840 825 2904 iacere
847 2841 1015 2923 debemus!
1050 2837 1101 2903 93.
1123 2843 1174 2904 Mc
1196 2839 1342 2923 quidem,
1363 2837 1500 2911 iudices,
1522 2839 1705 2900 exanimant

381 2945 414 2999 et
434 2937 619 3000 interimunt
638 2935 699 2998 bae
719 2955 813 2999 voces
834 2935 977 3009 llilonis,
999 2955 1079 3019 quas
1102 2934 1197 2998 audio
1219 2933 1346 2996 assidue
1368 2932 1528 3016 atquibus
1550 2933 1703 2994 intersum

219 3103 224 3120 Ι
342 3029 535 3114 itquotidie.
571 3030 736 3105 «Valeant,
764 3031 883 3112 inquit,
904 3030 1030 3093 valeam
1051 3031 1135 3094 cives
1158 3029 1236 3103 mei;
1266 3028 1329 3090 sint
1349 3026 1540 3101 incolumes,
1563 3027 1626 3088 sint
1646 3019 1704 3087 llo·

379 3132 500 3202 rentes,
532 3125 595 3188 sint
621 3125 725 3200 beati;
759 3132 821 3188 stet
846 3124 925 3188 baec
954 3124 1029 3186 urbs
1058 3123 1219 3207 praeclara
1245 3122 1387 3203 mihique
1412 3120 1514 3209 patria
1534 3117 1704 3191 carissima,

383 3219 629 3303 quoquomodo
651 3220 711 3282 erit
730 3219 842 3283 merita
864 3218 904 3281 de
926 3239 993 3293 me3
1020 3217 1190 3302 tranquilla
1212 3237 1246 3278 re
1268 3214 1395 3297 publica
1415 3214 1479 3276 mei
1501 3213 1602 3286 cives,
1625 3229 1704 3293 quo-

380 3314 465 3375 niam
488 3314 564 3377 mibi
585 3333 657 3377 cum
678 3313 742 3376 illis
763 3332 828 3374 non
850 3312 937 3388 licet,
960 3313 1030 3376 sino
1049 3332 1100 3374 me
1115 3311 1194 3393 ipsi,
1216 3307 1271 3372 sed
1287 3315 1413 3392 propter
1428 3327 1478 3371 me
1493 3314 1610 3379 tamen,
1632 3325 1705 3388 per-

381 3405 540 3470 fruantur:
570 3428 629 3489 ego
659 3405 767 3469 cedam
796 3414 891 3489 atque
918 3397 1022 3469 abibo.
1059 3406 1091 3467 Si
1117 3403 1195 3466 mihi
1223 3403 1307 3465 bona
1335 3422 1369 3463 re
1397 3400 1524 3483 publica
1554 3398 1617 3462 frui
1638 3418 1704 3462 non

344 3501 522 3576 miscuerit,
553 3510 586 3564 at
615 3501 728 3565 carebo
759 3501 860 3575 mala,
896 3509 928 3563 et
949 3519 1046 3584 quam
1075 3499 1212 3581 primum
1240 3498 1373 3578 tetigero
1398 3496 1479 3558 bone
1501 3501 1651 3556 moratam
1674 3499 1705 3554 et

382 3594 511 3658 liberam
533 3595 706 3668 civitatem,
733 3596 766 3657 in
788 3613 826 3657 ea
849 3595 1081 3676 conquiescam.
1124 3588 1174 3653 tii.
1198 3590 1224 3653 Ο
1246 3589 1379 3653 frustra»
1407 3588 1510 3672 inquit
1534 3586 1630 3648 «mihi
1653 3607 1705 3648 su·

383 3690 483 3772 scepti
509 3689 691 3752 laboreslo
723 3709 794 3773 spes
822 3688 951 3752 fallaces
980 3694 1013 3749 et
1042 3686 1248 3769 cogitationes
1277 3684 1387 3745 inanes
1409 3681 1514 3745 meae!
1543 3682 1611 3762 Ego
1633 3699 1704 3742 cum

271 3793 283 3889 p
381 3783 525 3849 tribunus
548 3782 591 3866 pl.
612 3783 794 3867 republica
815 3801 969 3864 oppressa
990 3800 1041 3843 me
1063 3779 1185 3843 senatui
1207 3777 1380 3851 dedissem,
1405 3795 1501 3860 quem
1516 3775 1704 3838 exstinctum

1599 3978 1700 3992 -

449 4123 472 4171 4,
491 4121 552 4184 apia
569 4121 588 4171 T
602 4148 629 4158 -
648 4121 672 4170 2.
688 4120 806 4182 potuisse]
819 4119 904 4182 potios
919 4118 975 4168 seT
990 4144 1017 4154 -
1035 4117 1170 4166 restituerit
1182 4117 1201 4165 T
1214 4141 1241 4151 -
1260 4116 1284 4165 E.
1297 4115 1408 4164 cadoacr
1424 4115 1451 4164 in
1466 4113 1539 4163 ouria
1549 4113 1592 4164 TE
1606 4140 1632 4150 -
1652 4115 1676 4167 3.
1690 4134 1708 4166 o

381 4197 485 4248 mortuis
501 4197 567 4246 TE:
585 4195 617 4245 ab
633 4196 720 4259 inseris
735 4195 780 4245 SO
794 4221 821 4231 -
840 4196 865 4244 s.
883 4193 988 4256 salcime
1005 4194 1038 4243 S:
1057 4191 1226 4255 sacimeE3
1244 4190 1352 4253 fascibm
1366 4188 1517 4240 Lambinus.
1532 4215 1559 4226 -
1578 4189 1602 4239 6.
1620 4190 1708 4254 gladiis

381 4273 445 4322 T-
469 4272 493 4322 0.
512 4277 536 4322 44
552 4273 613 4321 ants
630 4277 697 4321 auct.
717 4284 770 4322 om.
789 4271 809 4321 E
830 4298 856 4307 -
875 4270 1038 4320 deditissimus
1055 4266 1206 4318 Lambinus.
1227 4291 1254 4301 -
1274 4267 1315 4316 40.
1333 4264 1466 4328 scemam
1483 4265 1535 4314 sias
1551 4278 1568 4314 a
1584 4265 1708 4329 4444944444

381 4347 401 4396 E
422 4375 449 4384 —
477 4347 518 4396 tt.
539 4359 612 4397 ...sa
633 4352 708 4397 caira
723 4349 961 4408 camam--acpat
976 4344 1042 4394 mim
1058 4348 1133 4406 nogat
1149 4344 1184 4406 (p.
1204 4340 1278 4400 4484,
1296 4339 1337 4399 40)
1354 4338 1511 4390 habetP-
1531 4339 1571 4390 ta.
1589 4340 1708 4390 obtestor·

381 4434 428 4484 que
444 4423 464 4472 T
483 4448 510 4459 —
529 4421 570 4471 46.
588 4423 711 4472 rationem
727 4422 752 4471 'i'
767 4447 795 4456 —
822 4421 862 4470 tr.
880 4420 941 4470 boat
956 4420 977 4469 E
995 4445 1023 4454 -
1042 4419 1073 4467 sit
1089 4419 1164 4468 otiam
1180 4415 1337 4466 4444444444
1353 4417 1386 4465 P:
1413 4415 1488 4464 etiam
1505 4414 1664 4465 adiuuandus
1677 4415 1709 4465 sit

381 4500 415 4558 T;
435 4500 511 4550 etiam
526 4499 558 4548 sit
573 4497 730 4547 normandos
746 4497 822 4546 Eso
835 4523 862 4532 -
882 4495 922 4546 ts.
940 4495 1091 4560 gladiatoris
1106 4494 1126 4544 T
1144 4519 1171 4529 -
1190 4491 1269 4556 infimi
1284 4491 1388 4541 PTES:
1407 4491 1433 4539 ia
1448 4490 1528 4554 intirai
1544 4491 1564 4540 0
1582 4516 1609 4526 -
1628 4491 1708 4541 bomi-

381 4587 442 4624 aam
457 4575 518 4625 PS:
536 4575 647 4623 omnium
663 4572 710 4622 TE
728 4598 755 4608 -
772 4571 812 4621 40.
832 4575 907 4632 atquc
922 4570 1043 4633 supptices
1058 4572 1091 4620 P:
1110 4573 1132 4618 44
1148 4567 1268 4630 supplices
1284 4565 1386 4616 TESO
1400 4590 1428 4601 -
1447 4563 1596 4614 obsecrantis
1611 4564 1659 4614 TE
1678 4591 1706 4600 -

380 4649 421 4700 20.
439 4651 516 4714 sortes
531 4654 555 4699 et
570 4649 802 4698 animosos--noo
818 4647 950 4709 remanant
965 4644 1048 4695 habet
1064 4643 1143 4694 iulius
1160 4641 1317 4692 Severianus
1333 4653 1359 4704 p.
1373 4637 1429 4690 344.
1445 4664 1471 4675 -
1485 4640 1557 4702 sortis
1567 4639 1628 4689 T—
1644 4639 1710 4702 ipsos

381 4725 469 4776 PCS:
489 4724 537 4786 ipsi
553 4723 604 4773 TE
622 4748 649 4759 -
677 4723 718 4773 st.
736 4722 833 4771 sanari
849 4721 1008 4771 Severianus
1026 4721 1053 4769 et
1069 4719 1086 4768 S
1104 4743 1130 4752 -
1150 4715 1347 4766 misericordiam
1363 4719 1475 4764 nostram
1491 4715 1658 4764 Severianus.
1679 4741 1705 4750 -

381 4801 423 4850 25.
442 4799 530 4850 cotidie
545 4800 574 4860 T,
595 4797 694 4848 cottidie
709 4798 729 4847 E
748 4823 776 4832 ·-
801 4797 916 4856 Valeant,
940 4796 1034 4856 inquit,
1057 4793 1158 4843 caleam
1174 4792 1238 4841 cives
1252 4791 1301 4840 mei
1317 4791 1439 4841 PTES:
1460 4789 1576 4850 Valeant,
1593 4789 1706 4848 cabant,

382 4876 474 4937 inquit,
498 4874 562 4924 cives
584 4874 632 4923 mei
656 4873 758 4922 caleam
774 4871 824 4921 CO
843 4899 870 4908 -
895 4870 936 4920 46.
955 4869 1009 4934 stet]
1026 4870 1079 4918 silet
1102 4870 1121 4918 P
1146 4891 1172 4902 -
1201 4867 1242 4916 Ti.
1259 4865 1350 4915 memte
1371 4866 1401 4914 do
1422 4877 1460 4915 mc
1480 4864 1527 4913 erit
1547 4865 1592 4914 TS
1611 4891 1638 4901 ·-
1660 4865 1709 4913 mei

381 4951 448 5000 ciaet
463 4950 556 5000 PTE:
575 4950 640 4998 cives
654 4949 703 4997 mei
719 4948 765 4998 SO
784 4973 811 4983 -
830 4946 871 4997 28.
886 4950 990 5009 propter
1006 4946 1041 4994 P:
1055 4957 1103 5006 per
1119 4943 1223 4994 TESO
1242 4966 1269 4976 -
1288 4941 1329 4991 29.
1348 4939 1421 4990 adibo
1437 4940 1457 4989 T
1476 4967 1503 4977 -
1522 4937 1587 4988 bona
1601 4951 1653 5000 rep.
1672 4941 1707 4988 P:

381 5039 410 5075 re
428 5038 462 5087 .p.
480 5024 546 5075 bona
561 5025 625 5083 1303
643 5036 708 5086 resp.
726 5021 791 5071 bona
808 5021 853 5071 TS
873 5048 898 5058 ·-
919 5021 960 5071 30.
976 5019 1088 5082 menam
1104 5017 1180 5068 PTE
1191 5019 1224 5065 S:
1240 5016 1352 5078 primam
1369 5027 1431 5065 cum
1446 5014 1565 5064 Emestio
1578 5012 1597 5061 0
1611 5039 1638 5048 -
1656 5024 1709 5061 me-

382 5105 508 5150 moratam
524 5100 543 5150 T
561 5125 588 5134 -
608 5098 648 5148 34.
668 5097 801 5160 Osmatro
812 5122 848 5132 --
860 5096 947 5145 inanes
962 5108 1032 5145 meac
1048 5093 1125 5144 eilert
1142 5089 1314 5153 Quintilianus
1326 5091 1374 5151 Vl,
1388 5091 1411 5150 4,
1425 5089 1465 5140 nt.
1484 5117 1511 5126 -
1530 5088 1590 5138 mibi
1606 5089 1711 5150 accepti

383 5177 415 5225 P:
433 5174 482 5224 mei
498 5173 602 5236 accepti
618 5173 664 5223 ΤΕ
681 5174 709 5222 44
719 5170 905 5232 Quintilianum
923 5171 1029 5232 ssocepti
1044 5169 1093 5219 mei
1104 5168 1147 5218 SO
1161 5192 1188 5219 -τ
1207 5167 1275 5282 34.Δο
1292 5165 1353 5230 spes]
1372 5177 1429 5279 opes
1445 5165 1506 5215 Τ-
1524 5163 1626 5228 [4444444
1642 5169 1665 5215 st
1675 5165 1706 5214 i’:

383 5297 501 5362 [44444444
519 5309 534 5346 o
550 5295 656 5347 TESO
675 5320 702 5331 -
721 5295 808 5348 manos
824 5293 911 5346 omli
926 5319 953 5330 —
973 5290 1014 5344 34.
1028 5287 1118 5356 otissa
1134 5290 1153 5340 T
1167 5317 1194 5328 -
1213 5299 1423 5352 prensarrncrrr
1439 5288 1467 5337 Ρ.
