4009 6159
407 574 491 644 lldd
744 582 896 648 ORATIO
917 584 996 648 PRO
1020 587 1056 648 T.
1077 585 1202 650 ANNIO
1224 585 1381 650 MILONE

405 751 550 814 manibus
581 752 685 815 scelus
716 760 749 816 et
780 751 902 816 lacinus
935 775 1011 838 prae
1043 775 1077 820 se
1108 755 1211 820 terens
1233 764 1265 819 et
1286 757 1439 820 confitens
1461 756 1501 818 ad
1524 755 1579 820 illa
1600 765 1737 840 augustav

405 846 616 908 centuriarum
644 848 787 929 auspicia
815 848 983 911 veniebat?
1017 849 1120 924 Quam
1133 840 1201 913 'hoc
1223 870 1287 912 non
1310 848 1461 916 credibile
1482 851 1514 912 in
1537 850 1613 914 hoel
1638 871 1731 934 quam

404 938 489 1001 idem
510 939 544 1001 in
559 939 670 1002 Clodio
692 961 756 1004 non
776 941 994 1016 dubitandum,
1009 963 1079 1006 oum
1096 944 1199 1006 seille
1214 943 1378 1007 interfecto
1394 944 1512 1007 Milone
1528 953 1731 1026 regnaturum

404 1033 548 1115 putaretl
578 1033 685 1108 Quidl
708 1034 795 1117 quod
817 1043 911 1118 caput
932 1044 996 1112 est,
1027 1036 1195 1111 audaciae,
1225 1038 1363 1111 iudices,
1393 1037 1465 1121 quis
1487 1038 1611 1120 ignorat
1631 1038 1732 1099 maxi·

380 1141 486 1188 emam
518 1124 698 1191 illecebram
728 1149 797 1190 esse
827 1130 980 1212 peccandi
1009 1130 1207 1213 impunitatis
1237 1135 1347 1214 spemt
1379 1131 1414 1192 ln
1445 1139 1515 1196 utro
1537 1133 1634 1214 igitur
1654 1132 1732 1195 haee

403 1219 486 1282 tutat
514 1222 548 1283 in
576 1222 712 1296 Milone,
742 1223 797 1306 qui
828 1223 921 1285 etiam
952 1244 1037 1286 nunc
1059 1244 1132 1286 reus
1155 1231 1203 1286 est
1223 1224 1299 1286 tacti
1321 1233 1375 1287 aut
1395 1224 1548 1308 praeclari
1572 1232 1625 1287 aut
1646 1233 1731 1287 certe

402 1315 590 1388 necessarii,
621 1335 661 1378 an
689 1317 722 1379 in
752 1315 881 1390 Clodio,
912 1318 967 1400 qui
998 1319 1043 1380 ita
1064 1314 1181 1380 iudicia
1202 1337 1402 1402 poenamque
1424 1325 1671 1401 contempserat,
1697 1326 1732 1382 ut

402 1426 474 1471 eum
507 1409 586 1472 nihil
619 1409 801 1483 delectaret,
834 1410 921 1493 quod
950 1418 1005 1473 aut
1034 1430 1091 1493 per
1118 1417 1263 1475 naturam
1291 1411 1338 1474 las
1365 1419 1449 1476 esset
1475 1421 1530 1477 aut
1557 1433 1615 1496 per
1644 1413 1730 1495 leges

402 1503 534 1565 licerctt

364 1611 392 1658 to
486 1592 537 1659 ll.
560 1596 623 1660 Sed
653 1598 728 1681 quid
759 1616 818 1679 eqo
848 1603 1071 1680 argumentari
1101 1600 1175 1683 quid
1198 1599 1289 1682 plura
1311 1599 1460 1683 disputoi
1489 1607 1536 1674 te,
1565 1601 1604 1676 Q.
1626 1600 1729 1673 Petili,

401 1689 545 1773 appello,
568 1691 723 1772 optimum
745 1699 778 1754 et
797 1691 1004 1755 fortissimum
1027 1693 1146 1778 clyem3
1169 1700 1215 1768 te,
1239 1694 1281 1756 Μ.
1298 1693 1391 1767 Cato,
1414 1702 1526 1769 testor,
1549 1695 1727 1776 quaemihi

401 1784 508 1846 divina
529 1783 684 1865 quaedam
705 1805 774 1846 sors
790 1784 878 1847 dedit
898 1786 1030 1849 iudices.
1066 1788 1130 1848 Vos
1146 1807 1186 1850 ex
1201 1789 1242 1850 Μ.
1258 1789 1397 1852 Favonio
1412 1788 1560 1862 audistis,
1583 1788 1728 1850 Clodium

401 1878 461 1940 sibi
490 1876 628 1954 dixisse,
657 1886 689 1941 et
717 1879 848 1942 audistis
874 1882 946 1943 vivo
976 1879 1106 1956 Clodio,
1136 1882 1308 1965 periturum
1330 1883 1479 1946 Milonem
1502 1882 1618 1946 triduo.
1655 1884 1729 1945 Post

402 1973 486 2036 diem
507 1974 633 2035 tertium
655 1980 742 2055 gesta
763 1993 815 2035 res
836 1981 884 2036 est
898 1995 991 2056 qnam
1009 1974 1141 2038 dixerat.
1174 1976 1251 2038 Cum
1273 1976 1327 2038 ille
1349 1996 1413 2038 non
1430 1977 1581 2038 dubitarit
1594 1978 1727 2060 aperire,

363 2065 479 2148 sequid
508 2065 676 2147 cogitaret,
705 2086 762 2129 vos
789 2069 922 2150 potestis
951 2067 1113 2142 dubitare,
1141 2069 1219 2153 quid
1250 2069 1381 2134 fecerit?
1431 2067 1726 2146 xvl1.t5.Quem

400 2158 440 2222 ad
462 2157 591 2222 modum
613 2161 709 2241 igitur
730 2182 803 2225 eum
824 2162 893 2224 dies
914 2183 978 2224 non
1000 2161 1136 2225 fefellit?
1168 2163 1241 2224 Dixi
1264 2163 1413 2246 equidem
1427 2165 1540 2226 mador
1562 2164 1726 2227 dictatoris

399 2254 554 2317 Lanuvini
576 2261 657 2317 stata
678 2255 831 2320 sacrificia
853 2276 947 2318 nosse
969 2258 1089 2339 negotii
1111 2257 1189 2319 nihil
1211 2265 1286 2320 erat.
1320 2257 1407 2320 vidit
1428 2278 1559 2321 necesse
1581 2277 1651 2321 esse
1667 2257 1727 2320 Mi·

398 2349 467 2412 loni
495 2348 650 2432 proficisci
674 2350 849 2413 Lanuvium
870 2351 926 2414 illo
950 2353 1039 2435 ipso,
1062 2372 1125 2434 quo
1149 2359 1198 2414 est
1218 2350 1396 2434 proiectus,
1419 2353 1487 2428 die;
1509 2353 1617 2434 itaque
1638 2359 1726 2414 ante-

398 2444 500 2508 vertit.
531 2445 573 2506 At
594 2462 658 2526 quo
682 2443 756 2506 diet
778 2464 861 2527 quo,
883 2455 918 2508 ut
939 2451 1012 2508 ante
1027 2445 1113 2519 dixi,
1135 2445 1195 2508 fuit
1212 2446 1413 2509 insanissima
1428 2448 1549 2520 contio,
1571 2446 1611 2508 al)
1625 2445 1725 2529 ipsius

362 2537 615 2602 aamercennario
630 2538 757 2600 tribuno
777 2538 820 2621 pl.
832 2540 1005 2602 concitata:
1030 2559 1125 2623 quem
1141 2539 1223 2601 diem
1247 2539 1312 2614 ille,
1328 2561 1423 2622 quarn
1439 2543 1626 2615 contionem,
1643 2560 1724 2622 quos

399 2631 569 2707 clamores,
591 2632 653 2694 nisi
674 2631 715 2694 ad
737 2633 907 2714 cogitatum
931 2633 1052 2697 facinus
1075 2642 1312 2716 approperaret,
1335 2655 1507 2718 numquam
1530 2634 1724 2719 reliquisset.

397 2727 479 2808 Ergo
501 2727 548 2788 illi
569 2747 610 2789 ne
633 2745 725 2789 causa
741 2725 870 2808 quidem
893 2726 1024 2801 itineris,
1041 2728 1137 2790 etlam
1153 2747 1247 2790 causa
1261 2727 1424 2790 manendi:
1446 2721 1722 2800 Milonilmanendi

397 2820 485 2884 nulla
498 2820 640 2894 facultas,
663 2820 800 2883 exeundi
820 2841 885 2883 non
901 2840 994 2884 cauea
1017 2821 1130 2895 solum,
1146 2821 1202 2884 sed
1219 2822 1313 2885 etiarn
1333 2822 1506 2884 necessitas
1522 2813 1595 2913 furt)
1615 2821 1723 2897 Quid‘l

397 2915 441 2988 si,
463 2921 498 2976 ut
517 2913 573 2976 ille
588 2913 680 2976 scivit
694 2914 842 2977 Milonem
863 2913 931 2977 fore
946 2934 985 2978 co
1002 2915 1053 2978 die
1068 2916 1101 2977 in
1116 2917 1176 2990 via,
1192 2917 1238 2978 sie
1254 2916 1399 2978 Clodium
1419 2915 1495 2978 Milo
1512 2936 1552 2979 ne
1568 2915 1724 2998 suspicari

359 3006 526 3090 sequidem
556 3007 684 3090 potuit‘l
727 3003 778 3068 lo.
800 3008 939 3070 Primum
961 3029 1096 3092 quaero,
1127 3009 1184 3093 qui
1208 3008 1240 3072 id
1263 3010 1343 3071 scire
1365 3009 1526 3093 potuerit?
1559 3008 1643 3091 quod
1665 3029 1721 3071 vos

397 3101 480 3165 idem
501 3103 535 3163 in
558 3101 667 3163 Clodio
691 3120 843 3184 quaerere
864 3122 929 3165 non
951 3103 1094 3185 potestis.
1131 3102 1171 3164 Ut
1192 3103 1276 3164 enim
1299 3103 1457 3164 neminem
1480 3101 1577 3166 alium
1599 3101 1662 3164 nisi
1685 3102 1720 3163 T.

267 3212 293 3302 J
396 3197 554 3269 Patinam,
575 3195 853 3278 familiarissimum
875 3216 986 3270 suum,
1009 3203 1168 3278 rogasset,
1191 3195 1271 3258 scire
1294 3195 1395 3277 potuit
1416 3195 1472 3257 illo
1494 3194 1565 3276 ipso
1587 3193 1639 3256 die
1660 3193 1722 3255 La-

395 3289 482 3351 nuvii
503 3309 521 3352 a
543 3287 696 3351 dictatore
717 3289 835 3353 Milone
856 3289 948 3372 prodi
970 3291 1127 3353 flaminem
1143 3309 1273 3352 necesse
1289 3308 1376 3362 esse3
1399 3288 1453 3350 sed
1469 3296 1559 3351 erant
1572 3286 1720 3371 permulti

395 3384 467 3458 alii,
495 3402 536 3445 ex
566 3382 681 3466 quibus
710 3380 742 3445 id
771 3381 921 3445 facillime
952 3384 1033 3445 scire
1058 3390 1176 3466 posset.
1219 3383 1295 3445 Milo
1320 3381 1359 3444 de
1383 3383 1486 3445 Clodii
1507 3381 1612 3445 reditu
1634 3379 1720 3443 unde

357 3496 386 3543 ao
396 3476 573 3561 quaesivit?
595 3475 775 3550 Quaesierit
789 3495 866 3537 sane
879 3508 921 3522 —
936 3476 1051 3549 videte,
1068 3475 1146 3559 quid
1161 3476 1252 3538 vobis
1275 3476 1391 3558 largiar
1405 3507 1457 3550 —,
1473 3495 1598 3538 serrum
1613 3476 1719 3550 etiam,

285 3565 296 3589 '
364 3597 371 3615 ¹
394 3576 430 3634 ut
452 3571 492 3646 Q.
513 3569 635 3644 Arrius,
659 3589 749 3632 meus
771 3569 907 3656 amicus,
930 3569 1028 3644 dixit,
1051 3569 1235 3651 corruperit.
1268 3569 1379 3651 Legite
1398 3569 1575 3631 testimonia
1589 3569 1718 3631 testium

261 3678 266 3687 “
358 3650 580 3733 lrestrorum.
622 3661 710 3725 Dixit
739 3661 773 3724 C.
796 3661 957 3726 Causinius
986 3661 1119 3736 Schola,
1158 3663 1370 3737 Interamnae,
1399 3661 1659 3725 familiarissimus
1686 3668 1719 3724 et

458 4013 482 4062 t.
500 4009 627 4061 comideu
642 4009 678 4067 C;
696 4006 739 4057 alii
755 4007 915 4071 conlidens—
936 4007 959 4058 3.
973 4021 1031 4058 cam
1046 4022 1071 4058 se
1086 4009 1127 4060 ille
1144 4007 1273 4060 Halmius:
1292 4009 1353 4070 qula
1368 4021 1394 4059 se
1408 4009 1449 4059 ille
1459 4008 1558 4069 TEW;
1578 4008 1621 4072 aa
1636 4010 1717 4060 reSO

393 4112 421 4124 -
434 4085 459 4138 t.
473 4084 554 4150 Quid?
570 4085 635 4146 quod
646 4109 682 4120 --
692 4083 848 4145 impunitatis
862 4095 929 4144 mern
940 4082 1017 4134 atiert
1032 4083 1112 4134 lulius
1124 4085 1282 4134 Severianus
1299 4097 1325 4148 p.
1337 4083 1384 4134 339
1402 4083 1445 4134 ed.
1459 4085 1541 4149 capp.
1556 4109 1584 4119 —
1603 4086 1716 4148 capudl'

394 4189 422 4201 -
432 4169 477 4225 eat,
489 4162 614 4212 manaae
625 4160 694 4210 Wex
704 4157 747 4220 (ad
758 4159 838 4209 Taciti
848 4160 934 4222 agric.
949 4171 972 4208 c.
983 4159 1029 4207 ⁴6:
1046 4159 1218 4220 comitantiae,
1238 4159 1254 4208 i.
1269 4158 1491 4221 apocatasticus,
1510 4159 1616 4220 mitiori:
1634 4160 1716 4208 auda-

390 4241 442 4290 tiae
456 4235 471 4290 ὅ
483 4239 518 4298 Τ;
536 4234 706 4287 astaudaclae
716 4233 883 4295 Severianus,
896 4233 956 4293 E0;
976 4233 1099 4284 audactae
1115 4237 1269 4298 suspectum
1281 4234 1399 4284 Ferraria
1417 4237 1445 4284 et
1461 4234 1600 4284 Garatonio
1617 4233 1715 4284 delerit

390 4313 545 4376 Madvigius.
553 4335 581 4345 -
600 4308 641 4358 to.
656 4307 726 4371 petili
742 4305 800 4357 TE:
818 4306 896 4356 Petilli
907 4308 927 4357 0
940 4331 967 4343 -
987 4309 1027 4358 ta.
1044 4310 1089 4359 Vos
1099 4323 1132 4358 ec
1142 4309 1178 4360 M.
1191 4309 1301 4358 Fauonio
1313 4335 1327 4346 ·
1336 4335 1350 4345 -
1362 4309 1422 4371 quid
1435 4309 1521 4373 [merit
1537 4309 1618 4360 hahet
1633 4308 1714 4360 lulius

390 4390 548 4440 Severianus
563 4399 590 4450 p.
609 4383 671 4443 333,
688 4382 735 4432 ubi
752 4382 980 4446 Capperonnerius
996 4386 1077 4445 negat
1092 4383 1163 4433 hunc
1179 4383 1267 4433 locum
1285 4385 1388 4434 exstare
1405 4383 1431 4433 in
1449 4381 1586 4435 Miloniana
1605 4384 1714 4434 Cicero-

391 4465 441 4514 nis.
458 4489 492 4499 -
509 4461 549 4511 43.
568 4459 651 4509 tridtw
667 4471 721 4508 om.
739 4459 906 4508 severianus.
926 4483 954 4494 -
974 4457 1014 4508 lt.
1033 4458 1238 4522 eamnseccra
1254 4459 1331 4508 aliert
1347 4457 1464 4509 isidorus
1481 4459 1566 4522 Oriqp.
1580 4460 1614 4518 11,
1633 4458 1674 4519 30,
1687 4457 1711 4507 9.

390 4538 553 4588 sententiam
569 4533 700 4598 expressit
710 4534 790 4582 etiam
806 4531 886 4583 lulius
896 4533 986 4582 Victor
995 4546 1022 4597 p.
1034 4533 1092 4594 223,
1104 4534 1178 4583 at-
1195 4533 1236 4582 ille
1247 4545 1300 4582 om.
1313 4532 1438 4583 Isidorus.
1454 4556 1481 4569 ·-
1499 4533 1619 4582 dalimra't
1630 4533 1713 4582 sere·

389 4614 496 4663 nanus:
514 4609 640 4660 dubitarat
649 4608 707 4667 TE3
726 4607 875 4657 dutdaoertt
890 4607 1016 4658 Isidorus.
1027 4633 1055 4644 -·
1070 4609 1111 4657 te.
1122 4608 1243 4672 copitaret
1254 4609 1283 4657 S:
1302 4608 1420 4672 capitam
1435 4607 1483 4657 ΤΕ
1501 4609 1528 4656 et
1539 4606 1711 4664 Severianus;

388 4687 534 4751 ooqitaverit
549 4685 677 4741 isidorum
697 4687 757 4733 esset
771 4684 885 4746 factata
900 4682 998 4731 Victor.
1011 4709 1038 4719 -
1058 4682 1097 4732 ⁴8.
1110 4687 1144 4732 est
1157 4682 1282 4745 profectas
1293 4683 1378 4733 Tus:
1394 4682 1520 4746 profectas
1535 4683 1601 4732 erto
1615 4707 1642 4718 ·-
1655 4685 1714 4731 aete

388 4763 456 4812 uenit
477 4761 498 4811 E
516 4786 543 4795 -
569 4760 609 4810 ta.
625 4758 657 4809 Aa
673 4758 905 4821 quo--cooas'tata
925 4757 1045 4808 habaid
1066 4783 1092 4793 -
1117 4758 1159 4808 30.
1177 4758 1348 4807 mercennario
1365 4759 1453 4809 TES:
1472 4757 1663 4808 mercenarioo
1683 4781 1711 4792 -·

388 4837 429 4888 22.
447 4834 564 4886 maedi
587 4833 648 4882 ante
670 4833 740 4882 nulla
760 4845 814 4882 om.
832 4833 852 4882 T
876 4857 903 4867 -
930 4832 971 4882 33.
989 4832 1097 4892 sacratas
1118 4831 1261 4883 delendum
1286 4836 1378 4884 censet
1397 4834 1501 4884 Belius.
1522 4859 1550 4870 —
1568 4833 1609 4882 25.
1627 4831 1671 4893 qui
1686 4831 1713 4880 id

389 4908 524 4962 llelmius:
542 4907 603 4968 auid
613 4907 674 4967 TE,
692 4907 735 4969 qne
745 4908 788 4957 80
803 4934 829 4943 -
849 4906 1044 4957 333433331-
1064 4907 1105 4957 38.
1117 4908 1190 4958 malit
1201 4909 1242 4958 l'S
1253 4933 1281 4944 -
1300 4909 1340 4958 29.
1356 4913 1438 4971 posset
1449 4907 1605 4959 Lambinus:
1620 4911 1710 4969 posset.

389 4997 472 5036 omues
486 4982 576 5033 redcat
585 4981 710 5031 Laaravlai
725 4981 820 5032 Taso
834 5007 861 5017 —
880 4981 920 5032 30.
939 4995 1038 5032 seuam
1054 4983 1130 5033 etiam
1145 4988 1173 5032 ut
1188 4983 1328 5045 corruperit
1337 4983 1427 5034 Arriae
1442 4983 1537 5033 ammas
1552 4995 1621 5032 meua
1631 4981 1713 5045 (cura

388 5072 458 5112 mma
472 5058 569 5108 anea
584 5055 644 5106 cod.
662 5057 773 5120 Monac.)
790 5055 934 5107 Diomedes
950 5070 977 5121 p.
997 5057 1054 5118 390,
1073 5056 1115 5107 38.
1136 5083 1162 5092 -
1184 5057 1224 5106 aa.
1242 5062 1296 5118 ata·
1314 5057 1400 5107 maius
1415 5058 1463 5108 TE
1483 5082 1510 5092 —
1530 5057 1570 5107 32.
1587 5055 1663 5106 Discit
1674 5081 1711 5092 --

387 5147 535 5186 maiman
550 5130 663 5183 habeta
677 5159 705 5169 -
723 5131 879 5182 damaim
892 5132 926 5196 (p.
940 5130 1009 5191 333
1027 5133 1054 5181 et
1069 5144 1096 5195 p.
1110 5130 1150 5194 33,
1164 5130 1220 5193 43)ι
1240 5130 1371 5181 damiatae
1386 5131 1487 5181 TECS
1502 5161 1528 5170 -
1546 5130 1629 5182 schola
1646 5129 1707 5180 GE:

387 5213 456 5263 aeota
471 5213 502 5273 83
519 5209 664 5275 coquom
678 5208 762 5258 aetola
777 5208 812 5268 Ti
830 5219 884 5258 om.
903 5209 924 5257 Α
942 5231 969 5242 -
987 5206 1145 5256 Interamnae
1160 5207 1298 5257 Graevius:
1317 5207 1506 5258 interamnenses
1522 5207 1572 5257 GE
1592 5204 1649 5270 (sed
1666 5205 1711 5254 hic

389 5285 487 5354 duplici
500 5286 537 5351 r);
552 5287 622 5351 peter
637 5295 762 5337 aenaeae
777 5283 808 5346 Ti
832 5282 981 5336 maaca
997 5283 1044 5334 SA
1064 5307 1091 5320 ·-
1109 5285 1133 5332 et
1147 5281 1212 5334 idere
1228 5280 1255 5332 in
1271 5277 1366 5332 lacuna
1382 5291 1438 5332 orn.
1455 5277 1534 5334 codd.
1552 5279 1666 5332 Asconii.
