4009 6159
362 547 445 620 tara
509 522 523 554 ‘¹
765 555 917 621 omno
938 504 1162 622 nrnlnrrca
1181 557 1253 621 xm

361 724 452 790 iecit:
484 725 683 803 exhauritur,
715 732 869 801 vasmtur,
901 727 1019 791 uritur:
1053 745 1161 791 omnes
1189 745 1292 810 aequo
1321 723 1427 790 animo
1454 723 1531 789 belli
1557 725 1679 809 patitur

363 819 510 895 iniurias,
540 818 613 884 dum
643 820 738 884 modo
766 819 898 906 repellat
926 820 1098 904 periculum
1127 821 1294 885 servitutis.
1338 816 1387 884 t0.
1409 821 1449 883 Et
1475 828 1512 884 ut
1535 822 1678 885 omittam

361 912 498 998 reliquas
520 922 626 998 partes
648 914 769 979 Galliae
790 948 833 960 —
853 934 926 978 nam
947 922 1023 978 sunt
1043 934 1153 979 omnes
1173 935 1266 998 pares
1285 948 1341 991 -,
1361 915 1503 979 Patavini
1523 914 1602 979 aiios
1622 935 1679 978 ex·

362 1006 540 1082 cluserunt,
579 1008 658 1072 alios
687 1009 847 1073 eiecerunt
875 1009 987 1074 missos
1020 1010 1060 1072 ab
1086 1010 1239 1073 Antonio:
1271 1009 1420 1093 pecunia,
1452 1009 1604 1073 militibus
1631 1016 1680 1082 et,

339 1101 448 1184 tquod
476 1102 611 1166 maxime
640 1102 761 1178 deerat,
791 1102 885 1166 armis
912 1112 1038 1167 nostros
1067 1105 1163 1168 duces
1190 1105 1384 1168 adiuverunt.
1419 1104 1575 1167 Fecerunt
1593 1102 1679 1166 idem

361 1195 495 1280 reliqui,
517 1196 572 1279 qui
596 1197 756 1281 quondam
777 1198 809 1260 in
833 1197 942 1261 eadem
965 1218 1060 1262 causa
1082 1205 1172 1261 erant
1191 1206 1224 1262 et
1244 1205 1374 1281 propter
1394 1197 1564 1260 multorum
1579 1216 1679 1259 anno·

362 1309 431 1353 rum
452 1291 581 1354 iniurias
603 1291 730 1356 alienati
749 1300 893 1355 asenam
915 1293 1119 1376 putabantur:
1142 1312 1224 1376 quos
1244 1293 1373 1356 minime
1394 1291 1506 1355 mirum
1521 1295 1579 1362 est,
1594 1309 1680 1352 corn·

362 1383 521 1446 municata
542 1405 612 1448 cum
634 1387 673 1450 iis
695 1406 730 1450 re
751 1385 896 1470 publica,
918 1385 1029 1448 fideles
1051 1406 1138 1461 esse,
1160 1388 1216 1471 qui
1232 1387 1326 1450 etiam
1341 1393 1486 1469 expertes
1501 1384 1570 1447 eius
1585 1381 1678 1446 fidem

362 1496 451 1540 suam
480 1498 604 1562 semper
632 1481 865 1563 praestiterunt.
907 1480 964 1542 His
995 1481 1090 1562 igitur
1118 1481 1264 1543 omnibus
1294 1482 1454 1544 victoriam
1480 1477 1678 1560 sperantibus

325 1573 448 1654 ropacis
470 1593 587 1638 nomen
608 1576 788 1649 afferemus,
810 1574 843 1638 id
865 1581 913 1638 est
934 1573 1184 1657 desperationem
1209 1574 1384 1638 victoriaci

445 1666 481 1728 V.
504 1661 554 1730 ii.
577 1668 684 1744 Quid‘t
713 1669 739 1732 si
770 1688 810 1730 ne
840 1676 944 1750 potest
966 1667 1094 1750 quidem
1117 1669 1180 1731 ulla
1202 1689 1273 1732 esse
1294 1671 1380 1752 pexi
1412 1667 1502 1742 Quae
1524 1666 1607 1728 enim
1629 1672 1678 1730 esi

363 1758 502 1823 conditio
524 1762 627 1843 pacis,
649 1763 681 1825 in
705 1782 769 1847 qua
791 1763 835 1836 ei,
859 1782 929 1824 cum
951 1782 1015 1844 quo
1035 1782 1143 1844 pacem
1166 1760 1280 1836 iacias,
1302 1761 1381 1825 nihii
1402 1749 1532 1825 concedi
1553 1763 1676 1840 potasti

362 1852 470 1916 Multis
499 1855 593 1918 rebus
622 1875 640 1918 a
667 1856 757 1920 nobis
786 1862 835 1918 est
862 1856 1010 1919 invitatus
1040 1855 1079 1918 ad
1109 1875 1219 1939 pacem
1239 1857 1408 1919 Antonius:
1434 1854 1553 1916 bellum
1573 1863 1678 1918 tamen

363 1945 484 2010 maluit.
520 1949 608 2012 Missi
629 1949 725 2031 legati
746 1955 941 2032 repugnante
963 1970 1029 2022 me,
1051 1949 1107 2013 sed
1128 1958 1235 2014 tamen
1256 1950 1360 2024 missi;
1391 1949 1494 2012 delata
1515 1948 1677 2011 mandata:

326 2057 429 2104 canon
450 2041 562 2123 paruit.
597 2044 821 2106 Denuntiatum
845 2049 893 2106 est
912 2063 953 2106 ne
973 2045 1105 2107 Brutum
1127 2044 1301 2119 obsideret,
1322 2044 1474 2106 aMutina
1488 2042 1678 2107 discederet:

364 2136 557 2216 oppugnavit
587 2137 681 2200 etiam
708 2136 934 2200 vehementius.
976 2137 1016 2199 Et
1042 2137 1082 2200 ad
1112 2157 1183 2200 eum
1205 2137 1324 2220 legatos
1346 2135 1386 2200 de
1407 2156 1485 2219 pace
1508 2136 1678 2225 mittemus,

364 2228 419 2310 qui
446 2229 531 2310 pacis
559 2230 687 2293 nuntios
718 2230 917 2314 repudiavit?
945 2231 1251 2295 verecundioremne
1273 2251 1377 2294 coram
1399 2239 1546 2313 putamus
1567 2233 1599 2295 in
1621 2253 1679 2314 po·
1750 2276 1754 2287 ·

363 2320 509 2384 stuiando
532 2320 615 2397 fore,
637 2343 731 2407 quam
752 2323 849 2386 inerit
870 2332 950 2399 tum,
973 2345 1045 2388 cum
1065 2326 1150 2389 misit
1169 2325 1315 2389 mandata
1333 2325 1372 2388 ad
1394 2328 1561 2388 senatum?
1583 2326 1678 2408 Atqui

364 2420 431 2478 tum
459 2433 497 2478 ea
524 2417 664 2498 petebat,
694 2436 777 2502 quae
798 2418 986 2482 videbantur
1015 2419 1158 2501 improba
1179 2419 1324 2494 omnino,
1354 2419 1410 2483 scd
1438 2428 1544 2482 tamen
1570 2419 1677 2502 aliquo

325 2508 457 2576 amodo
486 2527 581 2592 posse
610 2512 757 2588 coneedi;
784 2512 922 2576 nondum
946 2519 1013 2576 erat
1033 2513 1145 2576 vestris
1170 2521 1234 2577 tam
1255 2513 1402 2596 gravibus
1424 2520 1551 2595 nmque
1572 2513 1680 2577 multis

362 2602 488 2667 iudiciis
517 2604 762 2689 ignominiisque
791 2607 954 2670 concisus:
984 2625 1067 2669 nunc
1089 2625 1127 2668 ea
1148 2607 1242 2691 petit,
1272 2627 1354 2690 quae
1376 2607 1451 2670 dare
1472 2607 1561 2670 nulio
1584 2607 1679 2670 modo

361 2717 547 2783 possumus,
577 2699 638 2762 nisi
666 2701 753 2782 prius
780 2701 925 2764 volumus
952 2700 1037 2763 bello
1065 2719 1124 2762 nos
1146 2701 1245 2763 victos
1274 2700 1427 2763 confiteri.
1470 2696 1520 2763 ia.
1544 2702 1679 2764 Senatus

362 2793 506 2858 consulta
534 2792 613 2856 falsa
641 2791 746 2856 delata
771 2794 811 2856 ab
840 2813 877 2856 eo
900 2794 1126 2858 iudicavimus:
1154 2813 1231 2856 num
1253 2814 1291 2856 ea
1312 2815 1386 2858 vcra
1408 2815 1575 2877 possumus
1596 2796 1680 2860 iudi-

362 2889 457 2951 caret
486 2885 586 2969 Leges
615 2887 780 2951 statuimus
807 2909 863 2972 per
885 2889 947 2952 vim
969 2897 1001 2952 et
1028 2896 1137 2950 contra
1159 2888 1299 2972 auspicia
1319 2888 1398 2952 latas
1419 2890 1522 2973 iisque
1543 2909 1602 2953 nec
1622 2912 1679 2974 po·

319 3000 352 3061 ,st
361 2981 469 3066 pulum
498 3001 557 3044 nec
587 2982 711 3065 plebem
733 2984 850 3046 teneri:
878 3003 954 3044 num
975 3001 1028 3045 cas
1051 2982 1173 3044 restitui
1194 3002 1289 3065 posse
1311 2983 1468 3046 censetis?
1496 2985 1679 3048 Sestertium

361 3076 501 3158 septiens
523 3075 650 3140 miliens
673 3077 822 3140 avertisse
836 3078 1007 3140 Antonium
1030 3077 1183 3159 pecuniae
1204 3076 1349 3156 publicae
1371 3077 1581 3140 iudicavistis:
1604 3097 1678 3142 num

359 3169 469 3234 fraude
489 3171 606 3253 poterit
626 3190 732 3233 carere
754 3169 940 3252 peculatus?
964 3171 1179 3233 immunitates
1201 3169 1241 3232 ab
1263 3190 1301 3233 co
1318 3170 1511 3245 civitatibus,
1534 3171 1678 3234 sacerdo-

360 3265 418 3338 tia,
441 3283 536 3346 regna
557 3265 739 3328 venierunt:
762 3285 836 3328 num
859 3261 994 3346 figentur
1015 3283 1122 3326 rursus
1138 3282 1192 3325 eae
1214 3263 1353 3339 tabulae,
1378 3285 1457 3348 quas
1472 3286 1528 3328 vos
1543 3267 1678 3330 decretis

359 3359 471 3421 vestris
504 3349 692 3420 refixistis‘l'
716 3360 768 3422 VI.
798 3358 892 3434 Quod
922 3357 948 3419 si
979 3377 1033 3431 ea,
1068 3376 1150 3440 quae
1178 3357 1390 3433 decrevimus,
1423 3360 1571 3434 obruere,
1603 3382 1679 3424 num

321 3452 456 3518 uetiam
479 3452 662 3515 memoriam
683 3471 788 3514 rerum
810 3453 916 3514 delere
939 3453 1128 3533 possumus?
1151 3452 1278 3534 quando
1297 3455 1381 3516 enim
1396 3453 1599 3517 obliviscetur
1612 3455 1678 3517 ulia

358 3546 542 3629 posteritas,
574 3546 661 3609 cuius
691 3546 809 3608 scelere
838 3547 872 3608 iu
893 3546 952 3609 hac
974 3545 1106 3608 vestitus
1127 3545 1278 3609 foeditate
1300 3547 1475 3610 fuerimus?
1503 3549 1542 3612 Ut
1570 3556 1679 3611 centu-

359 3639 483 3704 rionum
513 3638 647 3722 legionis
678 3639 807 3706 Martiae
835 3639 996 3704 Brundisii
1026 3636 1175 3723 profusus
1197 3641 1324 3725 sanguis
1346 3642 1484 3717 eluatur,
1515 3662 1592 3705 num
1612 3642 1679 3706 elui

424 3901 449 3951 i.
467 3899 540 3950 obicit
556 3912 570 3950 a
588 3924 616 3936 -
636 3901 715 3950 moab
730 3899 769 3949 Di
795 3899 831 3964 (in
847 3899 870 3961 i,
889 3912 942 3950 non
958 3900 1022 3951 item
1040 3901 1066 3951 in
1082 3902 1120 3964 D,
1138 3900 1291 3952 distinctum
1309 3904 1364 3952 est:
1381 3902 1466 3952 umor
1482 3903 1592 3964 cenaui:
1619 3905 1680 3966 post

359 3976 438 4027 monis
453 3977 480 4027 in
498 3979 509 4026 t
524 3975 638 4040 spatium
655 3987 770 4026 vacuum
787 3975 865 4026 unius
881 3987 941 4026 voc.
960 3979 1008 4026 est
1024 4004 1050 4014 -
1066 3977 1180 4040 partitur
1196 3990 1252 4040 g-
1271 3979 1295 4028 2.
1308 3978 1416 4027 iniurius
1431 3977 1530 4042 aliquot
1546 3976 1604 4028 iibri
1615 3979 1680 4028 Fer-

360 4051 437 4102 rarii:
456 4051 578 4101 ioiuriam
594 4051 633 4100 Di
651 4077 678 4086 -
697 4051 722 4100 3.
740 4063 823 4100 oroma
836 4055 922 4113 portes
935 4052 1053 4114 pmauioi
1069 4056 1080 4102 t
1097 4078 1124 4088 -
1148 4052 1173 4104 i.
1191 4053 1316 4116 elegeram
1332 4055 1344 4102 t
1360 4079 1386 4089 -
1406 4055 1431 4102 6,
1449 4067 1574 4102 canoram
1586 4054 1680 4103 Μο-

358 4140 493 4192 nang—
513 4127 537 4177 8.
556 4127 587 4177 iis
609 4139 673 4176 nos:
700 4126 767 4185 ist;
794 4125 831 4174 iis
853 4124 1014 4189 abgiO-
1039 4128 1188 4192 fldsiist-
1208 4128 1298 4177 essai:
1326 4127 1678 4190 om.D-quiiomb-

359 4205 383 4254 9.
402 4203 566 4267 spectantibus
581 4203 707 4256 Muretus.
728 4227 754 4238 -
780 4201 820 4252 40.
838 4202 977 4264 adferentes
993 4215 1009 4252 a
1027 4228 1053 4238 -
1080 4205 1120 4253 it.
1138 4215 1170 4252 as
1184 4201 1217 4252 b:
1239 4215 1290 4253 nos
1307 4203 1382 4266 agti
1401 4228 1426 4240 -
1453 4208 1488 4253 cst
1502 4202 1612 4253 condida
1629 4206 1678 4262 at:

358 4281 465 4332 considio
481 4285 516 4330 est
533 4293 549 4343 g
567 4304 593 4314 -
613 4277 653 4328 ta.
671 4277 734 4342 (ocis
750 4278 758 4326 i
777 4303 804 4312 -
823 4276 864 4327 43.
882 4281 917 4328 sat
933 4276 966 4328 b:
985 4290 1038 4328 orn.
1057 4280 1131 4341 agt;
1150 4277 1208 4329 tort.
1226 4278 1345 4328 tacitast
1360 4278 1506 4342 (adpoccm
1521 4284 1557 4328 est
1572 4278 1642 4329 iacit
1660 4279 1680 4340 i)

360 4381 388 4393 -
408 4354 446 4406 ii.
464 4356 545 4405 ualuit
562 4368 577 4405 a
593 4379 620 4388 —
640 4352 680 4403 to.
699 4351 852 4415 obpupaouit
869 4355 904 4402 at
923 4379 949 4390 —
969 4352 1010 4402 ts.
1027 4366 1084 4402 mem
1100 4355 1110 4402 i
1127 4379 1155 4392 ·-
1175 4366 1206 4403 cc
1222 4366 1304 4403 om.a
1323 4380 1351 4391 -
1368 4353 1515 4403 videbantur
1531 4365 1583 4402 om.
1603 4354 1679 4402 at-

358 4430 399 4480 20.
418 4429 538 4493 arcubus
554 4429 590 4491 b¹‚
609 4431 638 4478 ut
655 4429 723 4479 coni.
742 4429 873 4480 Muretus:
891 4430 1047 4493 prouusimis
1063 4430 1080 4478 b
1099 4441 1179 4489 corn,
1197 4428 1310 4490 agtio.
1334 4429 1395 4478 Loci
1412 4440 1479 4492 quos
1496 4425 1580 4477 attulit
1597 4429 1681 4477 Grae-

358 4504 417 4554 vius
435 4517 467 4554 ex
485 4494 537 4555 Cic.
557 4503 627 4555 Laei.
646 4504 661 4568 ἓ
678 4503 710 4555 86
728 4503 805 4554 etde
823 4505 886 4554 iinn.
905 4505 923 4554 b
942 4507 968 4555 et
984 4518 1020 4554 m.
1039 4507 1074 4566 11,
1093 4503 1108 4568 fi
1126 4503 1170 4561 93,
1190 4501 1290 4552 dudum
1308 4516 1340 4552 en
1358 4500 1512 4552 melioribus
1529 4499 1601 4552 libris
1618 4514 1681 4552 cor·

359 4578 425 4628 recti
442 4581 517 4639 sunt,
540 4577 604 4630 iliud
628 4583 717 4629 autem
734 4579 813 4629 Taciti
837 4581 861 4629 in
879 4583 946 4630 Anu.
965 4582 990 4640 i,
1011 4581 1043 4630 53
1060 4593 1104 4630 aec
1120 4579 1173 4627 olio
1189 4583 1241 4628 tam
1257 4578 1346 4627 intima
1364 4578 1457 4627 Tiberio
1473 4590 1552 4626 causo
1569 4591 1621 4628 non
1639 4579 1681 4628 est

359 4653 454 4704 simile.
482 4653 606 4719 Exempla
630 4657 729 4705 Graeca
752 4647 827 4706 cairo>
849 4667 910 4706 cum
927 4654 1085 4719 superlativo
1109 4655 1188 4704 iuncti
1206 4654 1338 4717 congessit
1353 4654 1500 4704 Lobeckius
1516 4652 1550 4702 ad
1567 4654 1680 4715 Phryni-

359 4730 439 4780 cbum
457 4743 483 4795 p.
502 4730 558 4781 lli.
571 4757 604 4768 -
621 4732 662 4780 at.
680 4732 815 4780 conscissas
832 4730 892 4781 cod.
910 4731 990 4792 Lang.
1007 4757 1032 4765 -
1052 4731 1092 4779 22.
1111 4729 1170 4779 bello
1187 4742 1232 4778 cos
1248 4730 1284 4780 D:
1302 4744 1347 4779 sos
1363 4730 1422 4779 betto
1439 4729 1475 4778 i0
1493 4752 1519 4762 -
1538 4741 1589 4777 rea.
1601 4730 1678 4794 coss]

359 4807 386 4856 Si
402 4808 413 4855 t
431 4832 457 4842 -
477 4806 517 4856 23.
537 4807 562 4857 in
579 4805 671 4857 litteris
688 4820 772 4856 sumas
789 4807 901 4856 iudicare
918 4807 986 4855 redit
998 4805 1019 4852 V
1031 4804 1073 4856 iol.
1087 4806 1138 4865 Ἧι,
1157 4803 1206 4854 col.
1220 4805 1248 4864 ³,
1267 4818 1291 4853 v.
1305 4805 1336 4854 30
1348 4805 1461 4860 codicis:
1480 4817 1506 4853 v.
1519 4804 1552 4854 ad
1565 4817 1591 4868 p.
1605 4804 1677 4866 4360,

360 4881 400 4931 43.
416 4907 443 4917 -
462 4881 503 4932 ii.
521 4881 605 4940 lisque
621 4881 689 4943 abg
707 4907 733 4916 -
753 4883 794 4931 26.
812 4883 915 4942 septiens
931 4881 1026 4930 criticos
1043 4883 1066 4929 t:
1085 4881 1170 4941 septies
1185 4880 1264 4929 miiics
1281 4880 1375 4939 (millies
1385 4880 1413 4942 0)
1426 4878 1552 4942 VabgO
1566 4906 1592 4916 -
1609 4881 1679 4942 Ant]

359 4956 471 5006 ocimum
487 4958 498 5005 t
515 4981 542 4991 —
561 4955 712 5005 iudicabistis
724 4957 744 5006 V
758 4983 785 4992 -
803 4957 844 5005 li.
858 4957 1016 5005 inmunitates
1027 4954 1049 5003 V
1059 4968 1075 5016 g
1087 4980 1114 4990 -
1133 4954 1275 5004 ciuitatibus
1287 4955 1321 5003 V:
1341 4955 1453 5004 ciuitates
1468 4955 1520 5004 D0
1535 4978 1561 4989 ·-
1580 4954 1620 5004 28.
1633 4968 1679 5004 ue·

358 5037 449 5080 aarum
466 5032 490 5088 t;
508 5031 610 5080 uendite
625 5035 680 5078 suot
692 5029 723 5090 b,
742 5031 790 5080 sed
807 5033 861 5080 dito
876 5036 933 5080 sunt
950 5032 975 5080 in
993 5043 1093 5080 rasura.
1109 5058 1136 5066 —
1152 5032 1245 5093 matur
1261 5044 1275 5079 a
1294 5056 1321 5066 -
1339 5044 1428 5080 rursus
1444 5043 1497 5080 om.
1511 5032 1522 5080 t
1541 5057 1566 5067 -
1585 5030 1628 5080 tec
1643 5029 1676 5090 b:

358 5105 405 5155 itae
422 5118 438 5168 g
457 5131 482 5140 -
502 5105 542 5155 29.
561 5106 695 5168 resaisistis
712 5118 727 5154 a
747 5133 774 5143 -
794 5119 857 5168 quac
874 5107 1006 5156 deleuimos
1022 5108 1033 5154 t
1052 5131 1078 5142 -
1097 5105 1253 5155 obruerem:
1273 5106 1376 5156 obrucre
1390 5103 1506 5154 uolumus
1517 5105 1637 5167 (soltanus
1648 5104 1677 5167 b)

359 5181 393 5230 V²
409 5183 453 5244 (m.
471 5181 495 5244 ἰ)
513 5183 541 5231 et
555 5183 577 5232 D
592 5208 619 5216 -
637 5194 697 5231 oum
713 5181 766 5231 iam
781 5180 799 5230 b
813 5208 839 5217 -
859 5181 899 5233 30.
913 5183 986 5244 enim]
1002 5194 1063 5231 uero
1080 5183 1089 5230 i
1109 5207 1135 5215 —
1154 5180 1196 5231 32.
1214 5180 1320 5245 legiones
1335 5183 1345 5231 t
1357 5207 1384 5216 -
1403 5179 1514 5230 brundisi
1524 5179 1546 5228 V
1558 5205 1585 5213 -
1604 5179 1677 5228 duu-

360 5255 471 5307 torah:
492 5257 605 5308 emetur
622 5256 656 5317 V;
674 5255 817 5321 eluiturgt
834 5283 860 5293 —-
881 5257 981 5310 ciuiV:
1001 5257 1081 5328 quit,
1100 5255 1243 5320 eiusabg.
