4009 6159
665 584 739 652 444.
761 586 1040 651 xmo-xxiv.
1069 584 1114 670 44
1136 584 1289 652 444-44.
1554 577 1631 646 4444

314 756 395 832 lum,
423 755 480 820 441
508 755 604 819 etiam
628 757 751 820 senatui
772 754 945 830 commisit,
972 775 1078 840 nequo
1100 755 1224 820 senatui
1246 756 1358 830 modo,
1387 756 1443 820 sed
1465 757 1559 820 etiam
1578 775 1639 839 pu·

313 850 406 914 blicis
428 848 595 932 praesidiis
616 855 649 912 et
670 849 780 923 armis,
802 868 908 933 neque
928 850 978 913 1444
999 857 1131 925 tantum,
1153 869 1262 914 rerum
1280 851 1372 914 etiam
1388 851 1457 914 4444
1478 848 1637 931 potestati,

315 944 367 1007 444
386 949 516 1007 4444444
538 948 635 1006 totam
658 962 722 1006 rem
745 942 923 1026 publicam,
952 963 1076 1008 omnem
1099 943 1207 1007 ltaliae
1228 943 1362 1025 pubem,
1395 949 1507 1008 cuncta
1528 942 1638 1027 populi

315 1037 448 1101 Romani
468 1055 556 1100 arma
577 1035 795 1100 commiserat:
818 1035 870 1100 444
892 1057 1064 1121 numquam
1086 1057 1120 1100 44
1142 1037 1194 1100 bic
1208 1037 1349 1119 prolecto
1364 1037 1555 1112 tradidisset,
1577 1036 1638 1100 nisi

314 1151 430 1196 444444
461 1148 538 1194 4444
571 1129 762 1204 confideret,
795 1131 978 1212 praesertim
1012 1132 1117 1195 omnia
1143 1131 1301 1206 audienti,
1333 1151 1447 1214 magna
1474 1129 1662 1204 4444444144

315 1224 415 1290 multa
442 1223 633 1308 suspicanti,
654 1242 721 1286 non
742 1223 830 1287 nulla
851 1223 1001 1286 credenti.
1037 1225 1150 1307 Magna
1170 1225 1218 1288 444
1239 1232 1288 1288 444
1309 1224 1534 1300 conscientiae,
1555 1222 1639 1287 iodi-

315 1339 384 1394 ces,
413 1326 446 1382 et
473 1336 588 1400 magna
613 1317 647 1381 44
677 1325 844 1400 utramque
873 1328 1010 1402 partem,
1036 1324 1073 1381 44
1100 1337 1205 1401 neque
1224 1319 1356 1382 timeant
1377 1318 1432 1402 qni
1453 1317 1533 1382 nibil
1555 1337 1639 1381 com·

315 1412 474 1486 miserint,
506 1417 538 1473 et
564 1427 699 1493 poenam
726 1430 851 1494 semper
876 1417 949 1476 ante
979 1411 1088 1475 oculos
1115 1410 1233 1474 versari
1260 1417 1372 1495 putent
1392 1413 1447 1494 qni
1467 1412 1638 1494 peccarint.

316 1503 368 1570 62.
389 1507 502 1589 Neque
529 1523 605 1566 4444
634 1501 703 1566 4444
732 1502 855 1568 4444444
878 1511 963 1568 certa
983 1523 1080 1568 44444
1101 1504 1226 1568 Milonis
1249 1524 1412 1587 sempera
1435 1512 1545 1570 senatu
1565 1524 1640 1588 pro·

316 1600 389 1664 bata
410 1594 469 1664 444.
502 1596 664 1661 -Videbant
684 1597 768 1659 euim
790 1597 1017 1680 sapientissimi
1037 1597 1182 1662 homines
1203 1597 1278 1661 14444
1299 1597 1468 1673 rationem,
1491 1617 1640 1681 praesen·
1649 1610 1677 1656 44

255 1766 259 1774 K
317 1695 395 1760 tiam
415 1691 530 1767 animi,
552 1690 747 1754 defensionis
762 1691 982 1754 constantiam
1002 1692 1052 1753 14
1067 1711 1142 1756 vero
1156 1691 1245 1755 obliti
1258 1692 1346 1766 estis,
1367 1691 1500 1767 4414444,
1520 1691 1639 1755 4444444

215 1797 218 1799 ’
318 1789 375 1853 4114
404 1785 517 1850 444444
543 1784 631 1848 necis
654 1783 824 1848 Clodianae
851 1803 915 1848 non
937 1784 1033 1848 modo
1055 1785 1255 1848 inimicorum
1275 1785 1405 1850 Milonis
1425 1805 1588 1849 444444444
1610 1791 1641 1848 44

319 1881 501 1968 opiniones,
530 1877 587 1942 sed
614 1897 679 1942 non
709 1878 869 1943 nullorum
896 1877 992 1944 etiam
1020 1880 1262 1960 imperitarunt
1305 1875 1540 1962 (43.1444414444
1568 1898 1640 1943 oum

318 1977 449 2040 Romam
470 1991 543 2038 etse
563 1971 750 2036 rediturum.
785 1971 860 2036 Sive
882 1973 965 2036 enim
987 1972 1067 2035 illud
1088 1973 1195 2036 animo
1217 1973 1298 2037 irato
1316 1991 1353 2036 ac
1370 1974 1490 2057 percito
1502 1971 1641 2046 14444444,

318 2078 355 2134 ot
381 2069 530 2136 incensas
557 2066 632 2132 4144
659 2066 833 2130 trucidaret
852 2065 1032 2140 inimicum,
1060 2065 1291 2130 arbitrabantur
1312 2086 1384 2131 eum
1405 2067 1486 2130 tanti
1508 2073 1679 2130 4444444444

318 2164 352 2228 P.
374 2161 477 2228 Clodii
498 2167 641 2248 potasse,
662 2166 698 2222 ut
719 2177 823 2241 aequo
845 2159 952 2222 ammo
972 2159 1075 2241 patria
1096 2168 1234 2235 careret,
1255 2180 1328 2225 cum
1346 2160 1501 2244 sangnine
1521 2158 1641 2224 inimici

318 2255 480 2340 explesset
500 2254 611 2318 odinrn
632 2271 742 2327 sunm;
763 2251 831 2316 4444
853 2251 947 2315 etiam
965 2251 1054 2315 illins
1068 2258 1168 2316 morte
1183 2253 1317 2335 patriam
1330 2253 1465 2318 liberare
1479 2253 1641 2328 voluisset,

318 2369 384 2415 uon
406 2349 622 2414 dnbitttnrum
643 2346 758 2410 1444444
780 2345 884 2408 virum
905 2345 1000 2428 qnin,
1024 2363 1094 2409 4444
1116 2365 1174 2409 suo
1196 2347 1339 2430 periculo
1360 2348 1495 2412 salntem
1521 2347 1649 2430 populo'

319 2445 463 2508 14444444
485 2441 655 2513 attulisset,
674 2437 802 2502 cederet
823 2457 927 2521 aequo
941 2439 1046 2503 animo
1068 2439 1203 2522 legibus,
1225 2460 1332 2505 secum
1352 2441 1491 2506 44144444
1510 2441 1644 2525 gloriam

319 2536 561 2620 sempiternam,
582 2533 675 2600 nobis
695 2533 775 2596 baec
796 2530 929 2596 fruenda
950 2533 1154 2616 relinqueret,
1175 2554 1257 2618 quae
1272 2534 1342 2618 ipse
1356 2542 1522 2600 servasset.
1552 2533 1680 2598 11414444

320 2632 416 2696 etiam
439 2629 605 2695 Catilinam
634 2634 729 2712 atque
756 2625 812 2690 illa
838 2633 985 2708 portame
1007 2625 1235 2708 loquebantur:
1271 2637 1450 2711 «erumpet,
1478 2628 1645 2711 occupabit

321 2724 465 2809 aliquem
493 2723 614 2795 locum,
644 2720 762 2786 bellum
783 2722 905 2802 patriae
924 2718 1046 2783 1444444
1088 2721 1221 2784 11444444
1241 2721 1399 2785 interdum
1421 2724 1505 2786 44444
1526 2723 1645 2805 optime

322 2821 362 2883 de
383 2837 418 2882 44
439 2816 562 2902 publica
585 2814 731 2880 meritust
754 2813 786 2878 in
808 2812 926 2898 quibos
946 2813 1090 2878 bomines
1111 2835 1175 2878 non
1196 2814 1359 2879 moderes
1380 2815 1645 2899 praeclarissimas

322 2912 568 2985 obliviscuntur,
590 2909 647 2974 sed
668 2907 764 2972 etiam
784 2904 921 2970 44144444
942 2907 1151 2990 suspicantur.
1184 2904 1234 2970 64.
1249 2910 1332 2991 Ergo
1345 2909 1400 2973 illa
1416 2908 1645 2983 141441444444,

322 3025 406 3092 qnae
427 3013 513 3072 44444
535 3022 610 3068 4444
631 3000 831 3074 exsfib'ssent,
853 2998 881 3062 si
896 2998 974 3064 11414
988 3001 1169 3066 admisisset
1188 3001 1321 3085 aliquid,
1343 3001 1430 3086 quod
1451 3021 1518 3066 non
1538 3008 1682 3086 possetae

319 3101 454 3166 14444444
475 3116 615 3181 vereque
637 3094 817 3160 defendere.

404 3192 520 3258 xxiv.
542 3189 649 3266 Quidt
681 3209 763 3273 qnae
791 3194 902 3272 postea
929 3195 1004 3254 sunt
1031 3188 1064 3252 44
1092 3207 1165 3254 eum
1194 3197 1359 3273 congesta,
1392 3210 1475 3273 quae
1502 3192 1646 3276 44444444

319 3288 417 3355 etiam
445 3285 654 3352 mediocrium
675 3282 861 3348 delictorum
883 3283 1079 3348 conscientia
1099 3282 1326 3365 perculissent,
1356 3290 1394 3347 ut
1420 3285 1584 3350 4444444444
1613 3288 1646 3350 14

320 3378 530 3447 immortalesl
559 3377 732 3443 4444444444
762 3377 859 3440 immo
881 3395 957 3440 4444
980 3383 1016 3440 44
1036 3376 1226 3459 contempsit
1246 3395 1284 3439 44
1304 3396 1362 3458 pro
1385 3375 1487 3441 nibilo
1501 3381 1646 3462 putarit!

320 3495 404 3560 qnae
425 3491 532 3556 neque
553 3471 692 3536 maximo
714 3470 821 3534 animo
842 3489 978 3545 nocens,
1000 3489 1107 3556 neque
1121 3470 1285 3545 44444444,
1306 3470 1370 3534 nisi
1383 3469 1574 3537 fortissimus
1589 3475 1684 3548 44444

321 3569 483 3652 negligere
510 3563 676 3650 potuisset.
717 3563 901 3637 Scotorum,
931 3563 1124 3647 gladiorum,
1147 3564 1308 3628 frenorum
1329 3564 1531 3650 pilorumque
1552 3565 1647 3630 etiam

322 3660 493 3728 multitudo
515 3657 710 3742 deprehendi
732 3676 828 3739 posse
850 3656 1064 3732 indicabatur;
1086 3656 1207 3722 nullum
1228 3657 1263 3720 in
1283 3658 1362 3722 urbe
1383 3659 1502 3734 444444,
1524 3660 1647 3724 nullom

321 3756 524 3840 angiportum
551 3771 623 3816 4444
653 3749 817 3824 dicebant,
845 3751 880 3815 44
906 3771 972 3834 qno
998 3751 1110 3814 1144444
1137 3769 1201 3814 444
1229 3751 1385 3814 conducta
1412 3759 1498 3816 esset
1518 3751 1647 3829 domns3

321 3869 409 3916 arma
436 3848 472 3914 iu
497 3845 605 3912 villam
628 3844 849 3910 Ocriculanam
870 3843 1001 3910 1444444
1022 3836 1145 3919 1414414,
1176 3841 1289 3908 domus
1310 3845 1344 3907 44
1366 3845 1448 3908 44444
1471 3844 1647 3930 Capitolino

322 3943 421 4010 emtis
441 3939 573 4014 referta,
594 3938 690 4021 plena
704 3938 809 4004 omnia
825 3937 1045 4002 malleolorum
1057 3937 1099 4001 ad
1113 3936 1200 4000 urbis
1215 3937 1363 4000 incendia
1377 3946 1630 4019 comparatorum
1640 3961 1648 4003 ε
1657 3957 1686 4003 ar

320 4037 400 4102 baec
421 4053 488 4098 non
509 4031 614 4096 delata
635 4032 758 4107 solnm,
780 4031 837 4096 sed
851 4051 953 4116 paene
968 4030 1099 4106 credita,
1121 4050 1180 4093 neo
1195 4037 1267 4093 4444
1282 4029 1450 4114 repudiata
1465 4039 1540 4095 sunt
1553 4052 1648 4116 qnam
1782 4087 1787 4096 .

322 4130 475 4216 quaedta
519 4122 570 4189 415.
592 4124 774 4190 Laudabam
796 4124 945 4210 equidem
965 4121 1184 4190 incredibilem
1206 4123 1404 4207 diligentiam
1425 4123 1481 4188 Cn.
1496 4125 1648 4210 Pompeii,

388 4377 719 4434 444444144444444441-
745 4376 1019 4428 4444444444-
1044 4375 1647 4440 4.444’(4.4.44444)ΤΕ-44.444444444.

321 4452 819 4508 Ε-44.44414“4444441.44444444-
841 4451 1126 4515 4144444444444-
1149 4449 1647 4516 4444414444148444181444444.

319 4523 1650 4596 44444444-44.44444]444441“-48.,4.4.ΤΕ;4·4444.44444448;4444444444440-49.4444-

322 4607 390 4660 deret
405 4605 426 4658 Ε
439 4630 466 4642 -
485 4601 579 4668 4444444
596 4599 740 4653 delendum
757 4604 869 4654 censent
884 4601 1021 4654 Emestiue
1033 4603 1060 4654 et
1072 4600 1223 4652 wunnerus
1235 4612 1261 4664 p.
1274 4599 1396 4650 mxlv
1406 4612 1465 4664 sqq.
1481 4627 1508 4640 -
1527 4603 1568 4653 20.
1580 4603 1650 4654 44444

322 4681 441 4734 4444-
463 4677 651 4743 4444444-
673 4677 931 4739 4444444444-
956 4676 1205 4740 4444444444-
1229 4675 1650 4729 numerusnumer-

323 4753 649 4817 neom-peruuart
665 4752 686 4802 Ε
701 4776 729 4786 -
748 4751 784 4801 art
800 4752 946 4804 TESO-
964 4752 1005 4802 aa.
1021 4765 1081 4802 4444
1097 4750 1124 4800 44
1141 4751 1161 4800 E
1178 4761 1312 4814 superscr.
1331 4753 1380 4801 est.
1400 4775 1427 4790 -
1447 4753 1600 4815 4411444443
1619 4779 1646 4792 -

325 4857 353 4868 -
374 4827 642 4892 4444444444-
664 4825 1208 4890 commonuissemus:
1232 4823 1649 4893 gbdmnmptlcmtremm

324 4900 1480 4970 s;auoom,1÷pn0nnr,1sparmpsmpuo;9uomsrupnm‚
1505 4905 1647 4966 uum,

322 4990 457 5042 4444444444
468 4977 629 5042 ptumum
641 4987 711 5027 4444
723 4987 738 5025 4
750 4973 829 5026 codd.
842 4975 960 5034 Oronn.;
977 4974 1298 5048 4444444444114444444444
1308 4976 1467 5041 4444444444
1477 4979 1647 5040 Garatonins3

323 5053 480 5120 gtodtomr,
495 5049 877 5118 [sumptumque
892 5047 1015 5102 [11444444.
1035 5076 1062 5086 -
1081 5049 1123 5102 31.
1140 5046 1259 5117 deridendo·
1274 5050 1303 5113 Τ,
1320 5048 1409 5117 deinde·
1425 5053 1486 5105 E·
1504 5051 1546 5104 33.
1563 5053 1650 5104 44444444

323 5124 1515 5187 4444444444444444;4444444444444444444441;1144444444444444444448οα
1534 5126 1650 5178 duetus

324 5201 565 5258 4414444444-
590 5197 1234 5266 4444441-41444444--44444444111444444.-
1260 5199 1650 5264 34444444-444444444

325 5273 1035 5340 ’1-44..44.441.Τ,4444444144.-Μ44Ε.
