4009 6159
421 564 484 632 834
706 564 857 630 orario
880 562 964 630 CUbl
986 561 1353 628 subaurationibus
1375 562 1472 628 EGl'l'

420 737 525 802 blicac
547 743 631 801 esset
652 741 789 821 ereptus.
832 735 872 800 Ut
892 754 968 800 vero
990 733 1063 799 iniit
1084 734 1316 817 magistratum,
1345 752 1410 796 non
1432 731 1551 812 dicam,
1581 732 1661 819 quid
1682 733 1749 818 egit

421 833 526 917 prius,
559 831 615 895 sed
645 829 722 915 quid
751 829 881 893 omnino
910 829 975 911 egit
1003 826 1089 892 aliud
1117 827 1179 892 nisi
1209 833 1245 891 ut
1275 847 1325 890 mo
1347 834 1533 891 conservato
1555 835 1693 894 vestram
1713 828 1748 893 in

421 935 583 1009 posterum
605 924 790 1008 dignitatem
804 922 1092 1006 auctoritatemque
1106 922 1266 985 sanciret?
1309 917 1340 984 9.
1359 919 1399 982 oi
1421 921 1624 1000 immortales,
1647 942 1750 1007 quam

422 1027 488 1083 tum
510 1019 588 1082 mibi
609 1014 798 1082 beneficium
820 1016 947 1080 dedisse
969 1015 1139 1091 videmini,
1161 1014 1249 1099 quod
1269 1016 1331 1079 boc
1354 1034 1436 1078 anno
1456 1017 1491 1080 P.
1505 1017 1661 1083 Lentulus
1675 1037 1751 1082 con·

398 1113 472 1176 ssul
495 1113 557 1177 esti
587 1119 707 1196 quanto
729 1112 830 1176 maius
853 1108 1039 1184 dedissetis,
1070 1109 1097 1172 si
1128 1110 1293 1192 superiore
1319 1128 1403 1171 anno
1425 1109 1551 1174 fuissetl
1582 1131 1642 1175 nec
1666 1112 1751 1175 enim

422 1207 581 1290 eguissem
601 1205 759 1270 medicina
780 1203 959 1278 consulari,
980 1204 1043 1266 nisi
1066 1202 1226 1266 consulari
1241 1203 1370 1266 vulnere
1387 1203 1608 1270 concidissem.
1629 1205 1750 1270 Audio·

420 1320 488 1364 ram
510 1321 551 1364 ex
573 1300 807 1384 sapientissimo
829 1298 960 1363 bomine
981 1306 1079 1381 atquc
1103 1298 1224 1379 optimo
1244 1295 1306 1360 ciri
1329 1304 1361 1362 et
1383 1297 1460 1372 ubo,
1484 1296 1524 1374 Q.
1542 1299 1664 1377 Catulo,
1686 1320 1752 1364 non

420 1414 515 1479 saepe
537 1415 635 1459 unum
657 1392 823 1458 consulem
844 1390 1041 1476 improbum,
1065 1389 1127 1454 duo
1149 1409 1225 1453 vero
1250 1381 1424 1474 numquam
1446 1399 1578 1477 excepto
1598 1393 1655 1457 illo
1678 1391 1754 1458 Cin·

420 1508 504 1554 nano
528 1497 673 1572 tempore
694 1485 813 1550 fuisse:
840 1505 938 1570 quare
961 1505 1063 1548 meam
1085 1503 1213 1547 causam
1234 1503 1359 1569 semper
1379 1483 1447 1548 iore
1468 1485 1680 1552 firmissimam
1702 1487 1753 1551 di-

383 1601 493 1647 socere
514 1581 654 1658 solebat,
677 1580 753 1646 dum
775 1579 826 1645 vel
849 1599 929 1644 unus
952 1579 985 1641 in
1008 1599 1042 1642 re
1062 1577 1189 1662 publica
1203 1577 1315 1642 consul
1330 1586 1423 1642 esset.
1461 1579 1555 1656 Quod
1570 1602 1645 1647 rere
1660 1580 1754 1646 dixe·

419 1684 485 1752 rat,
508 1677 535 1738 si
557 1675 636 1738 illud
659 1676 698 1738 de
722 1673 847 1737 duobus
870 1672 1073 1746 consulibus,
1096 1672 1182 1758 quod
1204 1679 1278 1736 ante
1300 1672 1334 1734 in
1355 1692 1390 1736 re
1412 1673 1541 1758 publica
1559 1697 1624 1740 non
1637 1676 1752 1752 fuerat,

418 1789 559 1854 perenne
589 1789 626 1832 ac
653 1769 816 1854 proprium
844 1787 971 1831 manere
1001 1766 1169 1850 potuisset.
1204 1765 1298 1842 Quod
1320 1767 1346 1829 si
1368 1766 1407 1843 Q.
1423 1768 1570 1858 Metellus
1592 1770 1649 1835 illo
1670 1779 1752 1835 tem-

419 1885 498 1949 pore
521 1865 631 1930 consid
652 1864 766 1931 fuisset
789 1857 979 1948 [inimicus],
1003 1861 1155 1925 dubitatis
1171 1881 1235 1945 quo
1257 1861 1363 1924 animo
1384 1860 1534 1927 fueritin
1555 1884 1607 1927 me
1622 1884 1753 1929 conser-

418 1959 524 2023 vando
545 1958 689 2033 fiaturus,
719 1979 791 2022 cum
813 1959 847 2021 in
869 1957 1065 2022 restituendo
1088 1963 1248 2019 auctorem
1269 1953 1370 2018 inisse
1391 1956 1684 2043 adscriptoremque
1704 1959 1752 2024 vi·

382 2054 542 2120 ssdeatist
579 2047 630 2116 ic.
654 2053 717 2116 Sed
737 2051 867 2116 fuerimt
887 2053 910 2117 ii
933 2050 1100 2125 consules,
1124 2069 1257 2134 quorum
1277 2056 1399 2112 mentes
1413 2059 1583 2134 angustae,
1603 2051 1752 2128 humiles,

418 2166 551 2231 pravae,
574 2145 722 2231 oppletae
744 2144 884 2210 tenebris
907 2165 943 2210 ac
965 2144 1127 2218 sordibus,
1154 2163 1271 2207 nomen
1293 2143 1399 2227 ipsum
1420 2144 1622 2223 consulatus,
1644 2147 1754 2232 splen·

419 2241 529 2304 dorem
551 2240 637 2304 illius
659 2240 808 2315 honoris,
831 2239 1084 2324 magnitudinem
1105 2238 1331 2324 tantiimperii
1353 2258 1413 2301 nec
1434 2239 1551 2304 intueri
1572 2260 1633 2306 nec
1654 2242 1751 2306 susti·

419 2353 494 2398 nere
517 2354 576 2397 nec
598 2353 711 2420 capere
733 2339 923 2418 potuerunt,
946 2354 1012 2396 non
1034 2333 1200 2409 consules,
1222 2332 1279 2396 sed
1301 2339 1499 2397 mercatores·
1516 2336 1752 2416 provinciarum

299 2483 302 2495 .
419 2448 456 2492 ac
477 2429 660 2494 venditores
682 2436 806 2493 vestrae
828 2427 1008 2512 dignitatis:
1037 2447 1174 2512 qucum
1195 2426 1275 2490 alter
1295 2445 1346 2490 me
1370 2427 1550 2503 Catilinam,
1578 2437 1752 2516 amatorem

289 2515 294 2526 ¹
381 2543 531 2600 ausuum,
553 2522 663 2586 mrdtis
685 2522 908 2595 audientibus,
930 2521 1010 2586 alter
1025 2520 1199 2604 Cethegum
1220 2521 1445 2609 consobrinum
1466 2524 1672 2606 reposcebat:
1694 2525 1752 2610 qui

420 2638 471 2680 me
502 2617 566 2681 duo
595 2616 831 2682 sceleratissimi
861 2623 934 2700 post
954 2615 1119 2679 bominum
1140 2616 1324 2679 memoriam
1345 2635 1412 2680 non
1434 2616 1599 2694 consules,
1627 2619 1684 2683 sed
1706 2619 1752 2682 la·

334 2716 336 2722 '
420 2719 527 2775 trones
548 2731 615 2774 non
642 2711 738 2774 modo
761 2709 985 2785 deseruerunt,
1008 2711 1042 2773 in
1065 2729 1159 2774 causa
1179 2710 1364 2792 praesertim
1385 2710 1511 2794 publica
1530 2719 1563 2776 et
1582 2713 1751 2790 consulari,

420 2806 477 2870 sed
498 2804 726 2889 prodiderunt,
750 2812 993 2888 oppugnarunt,
1015 2805 1101 2867 omni
1124 2803 1245 2867 auxilio
1267 2825 1332 2869 non
1353 2805 1456 2870 solum
1478 2825 1555 2880 suo,
1577 2806 1751 2872 sedetiam

420 2908 526 2966 vestro
550 2907 792 2983 ceterorumque
815 2897 962 2962 ordinum
984 2899 1153 2984 spoliatum
1176 2918 1247 2964 esse
1261 2899 1439 2963 voluerunt.
1481 2901 1519 2964 V.
1540 2895 1592 2964 it.
1607 2899 1752 2977 Quorum

381 2998 501 3068 ssalter
522 3005 629 3060 tamen
650 3013 756 3078 nequo
778 3012 828 3057 me
850 3013 954 3076 neque
970 3013 1163 3077 quemquam
1184 2991 1315 3059 fefellit:
1338 2994 1409 3078 quis
1431 2994 1517 3060 enim
1538 2993 1638 3059 ullam
1654 2995 1751 3060 ullius

359 3077 363 3084 ⁵
419 3092 495 3157 boni
517 3109 607 3175 spem
628 3088 760 3152 baberet
780 3087 815 3150 in
838 3107 895 3164 eo,
919 3088 1008 3152 cuius
1030 3087 1168 3172 primum
1190 3096 1314 3172 tompus
1333 3087 1445 3153 aetatis
1463 3088 1568 3172 palam
1581 3087 1697 3154 fuisset
1710 3089 1750 3153 ad

420 3186 563 3249 omnium
589 3182 738 3247 libidines
769 3182 980 3265 divulgatum,
1011 3182 1067 3265 qui
1097 3201 1139 3245 ne
1160 3201 1180 3247 a
1201 3183 1399 3247 sanctissima
1420 3183 1549 3266 quidem
1570 3189 1661 3266 parte
1682 3201 1753 3246 cor·

419 3279 506 3362 poris
529 3277 689 3363 potuisset
708 3275 875 3340 bominum
897 3275 1054 3358 impuram
1076 3275 1350 3360 intemperantiam
1371 3278 1581 3362 propulsaret
1604 3276 1752 3361 quicum

421 3392 511 3438 suam
532 3393 599 3436 rem
621 3390 687 3435 non
708 3371 814 3436 minus
836 3379 964 3435 sirenue
987 3390 1083 3455 quam
1105 3377 1217 3455 postea
1233 3370 1394 3456 publicam
1409 3370 1607 3448 confecisset,
1629 3378 1752 3456 egesta·

488 3703 512 3752 4,
530 3701 595 3766 latit]
612 3700 666 3750 istd
682 3699 701 3749 Ρ
719 3724 747 3735 -
768 3698 827 3760 quid
844 3698 1008 3762 sponsarae
1023 3701 1054 3759 S;
1082 3699 1142 3762 qctd
1154 3700 1229 3763 patra
1245 3700 1307 3762 (om.
1326 3698 1383 3763 egit)
1401 3697 1454 3749 Eri.
1475 3726 1502 3736 -
1520 3700 1545 3752 2.
1561 3698 1642 3765 psius]
1655 3702 1714 3766 plor
1729 3702 1751 3751 G

424 3806 451 3815 -
470 3779 494 3830 3.
513 3779 591 3828 diP:
614 3777 650 3826 dii
667 3777 687 3826 0
705 3802 732 3810 -
752 3774 777 3826 l.
796 3789 881 3825 cocao
898 3775 917 3826 E
944 3801 971 3811 -
995 3775 1082 3825 000004
1097 3780 1132 3825 est
1148 3781 1242 3838 quanto
1258 3775 1291 3825 E:
1315 3787 1364 3824 cos.
1383 3779 1477 3836 quanto
1493 3777 1555 3837 PG;
1578 3778 1682 3842 prem
1701 3791 1751 3841 quo

422 3849 1751 3917 qaoatos;coosalsottiqooqooistoO-5.moias]mopisli-8.coasslemom.li—dsso

421 3933 471 3981 PG
488 3934 515 3981 et
532 3930 546 3979 7
564 3930 658 3993 lagg:
677 3929 739 3978 daos
755 3927 846 3988 ESO,
864 3925 1058 3991 00414038.-
1075 3927 1314 3990 emaqsocsPGS,
1332 3937 1427 3978 omnes
1439 3927 1532 3990 legg:
1549 3934 1752 3992 conponam

420 4006 526 4056 4400ιο0
541 4005 668 4054 conatam
683 4004 761 4054 EFO
780 4027 808 4039 -
828 4002 992 4054 ciacconii:
1010 4016 1131 4067 amco
1148 4006 1177 4067 P,
1195 4001 1245 4054 sed
1262 4001 1369 4065 antiqua
1385 4013 1467 4054 monn
1483 4015 1542 4054 voc.
1561 4001 1680 4060 deletum
1697 4008 1750 4068 est,

420 4094 512 4145 margo
534 4079 616 4130 hahet
636 4079 763 4140 coccino,
786 4079 817 4128 ut
837 4079 879 4128 est
898 4078 925 4126 in
943 4080 978 4138 ῦς
1005 4080 1113 4130 moetas·
1135 4081 1161 4130 S.
1188 4077 1273 4129 codd.
1292 4089 1400 4140 quoque
1421 4078 1499 4141 lagg.
1518 4091 1613 4133 omnes
1629 4081 1752 4133 mendosi

419 4159 490 4208 sunt.
511 4181 536 4194 -
558 4157 598 4206 40.
617 4153 828 4213 assicamus,
847 4157 977 4204 coelom.
997 4156 1063 4204 G-
1083 4155 1156 4220 qood]
1174 4153 1355 4218 00000818-
1373 4154 1509 4204 cerol-
1527 4155 1750 4210 matos-

419 4234 460 4284 44.
479 4234 506 4282 io
521 4243 575 4294 rep.
592 4232 678 4294 480004
694 4231 714 4280 E
732 4228 804 4299 solus
821 4241 855 4280 ex
871 4229 952 4291 notu,
971 4231 1202 4293 quemadmodum
1218 4231 1245 4282 F.
1257 4231 1288 4281 Α.
1300 4227 1412 4280 Wolfius
1429 4228 1564 4292 flagitavit.
1591 4231 1647 4282 Noc
1661 4231 1752 4283 umen

418 4305 497 4356 lectio
520 4306 642 4370 speciosa
664 4306 816 4356 necessaria
838 4304 956 4365 videtum
984 4305 1063 4358 codd.
1087 4306 1251 4372 reliquorum
1275 4305 1345 4356 hanc
1361 4303 1444 4356 babet
1458 4303 1559 4355 bonam
1575 4307 1749 4358 sententiam:

419 4381 493 4446 quod
509 4383 571 4432 anto
588 4381 615 4430 in
630 4392 660 4430 re
678 4391 705 4444 p.
719 4393 772 4431 non
789 4379 890 4442 luerat,
908 4383 938 4429 nt
949 4393 1078 4445 umquam
1095 4382 1176 4434 ambo
1192 4379 1308 4446 improbi
1321 4381 1419 4432 essent.
1432 4405 1460 4415 -
1479 4379 1519 4430 43.
1531 4381 1648 4434 mass
1663 4383 1750 4445 ocii,

418 4456 539 4520 ibagg.:
557 4468 608 4506 aco
623 4454 739 4506 inimicia
755 4457 785 4518 S,
804 4453 860 4505 rell.
874 4455 952 4518 Lagg.
966 4459 994 4506 et
1009 4458 1152 4520 dorcam
1170 4458 1259 4508 00000
1276 4459 1296 4508 0
1313 4469 1376 4508 cum
1392 4454 1435 4508 ed.
1453 4458 1532 4519 lunt,
1550 4457 1624 4522 quod
1639 4459 1752 4510 Booltios

417 4529 535 4591 inclusit,
553 4530 626 4580 bomo
641 4530 758 4580 inaniores
774 4531 843 4580 coni.
857 4532 994 4594 Garatoni,
1012 4546 1078 4583 ocos
1088 4535 1201 4586 Ernesti.
1225 4533 1287 4584 llibi
1302 4533 1417 4584 40004000
1432 4531 1602 4584 manilestnm
1618 4531 1751 4598 glossema

418 4605 531 4656 videtur.
552 4633 580 4642 -
601 4605 684 4656 inme
704 4607 873 4656 consonando
894 4607 970 4670 farcit
993 4608 1014 4656 G
1040 4605 1071 4644 -'
1093 4608 1133 4660 44.
1156 4609 1378 4670 oociptorcmqae
1397 4607 1446 4657 Es
1469 4633 1497 4644 -·
1522 4609 1602 4658 480·
1623 4609 1702 4661 ooli
1723 4609 1753 4660 et

417 4681 479 4744 Lag.
499 4681 530 4731 40
548 4679 606 4744 (sed
622 4682 672 4732 PG
688 4694 721 4743 0,
746 4681 818 4745 quod
841 4682 920 4732 etism
942 4682 967 4732 11
989 4681 1079 4747 legere
1097 4685 1197 4750 possis;
1221 4686 1249 4736 io
1264 4687 1284 4734 P
1300 4686 1362 4735 anto
1379 4695 1501 4734 rasuram
1516 4683 1552 4734 aa
1567 4683 1674 4749 lucrati:
1701 4684 1752 4738 duo
1805 4738 1809 4745 ,

416 4753 474 4805 rell.
492 4756 581 4818 lagg,
601 4756 647 4808 SO
666 4781 693 4792 -
713 4761 846 4821 00900040
862 4758 882 4810 Ε
901 4783 928 4796 -
950 4759 990 4809 46.
1006 4773 1105 4823 procos
1120 4761 1166 4810 Ps
1185 4761 1212 4810 et
1228 4761 1306 4822 lagg.
1325 4756 1492 4823 complures:
1507 4771 1607 4822 poenos
1623 4759 1704 4812 olio
1721 4784 1749 4796 -

416 4832 457 4882 47.
474 4832 567 4884 {maeri
584 4832 654 4883 mel:
673 4833 738 4883 tueri
755 4834 815 4884 oet
830 4835 936 4899 oisgg.
950 4833 1015 4885 dett.
1030 4858 1058 4871 -
1077 4835 1193 4885 aestimat
1208 4837 1228 4886 i>
1243 4861 1278 4872 -
1293 4835 1334 4886 48.
1352 4834 1395 4885 ssd
1409 4845 1464 4885 om.
1477 4835 1499 4884 G
1514 4858 1542 4870 -
1565 4835 1606 4885 40.
1622 4846 1663 4886 ose
1679 4836 1712 4886 1²:
1732 4845 1752 4884 o

414 4919 454 4956 aas
470 4919 530 4970 sup.
548 4903 604 4968 lin..
624 4907 702 4958 codd.
724 4906 781 4960 rell.
800 4911 828 4960 et
844 4911 879 4971 0;
899 4912 932 4962 ci.
951 4911 977 4962 ln
994 4911 1070 4962 Verr.
1088 4911 1131 4974 Π,
1150 4911 1165 4974 5
1184 4909 1240 4961 443.
1254 4936 1284 4947 -
1301 4911 1342 4962 20.
1355 4908 1529 4961 comba-imao
1542 4911 1644 4961 stauos
1657 4933 1685 4946 -
1701 4923 1751 4974 po-

415 4981 546 5043 scetaOE,
569 4983 727 5046 reposcebant
745 4987 778 5044 G;
799 4983 833 5036 cl.
851 4999 878 5050 p.
896 4987 954 5049 848,
973 4986 997 5038 9.
1019 5013 1048 5026 -
1065 4986 1267 5038 asmondus
1282 4999 1328 5037 suo
1343 4987 1361 5037 S
1379 5013 1408 5024 -
1424 4986 1606 5038 0004000000
1622 4985 1643 5036 li
1660 5009 1689 5022 -
1706 4983 1748 5037 84.

414 5057 554 5108 camut.
569 5060 682 5121 00οΜ
692 5063 721 5123 P,
734 5064 764 5111 ut
775 5059 991 5125 distinguendum
1008 5075 1070 5114 esse
1088 5061 1205 5114 Savclim
1217 5063 1254 5127 (in
1272 5061 1374 5114 edens
1392 5063 1472 5116 buius
1487 5064 1556 5114 orat.
1569 5059 1661 5113 colon.
1675 5060 1748 5112 4880.

415 5131 450 5193 8.)
462 5132 541 5182 vidit:
559 5133 706 5186 coluerant:
724 5149 832 5198 qaorum
846 5141 874 5188 ct
885 5138 982 5190 deinde
994 5139 1087 5203 80440.
1106 5139 1167 5201 Quia
1182 5139 1248 5189 ssim
1265 5140 1285 5189 0
1300 5163 1327 5175 -
1347 5139 1388 5190 bb.
1406 5139 1472 5190 miss
1488 5150 1541 5190 om.
1560 5137 1578 5187 S
1596 5161 1623 5174 -
1641 5135 1750 5188 444008.

417 5205 456 5256 ci.
476 5208 536 5258 Tac.
555 5209 623 5262 lon.
642 5211 677 5274 ll,
696 5212 743 5262 aa:
769 5211 840 5263 00440
861 5212 918 5264 doci
937 5227 987 5277 sps.
1014 5239 1041 5251 -
1065 5213 1107 5265 26.
1124 5213 1214 5264 000000
1234 5214 1287 5264 Eri.
1311 5239 1338 5250 —
1362 5211 1752 5266 timiamateriis:

416 5285 664 5340 moroso-
683 5287 955 5351 osthasoEF-
973 5289 1435 5355 mammaemammal·
1454 5287 1701 5345 8010000088.
