4009 6159
727 572 1257 660 cn.x1-xm.§sm-es.
1344 571 1349 584 ·
1602 575 1665 643 seo

333 770 384 814 me
404 755 473 813 tum
494 747 654 813 desertum
674 755 768 832 puto,
798 748 853 812 sed
877 767 979 831 paene
1001 746 1161 822 deditum,
1190 766 1266 822 nec,
1296 766 1378 830 qnae
1401 748 1520 812 sintin
1541 749 1665 815 illarei

333 843 476 929 publicae
498 846 622 908 damma
645 850 735 925 gesta
755 850 866 908 contra
886 860 937 904 me
959 860 1064 925 neque
1086 860 1150 924 quo
1174 840 1270 904 modo
1293 860 1400 924 neque
1422 860 1479 925 per
1495 863 1586 925 qnos,
1608 863 1665 927 pa-

332 937 546 1003 tefaciundum
577 936 654 1000 mibi
684 956 754 1001 esse
783 936 925 1001 arbitror.
970 936 1004 998 Si
1033 935 1110 998 utile
1139 934 1184 997 rei
1219 934 1365 1018 publicae
1385 933 1446 998 init
1465 935 1591 999 haurire
1613 957 1664 1001 me
1716 960 1720 970 ’

333 1051 431 1095 unum
452 1050 511 1115 pro
534 1030 679 1094 omnibus
700 1030 787 1094 illam
806 1029 1062 1113 indignissimam
1077 1028 1305 1104 calamitatem,
1328 1030 1422 1093 etiarn
1437 1028 1499 1092 boc
1512 1029 1592 1094 utile
1607 1037 1664 1105 est,

332 1145 467 1212 quorum
489 1125 520 1187 id
544 1124 664 1188 scelere
687 1125 854 1189 condatum
878 1124 935 1198 sit,
958 1144 1008 1186 me
1030 1123 1189 1186 occultare
1212 1129 1244 1185 et
1265 1130 1381 1186 tacere.
1418 1122 1688 1188 illustramenta

330 1220 468 1284 hominis
497 1219 613 1302 ingrati
639 1227 760 1294 tacere,
790 1219 897 1301 itaque
927 1217 1135 1280 libentissime
1166 1215 1375 1300 praedicabo,
1398 1218 1455 1281 Cn.
1477 1218 1664 1301 Pompeium

332 1314 437 1380 studio
460 1320 492 1378 ot
512 1313 698 1377 auctoritate
719 1332 821 1396 aeque
845 1318 941 1394 atque
962 1330 1062 1374 unum
1083 1331 1246 1395 quemque
1262 1318 1412 1386 restrum,
1437 1311 1568 1396 opibus,
1590 1332 1665 1377 con·

332 1409 489 1483 tentione,
511 1407 677 1493 precibus,
700 1407 850 1490 perieulis
866 1406 1006 1488 denique
1026 1403 1198 1487 praecipue
1219 1424 1277 1488 pro
1292 1405 1394 1469 salute
1408 1424 1480 1470 mea
1493 1407 1664 1472 laborasse.

331 1503 402 1566 ΧΠ.
423 1503 485 1566 liic
506 1501 586 1576 tuis,
609 1501 642 1564 P.
664 1501 813 1575 Lentule,
836 1519 907 1564 cum
930 1507 965 1562 tu
987 1498 1067 1560 nihil
1089 1498 1177 1561 aliud
1200 1497 1269 1563 dies
1292 1507 1324 1564 et
1344 1508 1455 1564 noctes
1477 1503 1539 1566 nisi
1553 1500 1594 1565 de
1615 1521 1665 1567 sa·

332 1597 398 1660 lute
420 1616 492 1661 mea
513 1597 679 1678 cogitares,
696 1595 836 1658 consiliis
851 1591 998 1656 omnibus
1012 1592 1174 1669 interfuit,
1195 1593 1248 1656 hic
1263 1594 1318 1658 tibi
1334 1595 1539 1676 gravissimus
1552 1603 1702 1661 auctario

313 1689 372 1766 ¹ad
393 1688 639 1763 instituendam,
661 1686 862 1754 fidelissimus
884 1687 990 1750 socius
1012 1687 1053 1749 ad
1075 1689 1335 1770 comparandam,
1361 1686 1553 1754 fortissimus
1574 1691 1665 1755 adiu-

332 1790 383 1849 tor
403 1784 444 1846 ad
465 1803 533 1847 rem
555 1781 777 1868 perficiendam
797 1781 873 1857 fuil3
896 1781 948 1844 hic
963 1782 1135 1864 municipia
1149 1782 1357 1866 coloniasque
1371 1783 1466 1859 adiit3
1487 1781 1540 1847 bio
1553 1783 1664 1847 ltaliae
1756 1829 1762 1840 .

332 1878 428 1942 totius
457 1877 613 1942 auxilium
642 1877 798 1962 cupientis
826 1876 1020 1960 imploravit}
1048 1875 1101 1938 bic
1129 1876 1163 1937 in
1186 1883 1298 1940 senatu
1319 1877 1466 1960 princeps
1488 1877 1663 1941 sententiae

331 1971 406 2036 tuit:
431 1971 580 2055 idemque
603 1968 677 2006 Η*
701 1970 851 2046 dixisset,
874 1978 941 2033 tum
965 1971 1059 2033 etiam
1081 1990 1140 2052 pro
1162 1970 1263 2034 salute
1285 1990 1356 2034 mea
1377 1969 1530 2054 populum
1551 1970 1664 2035 Rome·

331 2084 407 2130 num
429 2064 617 2129 obsecravit.
659 2059 710 2127 34.
734 2064 839 2140 Quare
861 2065 954 2128 istam
977 2064 1164 2139 orationem,
1187 2084 1302 2148 quaes
1321 2085 1416 2140 usus,
1437 2064 1701 2141 omittaslicetst

332 2165 404 2244 post
424 2158 511 2224 illarn
532 2160 738 2234 sententiam,
806 2179 856 2222 am
879 2159 1022 2221 dixeram
1038 2157 1078 2221 de
1098 2177 1233 2233 annona,
1254 2157 1439 2243 pontificum
1455 2156 1577 2222 animos
1592 2177 1662 2222 esse

331 2247 501 2344 mutatos(
514 2252 647 2338 proinde
677 2179 851 2336 quasillisti
879 2259 934 2316 aut
960 2253 1000 2315 do
1032 2252 1088 2315 Cn.
1110 2253 1263 2334 Pompeio
1284 2254 1376 2317 aliter
1397 2260 1493 2338 atque
1514 2272 1574 2335 ego
1596 2251 1664 2316 cxi·
1710 2239 1823 2334 ff

332 2348 426 2413 stimo
449 2347 587 2412 sentiant
607 2353 677 2421 aut,
700 2345 778 2431 quid
801 2346 878 2410 mihi
900 2367 957 2430 pro
973 2347 1208 2430 exspectatione
1230 2348 1339 2432 populi
1361 2347 1509 2424 Romani,
1531 2367 1589 2432 pro
1605 2347 1661 2412 Cn.
1694 2391 1698 2409 .

332 2443 472 2527 Pompeii
501 2441 622 2505 meritis
652 2460 725 2523 erga
755 2461 823 2516 me,
853 2462 910 2524 pro
938 2442 1062 2505 ratione
1091 2442 1152 2504 mei
1180 2441 1333 2524 temporis
1354 2441 1536 2506 iaciendum
1556 2442 1691 2530 suerit,

332 2539 479 2620 ignorent
507 2543 562 2600 aot
590 2536 702 2610 etiam,
730 2537 757 2598 si
785 2535 874 2599 cuius
904 2533 985 2598 forte
1007 2531 1167 2618 pontilicis
1189 2535 1346 2612 animum,
1378 2536 1462 2621 qnod
1484 2543 1572 2602 certo
1594 2538 1699 2618 eciem

332 2631 424 2693 aliter
452 2649 537 2706 esse,
566 2649 637 2694 mea
657 2629 815 2694 sententia
837 2623 1073 2703 offenditialio
1135 2629 1198 2693 odo
1228 2631 1270 2693 sit
1291 2631 1520 2696 constituturus
1546 2638 1602 2696 aut
1621 2631 1671 2694 de

332 2723 485 2808 religione
506 2723 649 2808 pontifex
671 2732 726 2787 aut
746 2723 786 2786 de
808 2723 992 2806 republica
1014 2651 1207 2850 eiusfinis
1230 2744 1302 2790 eom
1324 2731 1379 2790 aut
1400 2699 1690 2791 caerimoniamm‘i
1800 2784 1809 2798 ,

332 2821 382 2884 ius
404 2828 460 2883 aut
481 2819 617 2884 civitatis
639 2819 725 2883 salus
748 2816 924 2916 coegerit.)
1668 2786 1693 2878 )
1750 2769 1833 2857 κήξ]

416 2911 469 2979 32.
491 2912 656 2995 Intelligo,
682 2910 866 2997 pontifices,
879 2909 945 3009 (me
971 2899 1067 2996 plura
1088 2918 1178 2978 extra
1198 2933 1326 2980 mnsam
1347 2913 1468 2980 dixisse
1489 2933 1585 3001 quam
1606 2921 1662 2980 aut

332 3009 441 3094 opinio
471 3008 579 3072 tulerit
609 3015 666 3071 aut
685 3008 831 3073 uoluntas
853 3009 954 3116 nrea,)
970 3007 1026 3072 sed
1048 3028 1121 3073 cum
1142 3029 1193 3073 mo
1214 3017 1383 3094 purgatum
1403 3011 1493 3075 robis
1515 3029 1586 3075 esse
1606 3031 1698 3082 cume
1743 3032 1836 3116 a&

332 3125 455 3191 peram,
484 3095 552 3167 tum
583 3103 678 3166 etiam
704 3109 809 3167 restra
835 3104 868 3165 in
895 3121 946 3165 me
976 3109 1093 3166 attente
1122 3103 1282 3167 audiendo
1310 3105 1488 3188 benignitas
1515 3104 1663 3189 prorexit
1783 3104 1805 3132 ⁸

332 3199 506 3264 orationem
534 3217 647 3262 meam.
692 3197 754 3261 Sed
781 3197 844 3262 boc
872 3197 1084 3282 compensabo
1112 3199 1267 3264 brevitate
1289 3202 1357 3265 eius
1378 3200 1548 3278 credonis,
1578 3219 1662 3286 quae

332 3291 470 3378 pertinet
491 3291 531 3354 ad
551 3293 654 3374 ipsam
675 3311 803 3356 causam
825 3291 1103 3376 cognitionemque
1117 3301 1275 3358 vestram:
1296 3314 1380 3380 quae
1402 3315 1473 3359 oum
1494 3296 1538 3360 sit
1556 3298 1591 3360 irr
1611 3295 1677 3360 ius.

332 3387 494 3470 religionis
515 3386 601 3450 etin
623 3387 672 3450 ius
693 3387 740 3450 rei
760 3387 905 3472 publicae
921 3385 1105 3462 distributa,
1126 3388 1290 3471 religionis
1304 3397 1442 3473 partem,
1463 3407 1547 3474 quae
1561 3389 1661 3452 multo

333 3489 381 3546 est
402 3481 580 3556 verbosior,
602 3483 862 3566 praetermittam,
886 3480 925 3544 de
948 3481 1018 3544 iure
1040 3482 1254 3566 reipublicae
1276 3483 1389 3547 dicam.
1431 3481 1484 3547 33.
1506 3482 1590 3558 Quid
1612 3490 1699 3555 estse

332 3577 416 3642 enim
438 3582 493 3640 aut
514 3582 576 3639 tam
598 3595 749 3659 arrogans
772 3595 868 3661 quarn
890 3576 930 3639 de
951 3575 1116 3658 religione,
1138 3577 1177 3641 de
1195 3579 1291 3642 rebus
1306 3578 1434 3656 divinis,
1449 3577 1661 3656 caerimoniis,

332 3673 429 3737 sacris
449 3669 635 3754 pontificum
656 3669 827 3753 collegium
843 3670 958 3734 docere
979 3671 1098 3745 conam,
1120 3680 1174 3735 aut
1195 3679 1259 3735 tam
1274 3672 1403 3738 strrltum
1418 3693 1524 3758 quarn,
1546 3672 1660 3757 siquis

332 3765 411 3852 quid
433 3766 466 3829 in
487 3763 601 3830 uestris
622 3763 711 3828 libris
732 3766 897 3841 invenerit,
922 3765 954 3827 id
976 3784 1104 3829 narrare
1118 3765 1218 3840 uobis,
1241 3775 1373 3832 auitam
1389 3767 1551 3831 curiosum
1564 3786 1660 3852 mmm

332 3880 372 3926 ea
399 3859 480 3924 scire
506 3857 606 3933 velle,
633 3859 673 3922 de
701 3859 817 3942 quibus
845 3859 980 3923 maiores
1010 3860 1111 3923 nostri
1139 3880 1195 3924 vos
1221 3861 1306 3925 solos
1328 3869 1360 3924 et
1380 3860 1503 3926 consuli
1525 3869 1557 3925 et
1577 3862 1661 3927 scire

333 3954 526 4020 voluerunt?
568 3953 654 4016 Xlll.
676 3955 764 4036 Nego
785 3954 929 4036 puniisse
951 3955 1021 4018 iure
1042 3953 1188 4037 publico,
1218 3954 1341 4038 legibus
1362 3954 1419 4031 iis,
1445 3955 1561 4040 quibus
1580 3955 1698 4021 baccea

396 4243 421 4294 4.
437 4241 643 4306 patefaciendam
659 4243 722 4292 PG:
743 4243 944 4306 patefaciendum
961 4243 981 4292 0
996 4270 1031 4280 -
1055 4243 1081 4294 3.
1099 4243 1187 4294 lorice
1202 4243 1232 4293 P¹
1247 4269 1280 4279 -
1297 4242 1322 4294 i.
1340 4241 1401 4293 utile
1416 4247 1451 4293 eat
1466 4240 1509 4294 P²z
1527 4242 1600 4294 utiles
1615 4244 1659 4305 ¹²¹3

332 4317 391 4370 atila
405 4317 454 4382 licit
471 4318 539 4376 GM}
557 4317 617 4368 utile
634 4318 741 4381 (omisso
753 4317 846 4380 verbo)
858 4319 894 4378 Vi
912 4319 972 4369 utile
987 4319 1020 4368 sit
1035 4319 1056 4369 0
1070 4347 1097 4356 -
1116 4320 1141 4370 e.
1159 4319 1204 4381 est]
1220 4324 1281 4369 asset
1296 4317 1423 4370 Halmius.
1438 4346 1467 4357 -·
1485 4318 1509 4368 7.
1525 4331 1604 4382 oeque
1619 4324 1661 4369 at·

332 4408 380 4458 pne
395 4393 523 4444 Klotains:
541 4405 620 4456 oeque
636 4393 671 4454 C;
690 4407 769 4457 accam
783 4399 812 4445 ut
828 4394 857 4444 0.
876 4394 915 4445 Cl.
928 4393 1088 4458 Madvigium
1105 4395 1140 4445 ed
1156 4395 1211 4445 Cic.
1225 4393 1258 4446 de
1276 4395 1349 4446 Finn.
1368 4408 1394 4461 p.
1414 4393 1470 4445 446.
1490 4422 1519 4431 -
1535 4407 1663 4457 marsque

332 4471 429 4523 GV·
449 4467 658 4533 &promimur
678 4469 901 4533 -apaiiirv
920 4498 947 4507 -
968 4471 1009 4520 44.
1028 4469 1394 4537 adiutorJauctorGliV—
1413 4469 1662 4534 tiramppsrp·

331 4547 446 4598 cisndom
462 4546 492 4597 C.
512 4545 550 4596 Ci,
561 4558 617 4596 var.
630 4543 691 4596 lect.
704 4558 730 4611 p.
743 4546 800 4606 886,
813 4545 855 4596 34.
875 4570 901 4581 -
922 4543 962 4595 43.
979 4545 1119 4607 inplorauit
1134 4548 1154 4596 P
1172 4571 1199 4580 -
1220 4543 1260 4596 44.
1278 4545 1392 4608 morse
1407 4541 1465 4574 ”⁸
1479 4543 1582 4594 dixisset
1597 4555 1661 4595 nos:

332 4625 445 4686 iricmpos
460 4635 518 4673 cum
534 4622 637 4673 mmet
653 4622 717 4682 CO,
740 4620 788 4671 sed
809 4633 866 4672 com
887 4633 967 4685 supra
985 4633 1095 4670 versum
1112 4633 1128 4669 a
1144 4622 1236 4670 vetere
1257 4623 1374 4670 mannP
1395 4618 1492 4680 habet,
1519 4619 1599 4682 alque
1620 4619 1663 4669 ui-

333 4698 430 4748 dentur
450 4695 527 4763 plura
544 4695 627 4747 verba
651 4695 791 4747 excidisse.
813 4722 839 4732 -
868 4696 907 4747 45.
926 4696 1101 4758 opmcramtr
1121 4721 1147 4730 -
1175 4707 1228 4758 aaa
1248 4707 1275 4745 er
1295 4695 1364 4757 roas]
1386 4705 1517 4758 pnemmm
1532 4695 1554 4743 o
1572 4719 1601 4732 -
1619 4693 1660 4746 ti.

328 4773 436 4838 proinde
452 4773 487 4822 C:
504 4771 607 4835 perinde
623 4771 643 4820 0
662 4797 690 4808 -
710 4771 783 4833 quari
800 4771 817 4831 (i
833 4771 859 4820 in
876 4770 977 4833 rasura)
995 4770 1093 4824 istim
1109 4773 1129 4822 P
1146 4770 1174 4832 (ti
1190 4782 1245 4821 sec.
1264 4769 1329 4833 m),
1348 4783 1413 4831 qaas
1427 4769 1470 4819 icti
1485 4773 1531 4820 aot
1547 4770 1581 4829 Gi
1599 4781 1663 4831 quor

331 4850 377 4900 irie
389 4849 451 4912 (om,
464 4847 517 4911 aut)
529 4847 560 4896 V.
584 4845 672 4898 itallm
689 4846 762 4908 quasi
778 4846 803 4896 ii
819 4850 864 4896 out
881 4845 931 4896 cet.
947 4871 974 4881 -
993 4842 1115 4907 alimum
1131 4849 1207 4907 clpam
1223 4844 1275 4895 GV
1288 4870 1315 4881 -
1335 4843 1374 4895 48.
1387 4844 1450 4894 serui
1464 4847 1511 4894 orat
1525 4840 1555 4894 1³¹
1569 4869 1596 4880 -
1614 4855 1663 4894 erc·

330 4923 541 4988 pectntioneG-
562 4921 603 4973 49.
621 4923 721 4985 pompei
738 4921 787 4972 pv
800 4948 827 4958 -
846 4923 887 4972 40.
903 4919 1064 4970 cerieGliV
1077 4947 1104 4957 -
1122 4920 1164 4970 44.
1177 4918 1218 4983 alt]
1234 4916 1321 4979 aicP¹3
1339 4914 1466 4969 simP²-
1485 4917 1665 4982 mutarim

334 5001 357 5064 (r
372 4999 399 5049 in
416 4998 517 5060 rasura)
537 5000 556 5048 P
573 5023 601 5033 -
620 4997 661 5048 44.
678 4999 793 5062 pontifex
809 4992 974 5047 Gulielmius:
994 4995 1124 5060 pontifices
1138 4995 1232 5055 Pav;
1252 4995 1399 5059 pontificma
1414 4995 1441 5047 u
1458 5019 1486 5030 -
1510 4993 1571 5044 cicir
1586 5005 1663 5054 poma

332 5087 389 5126 crea
406 5071 574 5124 Gulielmius:
593 5074 741 5136 memoriam
756 5072 874 5123 manc
896 5097 922 5106 —
940 5069 983 5121 44.
1001 5069 1115 5134 mtcilapo
1130 5071 1180 5121 PG
1198 5095 1226 5105 -
1245 5070 1299 5134 act]
1315 5073 1379 5121 nil>
1397 5097 1425 5106 -
1443 5069 1485 5120 48.
1501 5069 1584 5133 ἐμω
1598 5080 1663 5117 cau-

331 5161 388 5199 sam
412 5147 623 5211 cognitionumque
643 5149 703 5199 cod.
729 5151 787 5200 Car.
811 5147 953 5213 Stephani:
978 5146 1062 5209 ipsam
1081 5145 1293 5210 copuuicamrorse
1309 5149 1372 5207 PGi
1397 5147 1479 5209 ipsam
1499 5144 1664 5209 coercitionem

333 5223 428 5274 rivo.
448 5221 487 5274 Ci.
506 5235 532 5274 u.
550 5221 591 5274 ai.
611 5249 638 5258 -
663 5224 704 5274 30.
720 5225 923 5285 praetermittam
939 5225 971 5273 P:
990 5223 1193 5284 prostantium
1207 5221 1322 5273 thVO
1341 5249 1367 5260 -
1392 5222 1433 5272 34.
1451 5219 1614 5284 adropmuP
1633 5245 1660 5254 -

331 5297 373 5351 33.
391 5297 461 5364 pald]
478 5299 544 5363 qaod
561 5297 711 5352 G-libria
728 5298 923 5352 om.thli-
942 5295 984 5349 34.
1002 5295 1317 5362 moriamleoaed-
1337 5297 1378 5348 aa.
1395 5289 1661 5362 islirplvfflisit.
