4009 6159
939 851 1000 993 ..l
1014 848 1073 981 441

741 1102 784 1193 lt.
811 1102 954 1194 TULLII
980 1101 1211 1197 CICERONIS

588 1314 630 1399 P
670 1314 716 1399 R
757 1312 797 1401 0
875 1316 929 1401 P.
996 1316 1032 1403 S
1074 1316 1114 1404 44
1156 1314 1199 1401 h
1239 1315 1281 1402 L
1324 1318 1366 1403 A

772 1531 924 1598 ORATIO
946 1536 1000 1597 ni)
1024 1534 1183 1599 inultus

847 1729 888 1781 Ex
906 1730 1107 1783 RECENSIONE

700 1878 952 1939 ctuosi
996 1873 1254 1941 sanum

894 2080 1065 2093 *a

757 2236 940 2297 nortatus
963 2234 1203 2296 existumo.

311 2372 332 2421 Α
352 2384 379 2403 =
397 2366 524 2419 lemmata
541 2366 702 2421 Scholiastae
719 2368 866 2420 Bobieusia.
893 2366 978 2421 schol.
999 2372 1053 2420 cic.
1073 2370 1108 2430 44,
1126 2382 1152 2434 p.
1166 2368 1215 2419 3344
1231 2380 1292 2432 sqq.

312 2444 333 2493 t
354 2458 380 2478 =
398 2443 483 2494 codex
500 2444 718 2507 tegernseensis,
742 2446 767 2495 in
790 2457 843 2508 quo
861 2444 917 2497 solo
935 2458 968 2495 ex
985 2444 1096 2495 meliore
1113 2444 1237 2495 codicum
1253 2440 1350 2493 tamilla
1368 2443 1451 2493 oratio
1468 2446 1523 2495 tota
1540 2446 1644 2495 serveta

311 2516 351 2539 ‘¹'
397 2521 447 2572 est.
466 2520 534 2571 Cum
550 2520 576 2571 in
592 2522 710 2571 oratione
728 2534 777 2586 pro
789 2521 900 2572 coccino
913 2524 940 2572 et
951 2522 977 2571 44
987 2521 1136 2584 fragmento
1148 2519 1326 2583 Pompeianae
1336 2517 1494 2571 lectionibus
1506 2521 1547 2571 usi
1561 2521 1645 2571 simus

399 2606 467 2657 quaa
487 2595 525 2646 lo.
544 2594 606 2645 Chr.
626 2594 775 2647 tlariessius
797 2597 824 2647 in
840 2608 919 2646 usum
936 2597 966 2645 6.
985 2595 1110 2646 Garatoni
1126 2608 1160 2645 er
1176 2593 1270 2645 codice
1287 2593 1479 2647 44444444υά44
1495 2598 1644 2655 curaverat,

398 2669 432 2720 44
450 2670 500 2721 hac
517 2670 579 2721 iude
596 2670 714 2721 44444444
732 2672 959 2735 praestantissimo
971 2671 1063 2721 codice
1076 2671 1133 2735 ipso
1144 2670 1182 2719 uti
1193 2668 1278 2732 licuit,
1297 2670 1343 2733 qui
1354 2672 1495 2735 postquam
1506 2685 1556 2736 per
1567 2671 1646 2723 dimi-

399 2744 472 2795 dium
494 2744 549 2796 iere
571 2744 708 2797 saeculum
725 2744 840 2807 delituit,
865 2760 951 2810 nuper
968 2760 999 2795 ex
1018 2746 1162 2808 ilungaria¹
1186 2747 1216 2795 ut
1232 2744 1327 2805 lectur¹
1353 2758 1417 2797 cum
1434 2744 1491 2797 aliis
1508 2746 1645 2797 codicibus

400 2820 512 2871 Parisios
525 2818 630 2871 delatus
643 2822 684 2872 est
696 2821 730 2872 ad
742 2819 913 2885 bibliopolam
926 2822 954 2872 E.
965 2822 1110 2880 Trossium,
1121 2833 1135 2870 4
1148 2832 1202 2884 quo
1214 2833 1277 2870 eum
1289 2832 1383 2871 mensa
1393 2820 1536 2871 Decembri
1546 2835 1571 2872 a.
1583 2821 1647 2873 4863

398 2894 513 2945 redemit
523 2896 656 2947 4444444444.
673 2898 749 2948 Nunc
766 2898 793 2947 in
804 2895 963 2947 bibliotheca
974 2896 1046 2959 regia
1058 2895 1210 2945 ltonacensi
1220 2897 1381 2946 asservatur.
1395 2895 1470 2958 (cod.
1481 2897 1536 2948 Lat.
1547 2897 1650 2961 48484.)

357 2988 383 3007 =
402 2970 487 3021 codex
503 2971 645 3023 Vaticanus
663 2984 737 3022 num.
756 2972 833 3034 4446,
857 2970 919 3023 oiim
937 2968 1069 3022 Palatinus
1087 2972 1122 3034 4-
1134 2968 1185 3021 Pol.
1206 2983 1293 3021 nonus
1310 2971 1433 3033 Gruteri).
1460 2973 1647 3037 Fragmentum

401 3046 525 3098 orationis
543 3048 569 3097 in
587 3060 620 3097 eo
637 3050 773 3099 servatum
790 3046 824 3111 (3.
838 3046 917 3098 4-43
930 3046 1012 3111 med.)
1030 3048 1126 3112 partim
1143 3047 1171 3096 u.
1186 3048 1214 3096 G.
1227 3046 1394 3108 Nannenus,
1412 3048 1507 3112 partim
1524 3048 1567 3099 Fr.
1580 3049 1648 3099 ltcu-

404 3133 460 3171 4444
476 3122 575 3172 Boutae
593 3118 773 3181 contulerunt,
797 3122 908 3186 eiusque
932 3121 1077 3173 collationis
1094 3120 1277 3186 apographum
1293 3135 1309 3171 4
1326 3135 1356 3173 44
1374 3122 1471 3173 lactum
1490 3122 1648 3173 Niebuhrius

400 3208 463 3247 cum
478 3197 612 3247 Wuaoano
629 3198 848 3258 communicavit,
867 3211 882 3247 a
900 3210 953 3261 quo
970 3199 1087 3262 primum
1104 3197 1174 3247 hanc
1189 3195 1357 3249 collationem
1368 3199 1469 3262 accept.
1495 3199 1591 3249 Postea
1607 3194 1649 3247 le·

398 3272 501 3321 4444444
517 3285 533 3321 4
549 3271 694 3322 4444444444
706 3273 734 3321 44
744 3285 760 3321 4
772 3270 873 3323 44444444
885 3272 1031 3337 exscriptas
1042 3273 1069 3322 iu
1080 3268 1243 3335 marginibus
1254 3270 1368 3336 exempli
1378 3270 1557 3336 Neapolitani,
1575 3270 1649 3335 qood
1758 3302 1765 3310 -

398 3344 559 3399 4444444444
576 3346 747 3412 possederat,
771 3347 873 3407 iuveni,
895 3348 970 3399 cuius
987 3360 1039 3399 usu
1056 3361 1071 3397 a
1089 3348 1227 3399 Cumano
1242 3347 1308 3398 milti
1324 3360 1454 3399 concesso
1471 3347 1604 3412 quaedam
1622 3348 1648 3398 in

400 3422 553 3489 apographo
571 3420 691 3487 neglecta
708 3423 841 3485 corrigere
858 3419 939 3473 licuit.
966 3424 1107 3474 Praeterea
1124 3423 1150 3472 in
1162 3422 1234 3473 haud
1246 3423 1339 3488 paucis
1350 3422 1427 3486 44444,
1445 3426 1472 3475 44
1484 3423 1581 3488 quibus
1592 3420 1649 3473 col·

399 3496 462 3549 letio
487 3510 584 3563 pamm
609 3498 731 3548 accurata
757 3494 911 3559 videbatur,
940 3498 1063 3549 codicem
1087 3498 1175 3562 ipsum
1201 3498 1289 3550 denuo
1314 3499 1646 3551 cea.Pe1an1ncetLaoa.

400 3574 551 3625 8444444444
567 3573 755 3637 inspexerunt,
779 3570 851 3637 quod
869 3575 1009 3639 propterea
1027 3586 1139 3634 moneo.
1163 3586 1197 3625 ue
1214 3575 1289 3638 quis,
1311 3575 1338 3626 io
1355 3575 1432 3627 cuius
1447 3586 1543 3625 monus
1560 3586 1650 3624 exem·

400 3646 474 3712 pium
490 3646 699 3699 Niebuhriaoum
718 3649 883 3712 pervenerit,
910 3648 985 3699 novis
1002 3645 1160 3699 lectionibus
1178 3660 1193 3698 4
1210 3646 1287 3701 44444
1304 3650 1332 3701 44
1349 3649 1541 3701 commentario
1557 3650 1648 3701 critico

399 3720 508 3789 prolatis
525 3721 608 3773 fldem
625 3722 744 3787 deroget.

400 3796 487 3849 codex
507 3797 682 3860 Eriurteusia,
708 3811 780 3849 nunc
800 3796 992 3860 Berolioeusis,
1019 3798 1045 3847 44
1069 3809 1123 3861 quo
1142 3810 1206 3849 cum
1231 3800 1314 3849 oratio
1335 3796 1444 3850 4444444
1463 3799 1529 3850 livi.
1548 3800 1648 3861 integra

401 3873 558 3935 exstitisset,
585 3886 657 3924 nunc
681 3874 708 3923 in
733 3888 786 3925 444
812 3871 872 3924 44444
897 3871 989 3924 relicto
1012 3885 1065 3924 noo
1086 3875 1211 3938 superest
1231 3875 1281 3925 4444
1304 3878 1424 3926 44444444
1443 3876 1568 3927 orationis
1587 3886 1650 3941 pars

400 3948 426 4013 S.
445 3949 473 4001 84
494 3961 567 4015 444,
584 3946 651 4000 loliis
669 3949 796 4014 proximis
813 3947 996 4014 superioribus
1014 3950 1165 4013 temporum
1181 3949 1275 4001 4444444
1292 3948 1447 4015 deperditis.

401 4024 487 4075 codex
503 4022 681 4077 Bruxeliensis
698 4036 772 4075 num.
792 4024 871 4087 9463,
896 4023 931 4074 44
948 4025 968 4075 4.
987 4025 1086 4075 4444444
1103 4021 1223 4075 collatus.
1258 4025 1341 4075 444444
1358 4023 1470 4087 codicis.
1489 4026 1535 4091 qui
1551 4024 1651 4077 toedio-

402 4101 469 4152 aima
486 4096 529 4151 4144
547 4098 656 4163 quidem
673 4098 846 4164 interpolatus
863 4099 891 4149 et
906 4097 1012 4150 mendis
1029 4099 1116 4149 omnis
1132 4099 1238 4163 generis
1254 4100 1437 4161 relentescat,
1455 4099 1505 4150 scd
1520 4111 1650 4165 persaepe

402 4173 531 4225 lectiones
547 4171 665 4225 melioris
681 4171 794 4224 lemiiiae
811 4172 907 4235 44444,
925 4172 1074 4225 simillimus
1086 4178 1144 4225 erat
1154 4173 1196 4225 ille
1208 4174 1294 4225 codex
1305 4174 1457 4233 Parceuals,
1476 4172 1652 4225 cuiuslectto·

402 4260 451 4301 nes
472 4261 488 4298 a
507 4249 606 4299 Leviuo
629 4248 767 4300 ’444444444
789 4247 823 4299 ad
844 4248 976 4312 margines
994 4249 1038 4300 ed.
1056 4252 1222 4301 44444444444
1241 4251 1341 4314 (venet
1360 4249 1434 4301 4664.
1452 4247 1488 4310 4.)
1506 4248 1652 4312 exscriptos

402 4322 513 4375 04444444
537 4324 564 4374 44
584 4324 667 4375 04444.
686 4320 742 4374 seli.
760 4321 806 4373 XV
823 4323 918 4387 (turici
935 4324 1010 4376 4836.
1030 4325 1064 4388 8.)
1087 4338 1138 4377 uec
1160 4327 1251 4376 temen
1272 4326 1337 4376 44444
1359 4326 1483 4375 accurata
1499 4322 1651 4388 publicavit.

401 4396 472 4450 Num
494 4396 566 4449 idem
589 4397 675 4450 codex
698 4397 777 4450 luerit
795 4424 821 4434 -
841 4410 905 4449 uam
926 4397 1026 4463 aliquot
1047 4397 1113 4452 iocis
1134 4398 1262 4451 lectiones
1279 4399 1416 4451 Parcensis
1433 4400 1462 4449 et
1476 4395 1654 4449 Bruxeliensis

403 4472 517 4527 multum
534 4473 689 4540 discrepant
703 4500 751 4535 -,
769 4474 912 4537 propterca
929 4475 1061 4526 incertum
1078 4478 1133 4537 eat,
1152 4473 1225 4539 quod
1241 4475 1395 4526 Torrentius
1406 4474 1486 4524 ctiam
1498 4470 1582 4523 altero
1593 4471 1654 4521 4444-

404 4552 479 4603 censi
496 4563 562 4603 usus
580 4552 630 4601 est.
658 4551 713 4601 Nos
731 4547 831 4613 aliquot
846 4550 967 4614 proprias
984 4548 1114 4602 lectiones
1132 4551 1283 4612 4444444444,
1302 4562 1371 4615 quae
1390 4561 1442 4600 non
1459 4548 1564 4600 4444444
1579 4547 1606 4597 44
1622 4546 1653 4607 B,

402 4624 577 4691 prolcrcndas
593 4624 761 4690 putavimus,
779 4625 976 4676 consentientes
993 4638 1089 4677 omnes
1105 4625 1344 4690 praetermisimus.

323 4700 342 4749 S
360 4722 384 4745 ι-
404 4699 491 4753 codex
507 4699 716 4765 salisburgensis
727 4698 828 4751 aulicus
839 4713 865 4749 n.
879 4698 920 4759 34,
932 4713 1003 4751 4444
1016 4700 1076 4751 cod.
1089 4700 1254 4753 Monacensis
1266 4700 1322 4751 Lat.
1335 4697 1431 4760 46434,
1449 4712 1464 4749 4
1477 4710 1522 4749 mc
1533 4692 1653 4747 collatus.

324 4774 346 4823 ll
364 4798 390 4819 ε
405 4774 511 4827 codices
527 4774 623 4839 reliqui
640 4776 746 4840 praeter
763 4773 917 4826 nominatim
934 4772 1027 4826 4444444
1043 4776 1100 4826 sive
1117 4775 1236 4827 deterior
1250 4775 1376 4828 codicum
1391 4773 1498 4826 tamilla.

324 4848 346 4897 0
363 4872 390 4895 =
407 4850 485 4902 editio
501 4849 631 4902 occillena
648 4865 673 4901 4.
692 4850 765 4901 4846.

389 4934 528 4988 Lectiones
545 4934 589 4987 ed.
602 4934 790 4987 Lambioiauae
807 4947 834 4985 a.
847 4936 912 4987 4666
929 4934 1045 4999 integras
1062 4934 1159 4985 atterre
1174 4945 1406 5000 supervacaneum
1417 4933 1505 4983 444444
1517 4932 1568 4989 444,
1585 4940 1655 4993 quo·

321 5008 395 5061 niem
416 5009 562 5063 Lambinus
587 5008 615 5061 in
637 5010 688 5061 444
711 5010 830 5061 44444444
852 5010 972 5063 subsidio
989 5009 1090 5061 codicis
1110 5007 1197 5061 bonae
1215 5013 1293 5061 uotae
1309 5009 1404 5060 caruit.
1438 5008 1493 5059 iicc
1509 5002 1656 5069 quidquam

319 5082 409 5136 44444
426 5084 511 5150 inagis
527 5084 688 5137 niebuhrius
705 5087 732 5137 in
749 5084 887 5137 codicibus
903 5098 919 5135 4
937 5084 1126 5148 Lagomarsino
1143 5082 1244 5136 44444444
1261 5084 1375 5147 invenit,
1393 5082 1493 5148 quippe
1505 5080 1551 5144 qui
1562 5088 1657 5129 omnes

320 5157 356 5210 ad
372 5158 502 5212 4444444444
519 5159 681 5215 deteriorem
696 5160 854 5227 pertineant.

890 5300 1096 5315 m

368 5343 539 5397 oenone.
1401 5343 1443 5412 gg
