4009 6159
705 577 778 644 on.
801 579 951 644 v-vn.
978 577 1024 664 ss
1046 575 1193 646 ii-is.
1522 570 1605 639 tarr

277 748 355 814 visit
376 745 575 814 samonum,
601 744 737 830 Campus
758 749 889 812 Martius
907 750 1060 825 restabat,
1081 750 1144 814 nisi
1161 751 1248 834 prius
1263 770 1335 814 cum
1348 749 1445 814 444444
1458 746 1603 830 fugisset.

279 840 344 906 Sed
364 839 445 904 baec
466 859 611 922 agrorum
633 842 804 925 assignatio
826 843 922 925 paulo
944 852 1036 919 ante,
1067 845 1224 920 Quirites,
1252 846 1288 907 L.
1311 845 1469 920 Caesaris,
1496 841 1605 906 elaris·
1710 891 1734 937 s

89 946 94 986 i
144 987 156 1000 .
279 934 350 1000 simi
372 932 432 1018 rigi
454 939 486 997 et
505 934 765 1016 praestantissimi
788 937 959 1012 senatoris,
981 938 1139 1002 4444444444
1158 937 1313 1000 dissoluta
1333 944 1398 1000 est:
1427 935 1503 1002 buic
1517 935 1605 998 enim
1687 942 1713 999 s'·

278 1026 401 1093 assensi
427 1028 653 1110 septemvirum
680 1035 750 1092 actu
772 1025 967 1096 sustulimus.
1013 1033 1122 1095 Iacent
1147 1031 1301 1095 beneficia
1329 1031 1485 1105 Nuculae,
1512 1029 1606 1111 friget

277 1128 433 1216 patrpnus
452 1120 621 1184 Antonius.
661 1123 740 1184 Num
762 1143 960 1206 possessores
983 1126 1088 1188 animo
1108 1125 1262 1208 aequiore
1284 1123 1464 1188 discedent:
1484 1121 1628 1186 nullame
1712 1109 1753 1206 f

278 1216 456 1297 impensam
475 1213 631 1289 fecerant,
653 1215 793 1278 nondum
814 1217 1047 1293 instruxerant,
1068 1217 1184 1299 partim
1204 1218 1281 1300 quia
1306 1237 1371 1281 non
1393 1215 1604 1290 confidebant,

279 1307 394 1390 partim
420 1309 587 1392 quianon
614 1309 782 1372 habebant.
827 1305 878 1372 45.
908 1310 972 1376 Sed
1000 1311 1055 1374 illa
1075 1316 1180 1374 statua
1207 1310 1373 1392 palmaris,
1403 1309 1444 1373 de
1470 1328 1548 1392 qua,
1576 1307 1605 1371 si

279 1398 412 1464 meliora
438 1409 583 1486 tempora
607 1411 730 1476 essent,
757 1423 823 1466 non
849 1423 977 1486 possem
998 1405 1067 1467 sine
1088 1404 1154 1466 risu
1177 1404 1299 1467 dicere:
1325 1403 1563 1467 bautonio
1586 1421 1606 1465 a

280 1494 375 1555 Iano
405 1494 540 1559 medio
568 1504 755 1580 patrono.
794 1498 905 1560 Itane?
936 1498 1031 1561 Ianus
1053 1496 1175 1560 modius
1196 1498 1231 1560 in
1250 1498 1287 1560 L.
1306 1496 1437 1562 Antonii
1459 1494 1605 1560 clientela

282 1589 352 1650 esti
375 1585 454 1663 Quis
475 1610 627 1674 umquam
648 1590 681 1653 in
703 1590 759 1654 illo
782 1591 858 1654 lano
880 1590 1030 1655 inventus
1051 1598 1115 1665 est,
1137 1591 1194 1674 qui
1211 1591 1398 1655 Lbntonio
1413 1590 1499 1656 mille
1513 1607 1644 1654 num-to

282 1700 367 1744 mum
387 1679 485 1746 ferret
506 1687 702 1767 expensum?

365 1774 417 1838 Vl.
440 1777 504 1841 Sed
533 1777 628 1842 nimis
656 1778 754 1842 multu
784 1778 824 1840 de
852 1777 962 1862 nugis:
991 1777 1032 1841 ad
1060 1796 1187 1842 cauum
1213 1778 1398 1863 bellumque
1422 1781 1604 1848 redeamus3

282 1889 471 1954 quamquam
501 1892 565 1936 non
596 1871 734 1936 alienum
762 1871 823 1934 luit
844 1892 996 1955 personas
1018 1872 1172 1955 quasdam
1193 1892 1213 1935 a
1232 1873 1323 1937 vobis
1342 1875 1544 1958 recognosci,
1569 1880 1606 1937 ut

281 1963 469 2047 quibuscum
490 1966 608 2030 bellum
630 1974 791 2050 gereretur
811 1966 947 2048 possetis
967 1966 1056 2029 taciti
1079 1966 1227 2048 cogitare.
1256 1966 1324 2048 Ego
1339 1972 1445 2031 autem
1459 1987 1517 2031 vos
1530 1966 1606 2030 bor-

280 2065 344 2133 tor,
374 2058 534 2134 Quirites,
563 2069 598 2125 ut
626 2062 720 2125 etiarn
749 2061 776 2124 si
799 2060 913 2123 melius
934 2058 1023 2122 aliud
1043 2059 1120 2133 luit,
1142 2067 1249 2124 tamen
1270 2060 1447 2143 legatorum
1467 2057 1644 2123 reditumis

280 2154 469 2236 exspectetis
498 2154 603 2218 animo
633 2173 748 2239 aequo.
787 2153 937 2217 Celeritas
967 2150 1109 2216 detracta
1130 2154 1171 2216 de
1192 2173 1287 2217 causa
1309 2161 1372 2218 est:
1400 2154 1478 2217 boni
1500 2161 1606 2216 umen

280 2243 399 2330 aliquid
427 2248 561 2310 accessit
591 2247 631 2310 ad
662 2267 798 2311 causam.
842 2242 893 2308 46.
917 2246 994 2308 Cum
1026 2247 1111 2309 enim
1138 2246 1234 2329 legati
1265 2246 1492 2321 renuntiarint,
1521 2246 1607 2330 quod

280 2347 364 2404 certe
385 2341 626 2415 renuntiabunt,
654 2361 718 2404 uon
740 2341 774 2404 in
795 2347 900 2405 vestra
920 2346 1097 2423 potestate,
1126 2360 1191 2404 non
1213 2342 1246 2404 in
1268 2348 1397 2404 senatus
1418 2361 1488 2405 esse
1509 2343 1607 2405 Anto-

279 2434 386 2508 nium,
414 2434 487 2526 quis
515 2436 574 2498 orit
600 2442 665 2499 tam
693 2435 855 2519 improbus
877 2435 954 2497 civis
977 2434 1035 2518 qui
1055 2434 1147 2498 illum
1169 2434 1270 2498 civem
1291 2433 1471 2499 babendum
1491 2438 1605 2518 putati
1725 2381 1756 2492 ᾖ

279 2528 371 2589 Nunc
393 2527 476 2590 enim
498 2534 571 2591 sunt
592 2529 686 2612 pauci
708 2529 755 2592 illi
778 2527 923 2613 quidem,
954 2527 1011 2591 sed
1032 2536 1137 2592 umen
1159 2527 1283 2611 plures,
1306 2548 1402 2613 mam
1422 2549 1458 2593 re
1479 2529 1644 2613 publicare

282 2620 411 2703 dignum
432 2629 497 2696 est,
520 2623 575 2707 qui
596 2623 641 2686 ita
661 2623 851 2707 loquantur:
873 2642 914 2685 ne
933 2621 1053 2705 legatos
1070 2621 1200 2706 quidem
1215 2621 1489 2704 exspectabimus?
1510 2623 1606 2686 lstam

281 2719 366 2777 certe
385 2733 496 2779 vocem
518 2715 817 2801 simulationemque
841 2716 1029 2782 clementiae
1050 2715 1255 2801 extorquebit
1274 2715 1344 2780 istis
1364 2736 1417 2780 res
1439 2715 1510 2800 ipsa
1535 2712 1606 2800 [pu-

280 2802 385 2890 blicnl.
426 2808 499 2885 Quo
528 2811 636 2885 etiam,
669 2816 705 2874 ut
734 2807 884 2875 confitear
912 2810 1018 2886 vobis,
1052 2811 1212 2887 Quirites,
1246 2812 1350 2875 minus
1375 2809 1532 2874 bodierno
1553 2807 1606 2875 dio

280 2902 446 2977 contendi,
474 2903 580 2968 minus
607 2905 763 2979 laborari,
792 2913 829 2969 ut
854 2905 931 2969 mibi
959 2912 1088 2969 senatus
1109 2905 1286 2970 assentiens
1307 2904 1475 2968 mmultum
1497 2902 1607 2967 decer·

279 3003 384 3071 neret,
413 3016 489 3080 saga
515 3001 596 3064 sumi
628 3000 760 3064 iuberet
799 2999 898 3064 blalui
928 3000 1038 3084 viginti
1068 3000 1179 3063 diebus
1199 3007 1273 3084 post
1293 2998 1482 3064 sententiam
1502 3015 1642 3064 moamto

278 3090 400 3154 laudari
428 3091 467 3155 nb
497 3095 643 3158 omnibus
672 3115 767 3178 quam
796 3115 816 3158 a
842 3096 951 3178 paucis
973 3093 1071 3158 bodie
1092 3094 1276 3177 vituperari.
1319 3088 1370 3156 47.
1393 3091 1606 3176 Quapropter,

280 3183 434 3260 Quirites,
463 3195 646 3270 exspectate
673 3188 849 3270 legatorum
876 3188 1013 3252 reditum
1035 3193 1067 3252 et
1088 3207 1263 3270 paucorum
1284 3187 1406 3251 dierum
1426 3186 1606 3250 molestiam

279 3277 436 3342 devorate.
471 3279 533 3355 Qui
555 3302 628 3345 oum
646 3282 814 3356 redierint,
838 3283 864 3345 si
884 3301 995 3364 pacem
1011 3282 1158 3357 afferent,
1180 3283 1330 3364 cupidum
1345 3301 1411 3355 me,
1434 3278 1462 3343 si
1475 3277 1606 3352 bollum,

278 3370 445 3456 providum
472 3373 652 3438 iudicatote.
693 3376 742 3439 An
772 3395 831 3458 ego
859 3395 924 3439 non
953 3374 1136 3460 provideam
1165 3376 1244 3439 meis
1271 3376 1415 3440 civibus?
1443 3391 1508 3436 non
1536 3369 1605 3435 dies

277 3472 453 3550 noctesque
474 3467 514 3531 de
535 3476 640 3536 vestra
661 3469 823 3545 libertate,
846 3471 885 3533 de
899 3470 946 3533 rei
961 3469 1108 3553 publicae
1123 3470 1225 3533 salute
1240 3471 1397 3552 cogitem?
1420 3467 1503 3543 Quid
1520 3465 1642 3535 enimse

278 3580 342 3624 non
364 3559 463 3626 debeo
485 3563 589 3638 vobis,
612 3562 762 3638 Quirites,
786 3583 882 3647 quem
896 3583 953 3628 vos
976 3582 995 3626 a
1017 3583 1051 3626 se
1073 3570 1177 3627 ortum
1198 3562 1380 3627 bominibus
1397 3560 1605 3627 nobilissimis

279 3657 425 3722 omnibus
438 3656 613 3722 honoribus
627 3658 843 3741 praetulistis?
862 3659 913 3721 Au
927 3657 1067 3740 ingratus
1081 3660 1172 3721 sumt
1203 3659 1275 3740 quis
1289 3657 1416 3721 minus?
1438 3657 1494 3740 qui
1507 3654 1605 3738 partis

278 3750 454 3815 honoribus
480 3750 610 3816 eosdem
638 3751 673 3814 in
699 3750 768 3816 foro
798 3753 881 3835 gessi
911 3751 1052 3827 labores,
1086 3771 1165 3835 quos
1196 3752 1351 3833 petendis.
1395 3750 1494 3813 Rudis
1514 3749 1549 3811 in
1570 3768 1605 3812 re

278 3846 426 3930 publicat
459 3847 531 3930 quis
563 3845 779 3920 exercitatior,
814 3847 870 3931 qui
900 3846 1012 3929 viginti
1040 3846 1103 3910 iam
1130 3865 1233 3910 annos
1263 3846 1383 3910 bellum
1404 3863 1511 3928 geram
1532 3863 1605 3907 cum

278 3941 384 4025 impiis
412 3940 557 4005 civibus?
600 3939 667 4006 Vll.
691 3934 741 4003 l8.
772 3940 874 4016 Quam
908 3940 948 4002 ob
977 3961 1061 4016 rem,
1095 3940 1251 4016 Quirites,
1285 3939 1417 4004 consilio
1450 3944 1641 4022 quantumst

343 4231 368 4281 4.
392 4231 535 4282 itanum
559 4231 627 4281 coni.
650 4230 801 4288 Ferrarius;
828 4233 855 4280 at
875 4244 900 4281 v.
923 4231 1004 4283 blaor.
1027 4231 1079 4280 sot.
1097 4232 1123 4292 1,
1145 4229 1191 4291 40,
1211 4229 1252 4280 46.
1278 4254 1307 4267 -
1332 4229 1358 4279 2.
1376 4229 1518 4293 odsimtio
1534 4230 1557 4280 V
1575 4255 1604 4268 -·

277 4302 1606 4368 benammi-tmoli-o.no1mtspeuusaoerauiv-o.eousoeiooaiv-t.aa-

277 4378 348 4430 beliot
363 4378 387 4429 V
405 4405 433 4416 -
451 4379 476 4431 8.
496 4393 514 4429 o
530 4393 584 4431 om.
604 4380 630 4439 l;
652 4379 709 4428 loci
728 4379 803 4430 modii
824 4381 893 4431 coni.
913 4380 1056 4430 Ferrarius.
1077 4406 1105 4416 -
1130 4379 1155 4428 9.
1172 4379 1271 4429 4444444444
1286 4377 1310 4426 V
1327 4404 1356 4418 -
1374 4379 1444 4428 lione
1459 4379 1490 4428 Α.
1508 4375 1606 4428 Gellius

277 4455 333 4520 (qui
349 4452 439 4506 locum
455 4453 532 4506 affert
547 4456 572 4515 1,
591 4454 635 4516 46,
653 4455 670 4505 b
686 4465 773 4519 usque
790 4454 824 4505 ad
841 4455 999 4518 cepenaanl:
1023 4455 1062 4504 ito
1077 4454 1105 4504 io
1120 4466 1178 4505 eom
1193 4452 1250 4511 νίς
1276 4452 1336 4504 lori.
1353 4452 1442 4505 444444
1457 4453 1511 4503 torn
1529 4478 1557 4489 -
1575 4453 1605 4502 4..

277 4542 331 4581 om.
350 4525 382 4579 V¹
401 4556 428 4567 -
447 4529 535 4579 outoni
550 4529 574 4578 V
592 4554 620 4565 -
639 4529 679 4579 44.
698 4534 733 4580 est
749 4527 860 4581 Gellius:
879 4531 911 4580 sii
926 4529 1014 4585 V0i;
1037 4528 1071 4580 ol.
1089 4528 1177 4581 uror.
1196 4528 1231 4578 ad
1248 4529 1303 4579 Cic.
1321 4527 1356 4580 de
1372 4528 1435 4579 dnn.
1453 4541 1481 4594 p.
1499 4524 1557 4579 448.
1576 4553 1605 4563 -

277 4605 321 4669 qui
337 4600 370 4655 44ι
385 4604 413 4655 44
429 4603 507 4655 codd.
525 4602 651 4657 Macrobii
668 4604 721 4654 Sat.
740 4605 767 4665 1,
787 4606 816 4666 4,
834 4607 864 4666 b,
888 4605 934 4669 qui
950 4603 1028 4655 alleri
1044 4605 1088 4665 qai
1103 4616 1426 4666 mucium-wapentac.
1445 4627 1474 4638 -
1491 4615 1609 4652 ommno-

277 4693 335 4730 m
351 4673 384 4729 V¹
402 4702 429 4716 -
456 4678 637 4742 taponaco
656 4703 681 4716 -
709 4680 749 4729 444.
768 4679 832 4730 olim
848 4678 870 4728 V
889 4705 916 4715 -
941 4678 1083 4740 lopotonem
1097 4678 1206 4728 rodim
1221 4677 1361 4742 lepotonsm
1376 4678 1508 4742 «spectetis
1522 4678 1607 4727 actuo

278 4753 443 4818 eoqro·
463 4754 503 4805 44,
521 4753 765 4817 oproooscosuv
784 4781 811 4792 -
831 4754 872 4804 44.
891 4751 989 4813 quiden
1006 4753 1068 4803 iiiii
1089 4778 1114 4790 -
1134 4751 1350 4815 qoomr.p.vi
1367 4751 1608 4816 tanrsspudlico

278 4831 306 4880 44
318 4827 426 4892 popualus
442 4828 567 4879 limosum
583 4827 639 4879 lere
656 4840 764 4892 semper
781 4827 866 4892 plenis
882 4825 976 4877 litteris
993 4828 1122 4891 scriptum
1140 4827 1200 4888 est.)
1220 4853 1247 4862 —
1271 4829 1313 4877 44.
1332 4829 1519 4890 eopoctouim
1534 4826 1557 4876 V
1572 4853 1607 4864 —

277 4905 319 4955 33.
337 4903 391 4953 istis
406 4900 442 4951 V:
468 4902 500 4952 iia
520 4903 528 4952 4
548 4930 575 4938 -
597 4901 698 4964 publico
716 4901 807 4954 delent
824 4903 942 4953 bluretus
960 4904 987 4952 et
1004 4903 1141 4963 Garatoni,
1167 4903 1195 4952 in
1211 4901 1234 4950 V
1251 4903 1293 4953 est
1305 4915 1333 4964 p.
1356 4927 1384 4938 -
1410 4900 1451 4953 al.
1469 4900 1608 4952 amusim

277 4981 300 5031 V
317 5005 345 5018 -·
363 4978 405 5030 48.
423 4978 535 5041 adsocia
551 4975 574 5026 V
593 5001 620 5014 -
646 4977 686 5027 34.
706 4979 771 5040 quir.
789 4979 815 5036 i3
838 4978 954 5040 prospice
969 4978 993 5027 V
1011 5002 1038 5013 —
1063 4977 1185 5027 4444444444
1201 4989 1219 5026 o
1235 4990 1260 5026 re
1276 4983 1360 5028 orm
1375 4977 1508 5036 Horetum
1531 4988 1607 5026 sor-

279 5061 332 5106 iam
348 5054 371 5105 V
387 5055 415 5106 in
432 5067 485 5105 ras.
504 5049 594 5103 babet.
619 5077 646 5088 -
671 5052 712 5103 34,
727 5054 811 5115 portis
826 5052 849 5102 V
867 5065 936 5104 corr.
956 5066 988 5102 ex
1009 5066 1091 5114 ponis
1107 5079 1134 5089 -
1159 5052 1199 5103 33.
1218 5053 1281 5117 pessi
1297 5055 1325 5103 io
1339 5053 1396 5116 foro
1413 5053 1422 5102 4
1446 5077 1473 5088 -
1495 5050 1606 5113 pascois

278 5129 318 5178 V:
341 5129 369 5179 io
388 5129 498 5192 petendis
516 5129 532 5178 i.
560 5129 682 5180 Garatoni
704 5131 764 5194 apte
787 5127 897 5180 contulit
919 5129 953 5179 de
976 5130 1056 5191 Legg.
1074 5128 1121 5187 lll,
1140 5127 1155 5192 s
1172 5128 1217 5178 lt:
1242 5129 1344 5178 Dooaem
1359 5141 1390 5178 oe
1410 5129 1530 5190 capiunto
1545 5137 1606 5176 owe

280 5205 355 5254 docto
371 5217 431 5256 ostro
444 5205 552 5267 petendo
567 5217 627 5255 neoc
642 5206 752 5269 posodo
766 5218 827 5256 oeus
842 5210 912 5268 posto
924 5210 1054 5268 potestate.
1069 5230 1095 5240 -
1114 5203 1155 5255 34.
1169 5204 1331 5265 comitatior
1347 5204 1372 5253 i:
1390 5201 1524 5253 4444444444
1538 5199 1562 5248 V
1573 5225 1600 5236 -

280 5278 321 5331 35.
339 5279 423 5344 iiuptlu
438 5280 475 5331 V:
493 5279 612 5344 improbis
627 5281 651 5342 i,
669 5280 703 5331 cl.
716 5292 755 5334 or.
768 5279 826 5342 ΧΠ,
844 5279 859 5344 5
872 5279 912 5331 48.
930 5279 995 5342 XlV,
1014 5277 1072 5343 §lb
1090 5280 1117 5331 44
1133 5291 1215 5344 saepe
1231 5277 1304 5330 alias.
1319 5303 1347 5315 -
1365 5277 1458 5328 44444444
1472 5273 1505 5326 V.
