4009 6159
646 621 719 689 cn.
742 622 922 689 vs-vrn.
949 619 996 706 §a
1019 617 1169 688 ta-sc.
1489 618 1572 687 reso

242 799 452 877 posteaquam
473 798 601 877 praetor
622 798 673 857 est
692 791 810 867 iactus,
832 791 976 857 modeste
998 812 1033 855 se
1056 794 1154 876 pessit
1175 799 1207 857 et
1226 792 1430 857 abstinenter.
1458 795 1571 859 Nonne

241 886 287 950 ita
308 887 503 971 provinciam
525 886 676 962 vastavit,
707 894 741 950 ut
771 886 851 949 nihil
872 908 978 972 neque
1001 889 1087 972 passi
1109 889 1173 952 siut
1194 906 1299 971 neque
1321 892 1571 969 exspectaverint

241 982 368 1063 parius
396 979 430 1043 in
459 981 547 1045 hello
578 980 802 1068 socii‚nostri,
831 1001 926 1064 quam
955 982 1077 1066 experti
1099 982 1228 1047 suntin
1249 1000 1327 1064 pace
1351 982 1412 1047 hoo
1434 982 1570 1047 Africam

241 1073 427 1137 interiorem
449 1074 636 1138 obtinente?
657 1074 744 1137 unde
765 1081 886 1139 mutum
904 1075 957 1139 hic
972 1075 1128 1150 exhausit,
1152 1082 1305 1159 quantum
1320 1078 1424 1157 potuit
1438 1084 1493 1140 aut
1506 1075 1570 1138 fide

241 1167 404 1231 nominum
427 1169 528 1232 traiici
550 1169 659 1232 autin
681 1188 778 1232 nares
801 1169 957 1233 contrudi.
990 1172 1144 1245 Tantum,
1166 1170 1307 1254 iuquam,
1331 1168 1492 1245 exhausit,
1515 1187 1593 1252 pa·a

239 1270 305 1325 tres
327 1263 518 1346 conscripti,
541 1271 694 1347 quantum
716 1263 832 1325 voluit:
861 1282 902 1325 ne
924 1282 1052 1327 causam
1074 1264 1207 1338 diceret,
1231 1263 1376 1326 sestertio
1400 1262 1570 1327 duodecies

241 1378 314 1422 oum
337 1357 470 1421 Caesare
491 1357 669 1441 paciscitur.
703 1357 797 1432 Quod
820 1358 846 1421 si
869 1358 1033 1441 quippiam
1049 1379 1159 1423 eorum
1179 1357 1293 1422 salsum
1309 1364 1372 1432 est,
1394 1356 1445 1421 his
1466 1358 1571 1442 palam

240 1451 369 1526 refelle,
390 1451 492 1524 unde,
515 1452 569 1534 qui
592 1449 687 1513 modo
710 1470 751 1513 ne
773 1457 934 1534 paternam
951 1452 1081 1535 quidem
1097 1454 1224 1516 domum
1240 1451 1395 1515 redimere
1417 1453 1570 1534 potueris,

240 1550 372 1629 repente
399 1552 562 1628 tamquam
593 1545 715 1608 somnio
744 1544 856 1608 heatus
886 1544 995 1631 hortos
1027 1547 1289 1630 pretiosissimos,
1318 1546 1424 1610 villam
1449 1544 1571 1607 Tiburti

242 1638 276 1702 C.
300 1638 458 1713 Caesaris,
478 1638 620 1723 reliquas
640 1639 861 1723 possessiones
883 1643 1053 1722 paraveris.
1090 1638 1141 1705 20.
1159 1643 1271 1725 Neque
1292 1640 1394 1724 piguit
1408 1658 1607 1723 quaererem

240 1754 297 1797 cur
327 1751 387 1816 ego
416 1734 453 1796 Ρ.
473 1732 577 1797 Crassi
608 1731 736 1797 domum
763 1736 927 1809 emissem,
957 1755 1029 1798 cnm
1054 1742 1089 1799 tu
1118 1735 1186 1799 eius
1216 1734 1310 1798 sillae
1341 1733 1486 1798 domiuus
1515 1735 1569 1811 sis,
1604 1798 1607 1805 ,

240 1828 332 1892 cuius
353 1826 450 1909 paulo
472 1834 547 1891 ante
567 1826 628 1891 luit
650 1826 774 1891 Caesar.
817 1826 929 1903 Modo,
957 1829 1106 1913 inquam,
1128 1828 1319 1912 patrimonio
1343 1847 1407 1892 non
1429 1848 1567 1905 comeso,

239 1921 297 1987 sed
320 1920 490 1996 devorato,
518 1921 634 2005 quihus
662 1921 840 1985 rationibus
865 1929 996 2005 repente
1028 1923 1131 1987 iactus
1153 1942 1187 1987 es
1210 1930 1273 1985 tam
1295 1921 1430 1986 affluens
1452 1928 1484 1986 et
1504 1929 1570 1986 tam

238 2015 374 2080 heatus?
405 2017 485 2079 Nam
508 2015 581 2099 quis
602 2022 634 2078 te
655 2015 774 2079 iaceret
793 2015 960 2090 heredem,
989 2036 1084 2100 quem
1106 2038 1146 2080 ne
1168 2018 1303 2080 amicum
1325 2016 1454 2100 quidem
1476 2037 1570 2079 suum

238 2110 313 2174 satis
346 2109 516 2173 honestum
545 2110 715 2193 quisquam
746 2110 805 2173 sihi
835 2110 921 2173 ducit
950 2110 1011 2173 nisi
1040 2112 1150 2175 similis
1173 2131 1210 2174 ac
1230 2129 1288 2193 par
1309 2112 1381 2174 tuis
1425 2111 1508 2174 Vlll.
1529 2112 1570 2175 At
1579 2129 1606 2176 ta

238 2204 386 2269 hercules
416 2204 542 2287 egregia
569 2202 653 2266 lacta
683 2204 837 2266 maiorum
867 2211 993 2268 tuorum
1022 2212 1054 2268 te
1087 2204 1256 2269 extollunt:
1289 2225 1423 2288 quorum
1445 2206 1511 2269 sive
1534 2213 1570 2269 tu

240 2298 354 2363 similis
377 2318 429 2373 es,
453 2297 520 2360 sive
542 2295 590 2359 illi
613 2297 675 2371 tui,
702 2296 783 2359 nihil
806 2297 846 2360 ad
869 2298 1011 2363 omnium
1034 2300 1137 2364 scelus
1160 2319 1196 2364 ac
1217 2300 1393 2385 nequitiam
1415 2298 1489 2362 addi
1512 2320 1569 2382 po·

239 2399 312 2455 test.
351 2386 402 2454 24.
423 2393 558 2467 Verum,
580 2398 616 2455 ut
637 2392 769 2476 opinor,
790 2392 927 2457 honores
949 2394 995 2457 tui
1017 2400 1048 2456 te
1069 2393 1191 2457 faciunt
1212 2393 1411 2457 insolentem.
1448 2395 1511 2468 Tu,
1535 2392 1569 2457 C.

241 2487 375 2562 Salusti,
407 2485 559 2550 tantidem
592 2494 685 2569 putas
718 2506 788 2551 esse
819 2488 869 2551 his
903 2494 1083 2551 senatorem
1112 2494 1143 2550 et
1172 2487 1221 2550 his
1251 2494 1454 2571 quaestorem
1481 2484 1567 2562 lieri,

240 2581 351 2664 quanti
372 2580 423 2644 his
445 2581 643 2645 consularem
666 2582 768 2645 ethis
789 2582 1033 2667 triumphalem?
1057 2581 1170 2645 Carere
1193 2581 1284 2645 decet
1303 2582 1389 2645 omni
1403 2582 1492 2657 sitio,
1514 2583 1606 2665 quino

239 2676 274 2738 in
295 2675 430 2739 alterum
453 2675 557 2739 dicere
579 2684 708 2758 paratus
731 2685 795 2742 est:
817 2678 845 2740 is
868 2677 995 2739 demum
1017 2675 1210 2751 maledicit,
1233 2675 1289 2759 qui
1312 2694 1376 2737 nou
1399 2682 1504 2757 potest
1517 2695 1571 2739 ve·

240 2789 311 2834 rum
332 2768 372 2831 ah
395 2768 495 2833 altero
518 2770 637 2834 andire.
671 2770 736 2833 Sed
758 2780 790 2835 tu
813 2771 956 2835 omnium
977 2791 1159 2835 mensarum
1178 2770 1339 2845 assecula,
1361 2770 1502 2834 omnium
1517 2790 1570 2833 cu·

238 2862 417 2926 hioulorum
445 2864 479 2927 in
506 2872 608 2929 aetate
629 2864 723 2948 pelex
744 2873 777 2929 et
798 2866 882 2930 idem
905 2874 1018 2949 postea
1037 2865 1176 2941 adulter,
1205 2866 1308 2929 omnis
1330 2865 1450 2928 ordinis
1474 2865 1570 2949 turpi·

240 2956 318 3021 tudo
341 2976 375 3021 ss
397 2965 430 3021 et
451 2959 553 3023 civilis
566 2959 643 3024 helii
666 2961 828 3024 memoria·
864 2959 950 3036 Quid
973 2959 1059 3023 enim
1080 2960 1141 3024 hoc
1155 2959 1283 3043 gravius
1305 2960 1372 3042 pati
1394 2961 1568 3043 potuimus,

240 3069 333 3134 quam
362 3052 449 3136 quod
477 3061 508 3117 te
536 3054 728 3119 incolumem
753 3055 789 3119 in
814 3056 876 3119 hoc
905 3053 1017 3118 ordine
1046 3054 1214 3119 videmus?
1257 3050 1309 3117 22.
1330 3054 1448 3117 Desine
1478 3060 1606 3138 peta-n

240 3147 414 3211 lautissime
435 3150 610 3212 consectari
631 3148 752 3225 honos,
782 3148 892 3212 desine
918 3148 1029 3211 morbo
1051 3148 1253 3232 procacitatis
1274 3148 1336 3212 isto
1356 3147 1422 3224 uti,
1456 3147 1567 3213 desine

238 3262 336 3305 unum
359 3262 519 3327 quemque
548 3242 689 3306 moribus
716 3245 778 3307 tuis
803 3245 980 3307 aestimare.
1016 3243 1074 3306 ilis
1096 3243 1236 3306 morihus
1259 3228 1397 3307 amicum
1419 3244 1478 3308 tihi
1500 3242 1569 3308 effi-

240 3356 312 3400 cere
333 3355 399 3399 non
420 3342 528 3420 potes:
550 3336 668 3401 videris
693 3337 786 3401 malle
810 3337 973 3401 inimicum
994 3337 1122 3401 hahere.
1163 3337 1275 3401 Finem
1295 3338 1419 3403 dicendi
1444 3338 1568 3415 faciam,

238 3436 344 3514 patres
374 3430 563 3515 conscripti3
594 3451 688 3517 saepe
718 3433 802 3496 enim
823 3432 889 3495 vidi
913 3431 1038 3515 gravius
1061 3431 1222 3495 offendere
1244 3432 1366 3497 animos
1388 3434 1568 3497 auditorum

240 3544 313 3600 eos,
344 3523 400 3609 qui
426 3523 531 3589 aliena
556 3526 676 3610 flagitia
696 3534 804 3611 aperte
827 3526 994 3601 dixerunt,
1025 3546 1121 3609 quam
1143 3546 1215 3601 cos,
1246 3527 1302 3609 qui
1325 3526 1606 3592 commiseruntzao

303 3907 329 3956 4.
345 3904 429 3969 laetos
444 3909 479 3957 est
495 3906 516 3955 G
535 3930 562 3941 -
584 3918 636 3955 non
651 3904 690 3954 tto
706 3905 754 3954 ΤΒ
774 3930 801 3939 -
825 3904 850 3954 2.
867 3905 938 3968 possi
954 3904 1123 3966 sinttpoesim
1138 3898 1170 3954 A¹
1189 3928 1216 3938 -
1235 3903 1423 3967 espectonerint
1438 3905 1501 3955 Al':
1521 3918 1569 3956 es»

235 3985 400 4045 petonem
415 3981 448 4039 B:
470 3980 639 4043 cospmtorint
656 3980 706 4030 (30
726 4007 753 4017 -
774 3979 799 4031 4.
818 3981 942 4042 optinente
957 3980 1007 4030 AT
1024 4004 1052 4014 —
1073 3980 1122 4043 fide
1137 3978 1264 4028 hominem
1281 3980 1302 4029 G
1321 4004 1349 4015 -
1367 3979 1392 4029 e.
1411 3980 1488 4029 tutet
1503 3980 1566 4042 AT3

237 4057 328 4107 tretici
338 4058 371 4117 (ἒς
390 4056 457 4107 tratti
472 4056 492 4105 B
507 4081 533 4092 -
553 4055 696 4116 sequana
715 4053 814 4118 ubique
828 4080 854 4091 -
874 4054 990 4105 estensis
1003 4070 1032 4116 p.
1045 4067 1066 4103 ο.
1078 4054 1100 4104 A
1110 4054 1172 4104 TB:
1188 4058 1275 4115 putres
1290 4055 1435 4116 cmnortptt,
1454 4055 1571 4107 eetsmtt

238 4132 289 4183 G0
303 4160 330 4170 -
348 4132 373 4183 6.
390 4132 504 4182 eestm
520 4131 581 4191 Am
599 4130 767 4188 εοοωνοίοῦς
786 4130 903 4181 scamno
918 4130 938 4179 B
951 4155 985 4167 -
1000 4131 1025 4181 7.
1045 4130 1175 4193 quippiam
1191 4130 1285 4180 ATB:
1304 4129 1476 4192 quispiamG3
1494 4132 1569 4193 puid-

236 4208 337 4271 ptomo
352 4233 378 4244 -
391 4208 482 4264 stom
500 4206 629 4256 ttotadte
642 4206 782 4256 Cortius-
796 4205 821 4256 8.
833 4206 943 4255 endec:
961 4206 1026 4255 undo
1037 4205 1285 4267 too-pntmodo]
1299 4207 1464 4268 quomode&
1483 4221 1570 4270 quosn-

236 4282 339 4333 nsodott
354 4308 379 4319 -
400 4282 528 4347 redinere]
545 4282 647 4332 retinire
659 4281 694 4339 C;
712 4281 817 4331 retinere
828 4282 887 4331 cod.
903 4281 1017 4340 Pithoei,
1037 4280 1095 4331 tort.
1114 4282 1196 4331 recte.
1210 4305 1238 4316 -
1259 4280 1283 4331 9.
1302 4282 1413 4342 soenpnto
1430 4283 1465 4341 G;
1483 4294 1569 4333 somno

237 4360 256 4410 B
268 4384 296 4395 -
311 4357 405 4408 libasti
420 4358 482 4409 TB:
501 4357 594 4420 tpbnrti
605 4361 641 4415 A;
660 4356 749 4407 tituroi
760 4359 795 4417 G;
816 4356 970 4407 Tiburtinam
982 4355 1091 4415 Lamb.;
1112 4356 1234 4405 Tiburtem
1246 4352 1288 4405 vel
1305 4356 1332 4404 in
1346 4354 1442 4405 liberte
1454 4356 1567 4407 Cottius.

239 4458 267 4471 -
287 4433 328 4482 to.
347 4431 384 4496 0,]
401 4432 432 4483 G.
451 4433 500 4483 AB
519 4460 547 4470 -
567 4433 606 4482 44.
625 4434 678 4483 nse
694 4446 756 4483 nos:
774 4438 845 4483 uetus
862 4431 951 4492 A'l'B;
970 4433 1059 4481 vetetis
1075 4433 1125 4481 GO
1143 4457 1170 4467 —
1194 4433 1228 4481 sis
1245 4444 1299 4482 om.
1319 4433 1340 4481 G
1358 4457 1385 4467 -
1409 4431 1449 4482 42.
1466 4431 1516 4495 snit
1531 4432 1565 4483 A:

235 4508 313 4573 pens
333 4507 394 4567 'l'B3
419 4507 504 4570 sanst
526 4508 575 4559 GO
594 4534 621 4545 —
647 4521 767 4558 commeso
788 4508 835 4557 ΤΒ
855 4534 882 4543 -
910 4506 950 4555 43.
968 4506 1051 4569 (octus
1071 4512 1211 4569 strepente
1228 4508 1249 4557 G
1267 4534 1294 4542 -
1319 4507 1361 4557 te.
1381 4506 1518 4570 quinques
1538 4533 1566 4545 -

237 4584 278 4635 ta.
296 4582 406 4633 terentes
421 4582 499 4633 ΛΤΒ
518 4582 547 4646 (A
563 4580 694 4645 syllabam
711 4582 834 4633 sehabet
851 4583 877 4633 in
894 4583 1011 4644 resura):
1030 4582 1128 4633 ternae
1144 4583 1193 4633 GO
1206 4612 1234 4620 -
1254 4581 1295 4632 47.
1313 4581 1354 4631 itte
1369 4582 1391 4632 A
1407 4607 1434 4617 -
1454 4582 1491 4632 tui
1507 4579 1567 4631 cod.

237 4660 354 4711 Pithoel:
373 4658 418 4710 titt
434 4659 495 4709 C-
516 4659 555 4710 48.
574 4658 601 4710 0.
619 4661 654 4709 G:
674 4659 704 4711 G.
723 4659 815 4719 ATB3
836 4658 920 4719 crispe
935 4658 955 4707 0
968 4682 997 4694 -
1018 4658 1059 4708 49.
1077 4658 1205 4720 meotidem]
1223 4658 1322 4708 totidem
1334 4657 1354 4708 C
1368 4682 1394 4694 -
1415 4657 1456 4708 20.
1470 4653 1568 4719 quenti]

237 4739 298 4796 poet
313 4734 406 4793 Al'ti3
425 4735 492 4795 qood
507 4735 527 4784 Β
546 4762 574 4773 -
592 4736 660 4786 decet
675 4735 765 4786 ATB:
784 4734 852 4786 dehet
869 4734 918 4784 G0
937 4759 964 4771 -
984 4734 1026 4784 24.
1046 4734 1127 4784 dicere
1140 4738 1249 4796 perstre
1265 4738 1301 4783 eat
1317 4733 1350 4782 G:
1370 4731 1451 4782 dicere
1468 4733 1570 4795 (edmero

237 4811 265 4873 Β)
282 4814 392 4873 paratur
414 4810 480 4874 tom.
499 4810 547 4873 est)
569 4811 661 4871 Arm
682 4816 790 4875 paratus
810 4817 846 4861 est
867 4810 985 4860 dtcereo
1010 4834 1038 4845 -
1061 4810 1084 4859 is
1104 4822 1157 4859 om.
1180 4810 1258 4860 ΛΤΒ
1283 4833 1317 4845 -
1337 4806 1389 4871 qest]
1411 4809 1477 4868 quod
1496 4810 1518 4859 A
1539 4835 1568 4846 -

236 4884 277 4936 22.
296 4884 409 4936 mesols
432 4887 497 4938 AT:
524 4886 659 4937 miso
682 4912 709 4923 -
733 4887 774 4938 23.
797 4886 929 4949 inps-imo
954 4885 1075 4936 oetateB
1101 4911 1127 4921 -
1150 4884 1226 4947 petae
1251 4884 1342 4934 TBG:
1367 4882 1451 4946 petiae
1471 4883 1505 4942 03
1532 4882 1567 4934 ci.

236 4972 263 5025 p.
282 4958 359 5022 4422,
378 4960 402 5011 7.
423 4988 451 4998 -
474 4962 569 5013 ordinis
585 4974 639 5013 om.
661 4964 682 5012 A
705 4988 732 4997 -
760 4962 801 5013 24.
824 4967 848 5012 et
869 4974 923 5011 om.
942 4961 992 5011 AT
1015 4987 1042 4996 -
1069 4958 1134 5009 enim
1150 4959 1215 5009 tnA
1239 4958 1401 5023 expunctum
1419 4958 1461 5009 est
1479 4984 1506 4994 -
1524 4957 1570 5007 hoo

237 5035 300 5086 A'l:
327 5049 380 5088 om.
402 5037 482 5087 Boo
504 5064 531 5073 -
550 5037 755 5088 thimiamato
775 5037 854 5087 ΛΤΒ
874 5063 902 5072 -
925 5034 967 5085 ta.
988 5034 1183 5097 petulantissime
1199 5034 1335 5084 consectari
1352 5034 1427 5085 bonos
1442 5034 1476 5083 A:
1495 5031 1571 5083 honos

235 5111 429 5174 pontentissime
453 5114 590 5163 conextori
612 5112 671 5163 cod.
691 5112 804 5171 Pithoei3
829 5110 904 5161 tonos
923 5110 1125 5173 petulantissino
1150 5110 1288 5160 consectari
1308 5108 1396 5173 tinpesu
1412 5106 1519 5157 TBGO
1538 5133 1566 5141 -

236 5187 276 5236 27.
294 5186 477 5237 meetseren
494 5214 522 5224 —
544 5188 591 5238 tetis
608 5189 628 5237 G
647 5213 675 5222 -
698 5186 741 5236 titt
761 5199 815 5237 om.
834 5188 853 5237 ii
872 5212 900 5221 -
924 5186 1021 5250 efficere
1040 5186 1133 5236 ATB:
1155 5184 1240 5248 secere
1261 5184 1311 5235 GO
1331 5211 1358 5219 -
1379 5182 1421 5233 28.
1439 5182 1514 5232 motta
1530 5182 1566 5231 A:

235 5261 296 5312 nette
311 5262 420 5313 l'BGO
432 5286 460 5297 -
476 5262 571 5324 iudom
583 5274 612 5325 p.
630 5274 652 5311 ο.
671 5262 709 5312 C:
724 5266 812 5324 potres
827 5263 971 5323 conscripti,
989 5262 1085 5326 fedam
1102 5262 1163 5311 0-
1182 5260 1222 5311 29.
1241 5260 1294 5311 nidi
1310 5260 1416 5324 penites
1433 5258 1495 5309 Ta:
1514 5260 1568 5309 nidi

235 5339 349 5403 pasius
366 5338 416 5404 tter
432 5338 460 5390 in
475 5350 570 5391 rasura
586 5350 602 5389 a
619 5350 701 5390 mauu
718 5339 783 5402 sec.)
800 5340 836 5398 A;
857 5338 963 5402 provise
978 5337 1030 5388 nidi
1051 5335 1110 5391 Gt).
