4009 6159
653 517 726 583 cir.
747 517 984 582 axi-axnr.
1012 514 1059 600 §s
1082 511 1271 580 sas-raa.
1556 504 1618 571 err

302 689 407 773 potuit
447 690 602 753 sustinere
641 696 673 753 et
710 708 834 753 mecum
866 688 979 753 absens
1011 687 1165 751 beneficio
1198 706 1256 750 sno
1285 684 1380 749 rediit
1410 692 1444 753 in
1476 690 1617 774 gratiam

301 778 372 845 itt.
396 783 488 858 Quod
516 791 616 858 certe,
646 785 672 846 si
700 791 748 847 est
775 782 874 867 aliqui
905 802 1016 845 sensus
1040 784 1074 845 in
1096 790 1196 845 morte
1217 782 1449 865 praeclarorum
1469 786 1618 858 virorum,

302 898 373 941 cum
400 877 547 940 omnibus
575 878 726 951 Metellis,
755 884 916 941 tumuere
939 875 993 938 uni
1015 876 1082 938 viro
1103 875 1272 939 fortissimo
1297 882 1328 939 ct
1348 878 1618 959 praestantissimo

301 970 362 1035 ciri
383 970 598 1053 gratissimum
618 970 707 1035 fratri
730 992 787 1034 sno
809 969 899 1045 fecit,
930 970 1017 1034 socio
1040 970 1198 1043 lab0rum,
1219 970 1448 1052 periculorum,
1471 971 1620 1034 consilio·

300 1084 369 1127 rom
391 1085 544 1129 meorum.
586 1065 697 1126 LXlll.
720 1064 850 1127 Reditus
871 1054 1058 1128 veromens
1080 1064 1135 1157 qui
1155 1062 1250 1127 inerit
1264 1066 1337 1147 quis
1354 1067 1501 1147 ignorati
1525 1081 1644 1147 quemn

301 1157 339 1221 ad
366 1159 495 1221 modum
525 1158 603 1221 mibi
630 1158 810 1223 advenienti
833 1166 991 1241 tamquam
1015 1158 1114 1221 totius
1135 1158 1242 1221 ltaliae
1264 1167 1358 1241 atque
1379 1158 1479 1241 ipsius
1499 1157 1620 1242 patriae

301 1251 443 1315 dextram
471 1252 671 1335 porrexerint
699 1252 897 1327 Brundisini,
925 1273 997 1315 cum
1023 1253 1099 1335 ipsis
1128 1252 1221 1315 nonis
1250 1252 1422 1316 Sextilibus
1445 1252 1529 1315 idem
1552 1252 1620 1314 dies

300 1344 456 1411 adrentus
478 1348 540 1410 mei
561 1346 674 1410 inisset
687 1345 889 1430 reditusque,
912 1348 968 1429 qni
981 1346 1095 1411 natalis
1110 1345 1194 1409 idem
1209 1348 1387 1410 carissimae
1401 1344 1501 1422 filiae,
1524 1368 1620 1431 quam

301 1460 341 1503 ex
360 1442 546 1523 gravissimo
562 1449 627 1504 tum
642 1443 779 1522 primurn
795 1441 952 1505 desiderio
966 1442 1119 1524 luctuque
1136 1442 1297 1524 conspexi,
1312 1441 1397 1504 idem
1411 1442 1506 1506 etiam
1520 1442 1621 1525 ipsius

301 1533 444 1597 coloniae
459 1535 677 1609 Brundisinae,
698 1536 793 1608 idem,
810 1542 845 1598 ut
859 1535 955 1609 scitis,
971 1535 1058 1597 aedis
1074 1534 1205 1610 Salutis:
1228 1555 1363 1618 cumque
1377 1556 1428 1598 me
1443 1534 1555 1598 domus
1570 1551 1658 1597 ea·ro

301 1626 372 1689 dem
395 1628 585 1711 optimorum
607 1636 641 1692 et
662 1628 912 1692 doctissimorum
934 1628 1087 1702 virorum,
1108 1629 1150 1690 ld.
1171 1628 1281 1692 henii
1302 1628 1406 1717 Flacci
1424 1635 1456 1692 et
1475 1629 1575 1715 patris
1590 1636 1623 1691 et
1759 1636 1773 1719 7

299 1720 404 1785 fratris
426 1721 496 1786 eine
517 1722 686 1785 laetissima
707 1722 897 1805 accepisset,
920 1742 1002 1805 quae
1025 1722 1172 1804 proximo
1194 1741 1277 1785 anno
1295 1741 1439 1786 maerens
1459 1729 1623 1806 receperat

301 1824 333 1879 et
353 1835 413 1879 suo
435 1816 593 1898 praesidio
616 1816 821 1899 periculoque
843 1814 1043 1891 detenderet:
1070 1834 1204 1899 comque
1224 1816 1336 1879 itinere
1358 1824 1423 1881 toto
1444 1817 1539 1881 urbes
1561 1818 1623 1881 lu·

300 1910 362 1974 liae
384 1908 484 1974 iestos
507 1912 574 1975 dies
597 1930 689 1994 agere
712 1909 866 1973 adrentus
888 1910 950 1972 mei
964 1910 1167 1984 videbantur,
1189 1910 1259 1972 viae
1282 1910 1483 1974 multitudine
1504 1910 1623 1994 legato·

300 2024 370 2067 rum
392 2002 535 2087 undique
556 2005 721 2067 missorum
744 2003 997 2078 celebrabantur,
1019 2004 1059 2066 ad
1080 2004 1190 2067 urbem
1211 2023 1357 2068 accessus
1370 2004 1550 2070 incredibili
1564 2003 1660 2069 bo·ts

301 2099 421 2163 minum
443 2098 644 2161 multitudine
665 2105 698 2160 et
718 2097 929 2181 gratulatione
951 2097 1097 2171 florebat,
1110 2084 1186 2167 (iter
1206 2118 1224 2161 a
1245 2106 1354 2182 porta,
1375 2098 1410 2161 in
1432 2098 1623 2181 Capitolium
1708 2168 1711 2173 ,

301 2190 493 2266 adscensus,
523 2191 652 2256 domum
679 2193 801 2255 reditus
831 2199 898 2281 erat
927 2191 995 2254 eius
1021 2190 1131 2276 modi)
1151 2198 1187 2254 ut
1207 2212 1328 2255 summa
1349 2192 1384 2255 in
1404 2192 1524 2255 laetitia
1543 2191 1623 2255 illud
1720 2196 1806 2280 ,ψ

301 2285 459 2360 dolerem,
482 2286 637 2349 civitatem
658 2294 721 2349 tam
745 2292 864 2367 gratam
886 2292 948 2347 tam
972 2277 1119 2347 miseram‘
1139 2291 1234 2369 atque
1256 2305 1438 2369 oppressam
1459 2284 1568 2349 inisse.

386 2377 458 2445 ita.
480 2379 585 2443 Habes
608 2380 705 2463 igitur
726 2378 812 2461 quod
835 2398 877 2441 ex
898 2400 948 2441 me
972 2379 1140 2462 quaesisti,
1163 2380 1219 2463 qui
1233 2389 1339 2444 essent
1353 2382 1531 2464 optimates.
1553 2381 1623 2443 Non

301 2483 349 2540 est
369 2477 472 2551 natio,
499 2482 535 2538 nt
558 2474 685 2537 dixisti:
715 2473 801 2557 qnod
824 2492 882 2556 ego
904 2472 1035 2538 uerbum
1056 2472 1188 2556 agnovi:
1217 2481 1266 2538 est
1287 2475 1372 2540 enim
1392 2475 1494 2551 illins,
1516 2495 1537 2541 a
1558 2490 1661 2561 quoio

300 2590 363 2634 unc
385 2569 521 2633 maxime
543 2570 576 2631 P.
599 2567 720 2631 Sestius
741 2587 777 2630 se
798 2568 974 2651 oppugnari
997 2565 1099 2641 videt,
1120 2567 1259 2659 bominis
1280 2569 1367 2645 eins,
1389 2571 1445 2655 qui
1465 2570 1548 2635 banc
1568 2591 1624 2637 na·
1742 2556 1766 2651 l

1763 952 1782 1043 7

1751 1113 1766 1171 7

368 2900 391 2949 7.
409 2896 675 2961 mecum-pretium
691 2894 810 2947 habeta
829 2922 856 2932 -
876 2894 988 2959 77777777
1004 2908 1049 2945 uso
1064 2896 1100 2945 A:
1118 2907 1163 2945 :sse
1180 2908 1233 2945 om.
1250 2897 1342 2955 ro0;
1368 2910 1413 2948 suo
1429 2897 1543 2963 77777777
1559 2912 1625 2950 con·

302 2976 403 3026 iecerat
413 2972 553 3025 urendus.
567 2996 595 3006 -
613 2970 638 3020 7.
657 2971 733 3020 ullust
749 2973 768 3022 P
785 2982 878 3021 rasura
895 2983 928 3021 ex
942 2970 1035 3033 aliqui:
1053 2970 1146 3033 7777777
1157 2972 1175 3019 7.
1188 2996 1215 3005 -
1233 2970 1257 3020 s.
1269 2971 1347 3033 77777]
1359 2974 1469 3023 mesisti
1482 3000 1510 3010 -
1529 2974 1553 3023 c.
1565 2980 1625 3025 tue-

301 3062 378 3113 quam
393 3049 414 3097 P
432 3071 460 3084 -
479 3048 504 3097 7.
522 3046 640 3096 77777777
655 3048 718 3098 PG:
741 3046 871 3096 7777777777
887 3045 916 3095 0.
946 3047 1105 3109 «Utrumque
1123 3044 1279 3095 Ciceronem
1296 3044 1394 3097 dixisse
1410 3045 1453 3098 vel
1469 3050 1565 3099 Aratea
1584 3051 1626 3101 te-
1680 3036 1687 3045 ’

301 3126 412 3185 stanter,
430 3122 477 3173 ubi
495 3123 586 3173 dextro
601 3120 697 3186 legitur
712 3136 738 3171 v.
752 3122 809 3185 tes,
826 3122 884 3184 7707,
903 3122 959 3183 707,
972 3122 1029 3184 707,
1043 3118 1091 3171 777
1104 3123 1173 3171 cet.»
1191 3120 1350 3171 Wasarnrac
1366 3134 1393 3186 p.
1407 3123 1446 3173 07.
1464 3122 1625 3175 ilonendum

301 3200 391 3249 tamen
412 3198 465 3259 est,
490 3197 646 3248 Ciceronem
667 3197 694 3248 in
715 3210 839 3248 sermone
860 3195 992 3261 pedestri,
1019 3196 1042 3247 si
1059 3194 1136 3245 codd.
1155 3196 1270 3259 optimos
1286 3196 1392 3258 audias,
1414 3198 1519 3249 deutero
1535 3197 1624 3250 dicere

300 3270 408 3324 solitum
425 3283 485 3321 esse
502 3270 601 3330 videri:
620 3268 668 3320 alia
685 3282 730 3321 res
748 3272 830 3322 estin
847 3269 943 3322 talibus
960 3269 1038 3332 locis,
1058 3268 1142 3333 qualis
1159 3271 1200 3319 est
1216 3270 1243 3319 in
1259 3269 1342 3321 Acad.
1360 3284 1401 3336 pr.
1413 3273 1448 3334 77,
1468 3272 1482 3336 5
1501 3273 1560 3335 775,
1578 3272 1625 3325 ubl

300 3348 392 3399 777777
408 3346 511 3395 :mistro
527 3345 696 3397 coniunctum
714 3344 817 3409 legitur.
832 3373 859 3383 -
877 3361 934 3397 cum
949 3347 996 3409 ipsi
1011 3347 1084 3397 uouts
1093 3345 1221 3396 :alitibus
1230 3345 1344 3397 habeta
1357 3373 1385 3385 -
1403 3348 1428 3398 8.
1439 3348 1524 3411 misses
1534 3348 1623 3401 codd:

298 3423 347 3484 tuit
363 3419 476 3472 lacobus
494 3423 521 3470 et
537 3419 603 3470 inira
620 3434 645 3470 v.
659 3420 690 3470 78
707 3421 802 3483 occepit
821 3434 870 3486 pro
891 3422 1021 3484 accepisset
1043 3422 1136 3484 (totum
1152 3417 1242 3470 locum
1259 3421 1297 3469 sic
1312 3419 1421 3471 scribit:
1443 3423 1563 3474 77777777
1577 3424 1626 3474 mei

298 3494 347 3555 1777
363 3502 387 3548 77
402 3496 496 3546 reduus
512 3496 583 3558 qussi
598 3496 704 3556 emolu,
726 3497 792 3546 idem
808 3496 952 3547 7777777777
969 3497 1042 3559 cet).
1069 3498 1102 3547 tt
1116 3508 1142 3545 v.
1161 3494 1329 3558 seyoertum,
1348 3499 1439 3548 contra
1456 3497 1622 3563 Madvigium,

300 3574 345 3637 qui
369 3570 404 3622 ob
426 3570 539 3622 eandem
557 3583 665 3621 causam
683 3570 748 3621 inira
765 3584 790 3621 v.
810 3570 841 3621 73
859 3584 963 3634 cumque
979 3571 1090 3632 delevit,
1108 3571 1148 3622 sic
1164 3570 1356 3635 disputantem:
1376 3573 1502 3625 «Reditus
1518 3575 1559 3625 soi
1576 3573 1625 3625 de-

299 3648 472 3711 scriptionem
490 3658 552 3695 cnm
569 3648 608 3697 sio
625 3646 776 3697 inchoasset
793 3647 903 3709 Cicero,
924 3650 953 3697 nt
970 3648 1124 3711 quaereret,
1143 3648 1234 3710 ecquis
1251 3648 1397 3710 ignoraret,
1416 3661 1496 3712 qoem
1514 3649 1548 3700 ed
1564 3662 1624 3701 mo·

300 3722 364 3772 dom
382 3720 433 3773 sibi
450 3719 600 3772 advenienti
611 3747 648 3759 --
660 3722 780 3773 dextram
798 3724 964 3787 porrexerint
979 3721 1138 3783 Brundisini,
1155 3725 1298 3787 postquem
1312 3736 1343 3774 ca
1355 3722 1463 3784 addidit,
1477 3736 1546 3787 quae
1561 3724 1624 3776 huic

299 3798 339 3849 rei
356 3798 478 3861 tempore
495 3797 716 3849 antecessissent:
734 3811 791 3847 cum
806 3799 865 3861 ipsis
880 3800 958 3849 Nouis
967 3825 1006 3838 --
1017 3798 1155 3859 accepisset,
1173 3798 1209 3846 ita
1220 3798 1366 3848 institutum
1378 3810 1456 3848 suum
1467 3801 1625 3863 persecutos

300 3875 353 3935 est,
372 3871 444 3935 quod
461 3871 616 3937 saepissime
632 3874 660 3923 in
677 3872 841 3925 anacoluthis
859 3873 956 3925 lectum
974 3872 1209 3938 deprehendimus,
1227 3872 1369 3937 etreliqua
1381 3887 1434 3925 non
1446 3873 1480 3924 ad
1492 3876 1624 3939 inceptam

300 3946 408 3999 dicendi
424 3947 556 3998 rationem
572 3951 723 4007 revocaret,
747 3946 795 3999 sed
818 3946 852 3998 ad
869 3950 956 4000 media
974 3948 1015 4000 illa
1034 3953 1060 4000 et
1076 3949 1231 4014 interposita
1247 3949 1405 4014 applicaret,
1429 3962 1482 4013 qna
1499 3952 1525 4001 in
1542 3964 1572 4001 re
1590 3951 1623 4002 ita

299 4026 358 4089 ipse
376 4033 485 4074 omnem
502 4034 621 4074 errorem
638 4022 754 4084 sustulit,
773 4024 803 4072 ut
819 4036 889 4088 quae
906 4023 1068 4088 singularum
1085 4025 1275 4077 sententiarum
1286 4025 1353 4074 ratio
1364 4026 1450 4089 esset,
1468 4026 1532 4077 satis
1549 4028 1623 4076 certo

300 4099 410 4161 indicio,
433 4096 574 4150 modorum
596 4100 623 4149 et
645 4102 797 4163 temporum
813 4099 979 4162 diversitate,
998 4099 1146 4151 declararit.
1173 4102 1305 4160 Quantum
1321 4112 1387 4150 uero
1403 4098 1437 4149 ad
1454 4101 1493 4150 rei
1510 4111 1625 4163 exagge-

301 4177 431 4226 rationem
448 4172 511 4224 illud
528 4176 569 4224 ter
585 4174 727 4238 repetitum
744 4188 801 4225 cum
812 4186 965 4237 -csuuque-
976 4189 1081 4238 mque
1097 4175 1238 4241 pertineat,
1265 4175 1325 4238 quis
1341 4172 1449 4224 medem
1466 4176 1553 4227 animo
1570 4188 1624 4226 non

302 4252 515 4317 persentiscat‘i»
535 4274 563 4285 -
580 4249 722 4309 reditusque
739 4249 782 4311 qui
796 4248 889 4300 sciolis
905 4262 971 4301 nos:
989 4252 1083 4301 7777777
1099 4251 1142 4314 qui
1157 4251 1280 4301 umulisP
1296 4251 1347 4311 test
1361 4250 1456 4300 reditus
1465 4251 1491 4301 in
1503 4252 1624 4301 extremo

300 4328 405 4389 versu);
430 4324 525 4376 reduce
547 4323 688 4386 quiuudsuts
709 4324 763 4385 isici
787 4324 820 4383 G:
845 4324 997 4387 reditusque,
1023 4326 1117 4375 7777777
1137 4328 1264 4376 Gruterus
1285 4323 1363 4389 proh.
1381 4325 1468 4377 Madv.
1486 4339 1512 4390 p.
1531 4324 1579 4377 799
1597 4329 1625 4376 77

301 4400 429 4453 Wesenb.
448 4412 476 4464 p.
494 4395 527 4449 07
544 4410 601 4462 sq.;
625 4398 766 4460 reditusque
780 4397 886 4460 7777777,
904 4399 969 4450 idern
986 4402 1036 4451 cet.
1056 4398 1134 4451 Orelli
1146 4400 1178 4463 (3)
1194 4403 1303 4450 auctore
1319 4400 1432 4450 Baitero.
1458 4400 1496 4450 Ex
1511 4401 1623 4462 ratione,

301 4488 383 4540 quam
407 4487 456 4527 nos
477 4473 561 4526 secuti
584 4484 690 4533 sumus,
713 4473 778 4523 dicit
800 4473 907 4523 cicero:
933 4487 995 4525 cum
1016 4474 1088 4525 idem
1105 4476 1163 4525 dies
1179 4474 1309 4525 adventus
1326 4474 1378 4525 mei
1395 4473 1549 4538 reditusque
1566 4474 1624 4527 dies

301 4552 408 4613 luisset,
427 4551 473 4615 qui
489 4559 559 4600 nnus
575 4545 700 4611 idemque
718 4546 812 4612 triplex
829 4552 887 4599 erat
905 4548 1005 4601 natalis.
1020 4577 1048 4587 -
1066 4551 1198 4600 7777777777
1214 4551 1275 4600 G-
1293 4549 1318 4599 9.
1337 4564 1370 4599 uc
1385 4549 1407 4598 G
1422 4560 1491 4598 corr.
1510 4560 1543 4598 cx
1558 4553 1583 4599 77
1595 4577 1622 4587 -

302 4626 342 4677 70.
360 4626 434 4689 idere
452 4630 480 4676 ut
495 4625 570 4685 777777,
589 4625 657 4673 aedis
673 4622 767 4673 Salutis
783 4636 848 4675 nos:
867 4626 935 4675 cedis
951 4625 1046 4675 Salutis
1061 4638 1114 4676 om.
1127 4625 1219 4685 codd:
1236 4626 1301 4674 777777
1316 4623 1422 4683 Salutis,
1438 4626 1468 4671 ut
1482 4622 1550 4671 scitis
1566 4622 1622 4679 to:

301 4702 379 4765 7777,
395 4706 432 4759 ‚ut
447 4701 527 4760 777777,
548 4699 642 4749 Salutis
657 4694 880 4762 Wesenbergius;
903 4699 997 4749 Salutis
1012 4701 1134 4751 ciceroni
1152 4699 1321 4751 reddendum
1338 4710 1399 4749 esse
1415 4699 1516 4762 primus
1533 4698 1626 4748 77770-

302 4776 368 4838 tius,
385 4778 433 4842 qul
449 4774 555 4839 scripsit
570 4774 635 4825 idern
650 4778 674 4824 et
689 4772 796 4827 Salutis.
816 4786 848 4824 ex
866 4774 941 4838 epist.
959 4773 994 4825 ad
1010 4776 1088 4825 stuc.
1101 4776 1143 4837 iv,
1163 4774 1215 4837 t,t
1231 4773 1432 4826 demonstrarit.
1446 4798 1473 4809 -
1492 4772 1534 4821 77.
1551 4776 1626 4834 optu-

301 4862 402 4901 morssu
418 4852 438 4903 P
455 4877 484 4887 -
501 4855 526 4901 et
539 4848 732 4914 {musmonem
748 4849 870 4899 Gamtcni
887 4850 955 4901 coni.
973 4875 1002 4885 -
1020 4850 1058 4900 77.
1076 4861 1139 4900 nos:
1158 4860 1212 4900 om.
1229 4847 1308 4899 codd.
1321 4848 1380 4902 etti
1394 4872 1421 4884 -
1439 4844 1498 4895 77777
1513 4847 1542 4907 Ρ,
1560 4842 1628 4895 777777

304 4924 338 4986 d;
357 4927 385 4975 st
399 4936 425 4977 r.
444 4938 470 4990 p.
489 4922 578 4976 Plano.
596 4922 612 4988 7
628 4924 669 4974 si.
687 4922 722 4973 ad
738 4924 810 4974 Fam.
822 4923 888 4987 xiv,
906 4924 931 4985 7,
948 4924 972 4975 i.
993 4950 1021 4962 -
1040 4922 1081 4973 79.
1099 4924 1248 4988 7777777777.
1264 4924 1356 4974 itinere
1371 4926 1422 4974 toto
1438 4920 1507 4972 conl.
1525 4918 1628 4972 iladvi-

304 5001 363 5064 glus
379 5014 406 5065 p.
424 5001 482 5051 7700.
501 5026 529 5037 -
546 4998 589 5051 77.
606 4998 746 5065 kamenec
756 5026 792 5039 ·-
803 4999 959 5051 mssttitudiue
976 5012 1029 5049 om.
1043 5001 1064 5048 ti
1078 5022 1107 5036 -
1127 4999 1167 5049 777.
1185 4995 1388 5050 7777777771-
1406 4996 1447 5048 ld.
1464 4992 1586 5060 7777777777
1597 4994 1629 5043 G’

257 5082 262 5091 ·
306 5098 335 5112 -
353 5076 402 5125 lter
422 5076 541 5139 77777777
561 5072 677 5140 (litterae
694 5076 780 5127 7777
797 5074 957 5141 expunctae)
975 5076 995 5125 Ρ
1017 5099 1045 5111 -
1071 5074 1113 5124 77.
1131 5076 1282 5125 amoueri)
1305 5100 1334 5111 -
1361 5073 1401 5123 78.
1419 5070 1529 5122 weron
1550 5067 1580 5118 0¹
1599 5092 1627 5103 -

305 5149 347 5202 79.
365 5154 502 5213 7777777777
518 5152 537 5202 Ρ
556 5176 584 5188 -
601 5150 644 5201 xc.
661 5151 770 5217 7777777
786 5153 844 5203 Ρ-
863 5156 899 5204 est
915 5148 1106 5203 esse--uide
1120 5148 1203 5201 babet
1218 5151 1280 5200 a-
1299 5149 1367 5200 illisu
1382 5147 1446 5199 PG:
1462 5142 1631 5197 metm

305 5226 342 5288 A:
361 5227 388 5277 ai
403 5236 430 5278 r.
448 5224 534 5279 Made.
551 5238 580 5293 p.
598 5224 656 5280 777.

348 5314 517 5369 umenti
1375 5312 1416 5383 62
