4009 6159
406 564 469 633 8lb
828 566 981 635 ORATIO
1003 565 1083 633 PRO
1103 567 1140 632 L.
1161 566 1319 634 FLACCO

405 738 563 823 potuisse,
591 745 628 803 ut
655 737 826 803 amicitiam
847 738 959 822 populi
980 738 1130 813 Romani,
1157 735 1254 802 tidem
1282 755 1389 813 mam,
1418 738 1488 803 iura
1508 740 1615 806 omnia
1634 740 1734 807 officii

405 831 675 917 humanitatisque
703 832 874 909 violarent,
909 852 1005 915 quam
1035 838 1071 895 ut
1096 828 1198 896 filium
1225 832 1408 896 testimonio
1429 832 1610 911 laederent,
1642 840 1733 901 cuiue

406 932 528 1008 patrem
549 926 643 991 armis
665 926 847 1011 pellendum
870 947 890 991 e
911 926 977 991 suis
999 926 1166 990 moenibus
1188 926 1395 989 censuissent.
1431 922 1482 989 58.
1505 927 1611 1007 Quare
1632 931 1733 995 nolite

405 1017 484 1081 mihi
514 1020 576 1084 ista
595 1022 726 1084 nomina
747 1020 910 1086 civitatum
930 1020 1084 1085 nobilium
1107 1014 1287 1104 opponere:
1316 1038 1397 1103 quos
1419 1019 1504 1084 enim
1523 1021 1633 1088 hostes
1653 1024 1733 1089 haec

381 1110 524 1178 ifamilie
553 1114 757 1198 contempsit,
785 1134 957 1200 numquam
986 1115 1116 1179 eosdem
1137 1118 1235 1177 testea
1256 1114 1466 1196 pertimescet
1507 1116 1605 1181 Vobis
1627 1126 1737 1183 autem·

406 1213 454 1270 est
475 1206 705 1283 confitendum,
734 1208 762 1272 si
792 1209 932 1274 consiliis
957 1209 1139 1293 principum
1159 1214 1284 1270 vestrae
1305 1207 1447 1271 civitates
1469 1217 1637 1292 reqvmtur,
1665 1232 1733 1275 non

404 1298 615 1364 multitudinis
638 1301 831 1377 temeritate,
862 1300 918 1365 sed
940 1302 1129 1386 optimatum
1150 1300 1285 1365 consilio
1306 1298 1425 1363 bellum
1445 1300 1485 1363 ab
1506 1302 1575 1366 istis
1597 1304 1733 1368 civitati·

403 1392 464 1459 bus
487 1413 559 1458 cum
579 1393 700 1479 populo
721 1394 865 1458 Romano
890 1414 961 1459 esse
982 1400 1182 1478 susceptumz
1202 1394 1255 1457 sin
1275 1394 1330 1458 ille
1351 1400 1420 1457 tum
1438 1403 1543 1460 motus
1564 1404 1614 1461 est
1634 1404 1733 1461 teme·

404 1489 494 1553 ritate
516 1487 734 1573 Mperitorum
756 1489 929 1565 excitatus,
957 1490 1103 1575 patimini
1124 1508 1175 1551 me
1198 1488 1314 1553 delicta
1334 1488 1420 1572 vulgi
1442 1509 1462 1552 a
1489 1489 1615 1574 publica
1635 1512 1733 1557 causa

366 1588 393 1633 ⁴⁰
403 1600 560 1663 separare.
603 1583 703 1646 XXV.
726 1579 778 1645 59.
806 1584 848 1648 At
876 1586 961 1649 enim
989 1585 1083 1648 istam
1110 1583 1277 1668 pecuniam
1305 1582 1381 1646 huic
1412 1603 1524 1668 capere
1544 1605 1611 1649 non
1631 1586 1732 1650 licuit

402 1675 511 1740 Utrum
534 1676 628 1741 vultis
651 1678 734 1761 patri
755 1677 868 1742 Flacco
891 1678 1020 1743 licuisse
1034 1682 1157 1742 necne?
1179 1678 1213 1742 Si
1234 1679 1338 1753 licuit,
1361 1678 1454 1742 sicuti
1470 1685 1554 1742 certe
1568 1679 1668 1755 licuit,
1689 1680 1731 1743 ad

401 1770 471 1833 eius
500 1769 640 1834 honores
668 1771 830 1846 collatam,
861 1793 902 1835 cx
925 1772 1042 1860 quibus
1064 1771 1145 1836 nihil
1165 1772 1235 1855 ipse
1257 1771 1415 1855 capiebat,
1444 1763 1541 1855 patris
1562 1774 1731 1857 pecuniam

400 1870 485 1927 recte
512 1864 642 1930 abstulit
670 1861 772 1930 filiust
800 1867 827 1930 si
853 1886 919 1930 non
940 1866 1047 1940 licuit,
1079 1874 1185 1930 mmen
1206 1866 1264 1930 illo
1286 1854 1498 1945 mortuo(non
1518 1864 1614 1929 modo
1635 1861 1730 1940 lilius,

214 1974 306 2055 ’,μ
398 1957 457 2021 'sed
484 1958 590 2042 quivis
617 1958 711 2023 heres
738 1960 914 2025 rectissime
945 1960 1051 2045 potuit
1078 1948 1222 2067 auferre]
1255 1959 1301 2022 Ac
1323 1965 1392 2022 tum
1413 1958 1543 2042 quidem
1564 1957 1729 2033 Tralliani,

227 2042 267 2074 ’Ν
362 2059 472 2115 ticum
503 2052 566 2136 ipsi
597 2055 685 2136 gravi
713 2052 824 2118 fenore
853 2054 944 2118 istam
972 2053 1143 2138 pecuniam
1164 2054 1281 2118 multos
1303 2072 1405 2117 annos
1427 2053 1683 2136 occupavissent,
1711 2072 1731 2116 a

398 2143 510 2210 Flacco
531 2152 636 2210 Manen
659 2148 782 2225 omnia,
804 2167 886 2233 quae
903 2149 1091 2224 voluerunt,
1112 2148 1380 2232 impetraverunt,
1402 2166 1508 2231 neque
1522 2154 1587 2212 tam
1600 2146 1730 2211 luerunt

394 2238 616 2325 impudentes,
638 2247 674 2305 ut
695 2241 745 2318 id,
766 2241 853 2325 quod
874 2242 1002 2307 Laelius
1025 2241 1124 2319 dixit,
1148 2240 1257 2304 dicere
1279 2239 1450 2316 auderent,
1471 2240 1555 2305 hanc
1569 2241 1609 2304 ab
1623 2262 1658 2306 se
1673 2262 1730 2327 pe·

399 2332 525 2397 cuniam
555 2334 724 2400 abstulisse
752 2336 974 2401 Mithridatem.
1018 2336 1099 2413 Quis
1122 2336 1208 2401 enim
1230 2343 1313 2410 erat,
1344 2334 1486 2419 quinon
1506 2336 1604 2399 sciret
1622 2337 1656 2399 in
1677 2356 1730 2399 or·

398 2427 512 2492 nandis
540 2427 763 2494 studiosiorem
790 2428 1003 2495 Mithridatem
1035 2449 1132 2515 quam
1162 2430 1196 2492 in
1218 2429 1396 2513 spoliandis
1418 2428 1585 2494 Trallianis
1604 2430 1728 2495 fuisse?

360 2520 450 2587 eoo.
472 2523 562 2601 Quae
585 2521 757 2608 quideme
778 2544 828 2588 me
847 2525 893 2603 si,
915 2532 951 2589 ut
973 2524 1111 2588 dicenda
1124 2529 1214 2598 sunt,
1235 2523 1427 2597 dicerentur,
1449 2524 1575 2605 pavlus
1590 2544 1728 2607 agerem

397 2616 535 2693 iudices,
564 2636 659 2700 quam
688 2615 791 2681 adhuc
822 2618 890 2701 egi,
920 2625 1074 2701 quantam
1094 2616 1244 2680 Asiaticis
1265 2615 1399 2680 testibus
1420 2612 1514 2680 iidem
1534 2616 1650 2682 babere
1671 2638 1728 2681 vos

398 2710 598 2775 conveniret:
630 2730 810 2776 revocarem
838 2712 964 2775 animos
990 2719 1113 2776 vestros
1142 2710 1183 2774 ad
1211 2709 1415 2775 Mithridatici
1436 2709 1512 2773 belli
1533 2710 1728 2786 memoriam,

397 2806 439 2870 ad
459 2805 547 2869 illam
569 2806 789 2871 universorum
812 2806 928 2870 civium
950 2806 1166 2869 Romanorum
1188 2824 1246 2888 per
1267 2811 1315 2867 tot
1327 2804 1423 2869 urbes
1437 2823 1503 2868 uno
1517 2812 1635 2888 puncto
1649 2813 1728 2870 tem·

397 2900 484 2985 poris
506 2900 653 2965 miseram
676 2894 901 2986 crudelemque
923 2900 1070 2968 caedem:
1098 2906 1261 2984 praetores
1287 2907 1414 2963 nostros
1436 2898 1575 2973 deditos,
1604 2898 1727 2981 legatos

359 2996 432 3060 sain
453 2994 582 3060 vincula
603 2994 783 3070 coniectos,
805 2996 944 3061 nominis
964 3017 1065 3083 prope
1086 2996 1221 3061 Romani
1236 2996 1421 3059 memoriam
1435 3014 1507 3058 cum
1519 2992 1655 3075 vestigio
1669 2993 1728 3057 im·

396 3091 478 3176 perii
498 3110 563 3155 non
585 3088 680 3154 mode
703 3110 744 3154 ex
765 3089 894 3155 sedibus
916 3090 1126 3167 Graecorum,
1148 3110 1259 3155 verum
1281 3088 1377 3153 etiam
1400 3088 1572 3153 exlitteris
1586 3106 1657 3151 esse
1671 3086 1726 3149 de·

396 3185 501 3250 letam.
544 3183 759 3249 Mithridatem
789 3184 901 3261 deum,
931 3186 1022 3250 illum
1050 3194 1188 3270 patrem,
1217 3184 1306 3247 illum
1338 3188 1593 3249 conservatorem
1619 3179 1725 3254 Asiae,

395 3280 487 3344 illum
508 3277 662 3353 Euhium,
684 3277 834 3362 Nysiam,
856 3279 1027 3356 Bacchum,
1049 3276 1199 3344 Liberum
1220 3278 1436 3344 nominabant
1481 3272 1532 3339 ot.
1554 3276 1657 3341 Unum
1678 3284 1726 3340 at·

396 3394 460 3458 que
481 3373 564 3438 idem
589 3380 656 3436 erat
676 3379 818 3456 tempus,
839 3393 911 3436 cum
933 3374 969 3438 L.
984 3375 1096 3440 Flacco
1117 3373 1241 3439 consuli
1255 3380 1363 3456 portas
1378 3379 1445 3437 tote
1457 3372 1534 3437 Asia
1547 3369 1725 3443 claudebat,

359 3480 388 3529 so
398 3467 618 3553 Cappadocem
640 3473 747 3531 autem
768 3466 860 3530 illum
874 3487 940 3531 non
955 3467 1051 3532 modo
1066 3468 1240 3553 recipiebat
1253 3468 1321 3531 suis
1334 3466 1486 3543 urbibus,
1508 3465 1725 3531 verumetiam

396 3562 478 3627 ultm
500 3560 644 3626 vocabat.
677 3560 787 3624 Liceat
808 3559 887 3625 baec
907 3562 1017 3638 nobis,
1042 3564 1070 3627 ai
1092 3562 1235 3627 oblivisci
1256 3581 1322 3625 non
1344 3581 1530 3646 possumus,
1551 3566 1584 3625 at
1603 3566 1724 3624 tacere:

396 3658 492 3722 liceat
513 3654 590 3719 mihi
611 3655 717 3739 potius
739 3653 779 3718 de
802 3654 930 3719 levitate
952 3656 1146 3721 Graecorum
1167 3657 1258 3741 queri
1276 3675 1371 3741 mam
1385 3655 1426 3719 de
1444 3656 1640 3720 crudelitate.
1661 3653 1725 3714 Au-

396 3752 574 3816 ctoritatem
602 3747 655 3812 isti
683 3748 820 3813 habeant
848 3747 932 3833 apud
964 3768 1035 3823 eos,
1068 3768 1149 3832 qnos
1171 3769 1242 3813 esse
1264 3749 1394 3814 omnino
1415 3749 1613 3813 noluerunt?
1644 3748 1724 3809 Nam

396 3861 617 3931 quoscumque
632 3848 809 3926 potuerunt
824 3848 949 3929 togatos
964 3843 1212 3907 interemerunt:
1234 3863 1351 3908 nomen
1366 3844 1484 3909 civium
1499 3844 1723 3914 Romanorum,

357 3945 549 4025 mquentum
570 3939 605 4002 in
625 3934 705 4021 ipsi's
725 3935 788 4000 fuit
795 3982 805 4013 ,
827 3936 1034 4001 sustulerunt.
1076 3937 1192 4000 xxvi.
1214 3938 1251 4001 ln
1265 3937 1326 4001 hac
1344 3937 1442 4021 igitur
1455 3936 1534 4000 urbe
1548 3955 1584 3999 se
1597 3936 1723 4007 iactant,

394 4052 491 4118 quam
513 4031 673 4095 oderunt?
694 4031 779 4115 apud
802 4050 874 4106 eos,
897 4050 978 4115 quos
997 4030 1088 4095 inviti
1102 4030 1235 4096 videnti
1255 4032 1289 4095 in
1304 4049 1343 4095 ea
1357 4050 1391 4095 re
1408 4010 1612 4115 publica(ed
1627 4046 1722 4111 mam

395 4125 637 4211 opprimendam
657 4145 724 4189 non
745 4125 870 4190 animus
892 4126 955 4201 eie,
977 4124 1035 4188 sed
1055 4124 1138 4188 vires
1157 4104 1347 4283 defuerunt)
1368 4122 1554 4209 Adspiciunt
1566 4121 1651 4185 hunc
1665 4120 1723 4183 llo-

394 4238 460 4283 rem
482 4220 659 4304 legatorum
680 4218 947 4305 laudatorumque
961 4219 1065 4284 Flacci
1087 4238 1129 4283 ex
1149 4237 1224 4283 vera
1237 4209 1316 4303 atqu
1349 4218 1473 4302 integra
1486 4216 1632 4281 Graecia:
1654 4220 1722 4276 tum

461 4593 583 4661 badan]
601 4593 786 4646 odmasa-
806 4592 831 4646 l.
849 4594 994 4646 boatus-
1012 4592 1315 4660 acmmltmacar-
1333 4592 1359 4645 8.
1377 4590 1721 4658 summm-apa·

393 4669 530 4722 manta
550 4669 744 4735 -oclpis-
767 4669 1039 4735 tl.fleccipr,s-
1060 4665 1595 4721 ta.cnttcmsretsexcodd.omcn.
1615 4662 1722 4713 -auc

392 4748 445 4809 lpse
460 4746 520 4796 Sl':
537 4745 590 4808 tpae
604 4744 667 4795 ctbtl
681 4744 762 4795 ALO
783 4770 809 4783 -
832 4745 872 4796 47.
892 4758 911 4796 c
925 4756 951 4795 ae
967 4745 984 4794 S
1003 4771 1031 4783 ·-
1054 4745 1096 4795 26.
1113 4743 1200 4794 cmclc
1215 4744 1233 4793 s
1251 4770 1279 4780 -
1299 4756 1371 4793 amaa
1385 4742 1487 4807 omttcto
1503 4738 1663 4791 mendosum
1679 4738 1721 4787 vi·

392 4822 479 4873 detur.
507 4817 627 4871 Placeret
646 4832 703 4871 aaa
724 4820 834 4885 caattpite
849 4818 893 4872 vel
909 4834 966 4871 mm
982 4820 1050 4870 occat
1064 4819 1193 4885 vadato.»
1210 4821 1303 4870 Gerar.
1321 4820 1353 4870 11.
1373 4843 1401 4857 -
1419 4818 1461 4869 26.
1478 4830 1513 4869 cc
1527 4814 1622 4866 acdtbaa
1637 4815 1719 4865 fleur.

391 4895 559 4961 stephanus:
585 4908 618 4946 sc
638 4894 723 4946 edibus
744 4896 804 4954 ST3
827 4908 861 4947 acc
880 4895 980 4947 ceddae
999 4896 1076 4946 ΑΗ.
1099 4918 1127 4931 -
1154 4894 1197 4945 27.
1214 4894 1295 4959 dean]
1313 4893 1412 4944 wacca
1427 4892 1490 4953 AF;
1508 4892 1635 4943 domim
1650 4891 1671 4941 1,
1689 4914 1716 4928 —

390 4970 431 5025 M.
451 4970 543 5020 Eadem
558 4969 664 5032 Nasium
678 4970 708 5019 S:
730 4969 823 5021 lictum
839 4970 936 5031 Nasum
950 4971 982 5029 T}
1001 4970 1136 5030 declama,
1153 4970 1303 5032 Dtoauabsn
1319 4970 1350 5028 Fi
1368 4968 1474 5031 licium,
1491 4968 1630 5030 escuem
1640 4968 1720 5017 Grae·

389 5048 461 5107 vius;
479 5044 572 5096 Eutasm
588 5044 713 5107 (lichum
723 5044 764 5109 A),
780 5044 923 5107 Brmatmn,
940 5045 1047 5107 Nuaa'asn
1061 5043 1127 5102 Δις
1145 5044 1274 5106 'silvium
1291 5042 1399 5105 Nuatam
1414 5042 1444 5092 0.
1462 5042 1501 5093 De
1517 5042 1647 5107 scripture
1663 5040 1719 5089 Eo-

389 5120 445 5171 biua
459 5119 514 5170 vid.
531 5118 732 5170 Lachmannum
748 5118 783 5169 ad
799 5120 904 5170 Lucret.
916 5119 949 5181 V,
960 5117 1018 5171 ild.
1032 5144 1060 5155 -
1078 5116 1212 5184 sacoma]
1229 5116 1345 5168 lacclaan
1356 5114 1475 5168 Orellius.
1489 5140 1518 5153 -
1536 5115 1651 5167 bibam
1661 5125 1715 5164 om.

390 5195 452 5246 L·
470 5192 512 5245 30.
529 5193 589 5256 auia]
606 5192 771 5243 timul·-
790 5191 1071 5246 abtcctmstSl'AF:
1088 5192 1287 5245 lactantio-
1306 5191 1444 5253 av.uas;
1461 5191 1569 5242 itai-
1587 5191 1718 5255 mmm

389 5268 536 5335 Naugerius
551 5268 579 5321 in
595 5266 639 5321 ed.
656 5268 819 5321 Victoriana:
837 5268 977 5333 datacm
992 5273 1017 5322 st
1032 5268 1163 5334 coum
1178 5268 1236 5330 ST;
1256 5267 1372 5337 dapem
1387 5271 1411 5320 ct
1426 5266 1556 5332 mmet
1570 5267 1602 5319 A.
