4009 6159
719 569 794 634 crs.
816 568 968 633 ιιι-ιν.
995 565 1043 653 ss
1064 563 1168 631 t-e.
1425 545 1428 552 '
1522 557 1605 628 rare

279 739 440 805 interitum
463 737 598 801 civitatis
620 737 752 801 videret.
786 739 892 820 Atque
915 757 952 800 ea
973 738 1058 820 legio
1080 736 1226 801 consedit
1241 733 1347 798 Albae.
1380 734 1482 810 Quam
1503 735 1608 817 potnit

277 833 388 896 urbem
410 832 527 914 eligere
549 840 603 894 aut
624 833 881 916 opportuniorem
904 831 944 895 ad
966 851 1017 894 res
1040 831 1198 914 gerondas
1219 837 1273 893 aut
1287 826 1461 893 fideliorem
1476 829 1607 894 autsor

278 929 394 991 tiorum
416 930 557 992 virorum
586 935 641 990 aut
669 929 855 991 amiciorum
876 927 922 990 rei
948 925 1093 1009 publicae
1114 925 1253 989 civium?
1295 921 1326 985 7.
1348 922 1452 986 liuius
1473 924 1607 1006 legionis
1717 997 1726 1025 Ι

277 1023 428 1086 virtutem
450 1023 570 1086 imitata
592 1031 703 1104 quarta
725 1021 808 1105 legio
833 1021 911 1086 duee
934 1021 969 1083 L.
983 1019 1172 1103 Egnatuleio
1194 1025 1378 1103 quaestore,
1401 1019 1462 1098 civi
1485 1019 1606 1101 optimo
1697 1032 1716 1112 t'

279 1123 312 1179 et
338 1111 527 1190 fortissime,
561 1115 594 1180 C.
618 1116 759 1180 Caesaris
787 1115 1006 1179 auctoritatem
1035 1121 1132 1197 atque
1161 1114 1334 1176 exercitum
1361 1119 1528 1195 persecuta
1548 1119 1630 1178 este

277 1209 472 1273 Faciundum
495 1217 544 1273 est
570 1211 666 1294 igitur
688 1210 797 1284 nobis,
826 1215 930 1292 patres
953 1208 1140 1289 conscripti,
1168 1215 1204 1270 ut
1224 1227 1279 1282 ea,
1295 1194 1393 1289 (quae
1415 1226 1474 1270 sua
1495 1215 1607 1289 sponte
1748 1280 1765 1302 ..

279 1301 472 1368 clarissimus
493 1303 677 1367 adolescens
692 1310 789 1386 atque
804 1303 945 1366 omnium
961 1302 1248 1386 praestantissimus
1264 1301 1361 1394 gessit
1376 1307 1407 1364 et
1419 1291 1511 1382 gerit)
1529 1300 1609 1363 baec
1711 1300 1796 1365 rsa-³

280 1395 465 1460 auctoritate
480 1405 589 1460 nostra
603 1397 864 1480 comprobentur,
884 1404 1181 1478 veteranorumque,
1198 1387 1442 1459 fortissimorum
1456 1393 1607 1476 virorum,
1744 1455 1759 1477 η

279 1497 346 1552 tum
374 1489 510 1578 legiopis
540 1491 671 1554 Martiae
701 1497 895 1573 quartaeque
925 1488 1077 1554 mirabilis
1098 1509 1273 1552 consensus
1295 1489 1335 1553 ad
1363 1487 1608 1571 rempublicam
1704 1535 1768 1614 hd

279 1583 517 1666 reciperandam
531 1584 626 1648 laude
642 1590 674 1648 et
688 1585 868 1647 testimonio
883 1592 990 1647 nostro
1007 1583 1222 1659 confirmetur,
1245 1603 1418 1666 eorumque
1433 1581 1608 1654 commoda,
1619 1601 1646 1648 ro

279 1676 434 1752 bonores,
461 1681 617 1762 praemia,
646 1699 716 1742 cum
745 1678 891 1742 consules
920 1678 1077 1761 designati
1106 1679 1321 1762 magistratum
1344 1678 1488 1751 inierint,
1516 1695 1609 1739 curae

279 1772 372 1836 nobis
393 1772 463 1835 iore
485 1772 638 1837 b'odierno
660 1771 712 1835 die
735 1771 957 1854 spondeamus.

364 1867 418 1930 lV.
440 1864 469 1930 8.
491 1868 596 1951 Atque
619 1883 656 1929 ea
678 1864 826 1949 quidem,
849 1885 932 1949 quae
953 1867 1020 1930 diri
1042 1868 1083 1930 de
1106 1867 1239 1931 Caesare
1252 1867 1356 1950 deque
1371 1867 1441 1930 eius
1456 1866 1609 1939 exercitu,

278 1960 341 2024 iam
365 1961 418 2024 diu
442 1967 519 2024 nota
541 1969 615 2024 suut
636 1959 738 2024 nobis.
777 1961 898 2024 Virtute
920 1963 1003 2025 enim
1019 1959 1195 2026 admirabili
1210 1961 1351 2025 Caesaris
1366 1961 1609 2044 constantiaque

280 2055 416 2118 militum
438 2062 661 2120 veteranorum
683 2054 908 2137 legionumque
931 2073 1060 2130 earum,
1083 2075 1165 2138 quae
1188 2055 1308 2138 optimo
1331 2054 1452 2117 iudicio
1472 2054 1646 2118 auctori-ra

280 2155 376 2212 tatem
394 2155 547 2223 vestram,
570 2149 746 2212 libertatem
766 2147 874 2230 populi
890 2149 1041 2223 Romani,
1064 2150 1212 2213 virtutem
1228 2148 1370 2213 Caesaris
1385 2155 1510 2211 secutae
1526 2155 1609 2222 sunt,

279 2242 486 2307 acervicibus
508 2242 627 2306 nostris
647 2249 695 2304 est
709 2239 861 2323 depulsus
875 2242 1044 2306 Antonius.
1079 2243 1141 2306 Sed
1155 2243 1250 2317 baec,
1272 2250 1309 2307 ut
1323 2242 1407 2316 dixi,
1430 2242 1609 2324 superiora:

278 2335 339 2399 boc
362 2356 438 2399 vero
460 2354 570 2400 recem
593 2333 729 2398 edictum
746 2334 784 2396 D.
800 2335 903 2410 Bruti,
926 2337 1012 2418 quod
1028 2336 1124 2420 paulo
1139 2343 1212 2399 ante
1227 2335 1423 2420 propositum
1438 2343 1503 2409 est,
1524 2343 1610 2399 certe

281 2428 410 2492 silentio
438 2447 503 2492 non
531 2435 638 2511 petest
663 2427 838 2510 praeteriri.
880 2428 1054 2491 Pollicetur
1080 2429 1166 2493 enim
1194 2449 1229 2492 se
1255 2430 1447 2514 prouinciam
1476 2428 1609 2493 Calliam

281 2529 478 2585 retenturum
501 2523 533 2584 in
556 2528 685 2584 senatus
706 2521 883 2605 populique
904 2523 1038 2586 Romani
1060 2530 1228 2605 potestate.
1264 2522 1291 2586 0
1313 2524 1413 2587 civem
1435 2531 1543 2587 natum
1561 2525 1646 2589 reiro

279 2613 442 2699 publicae,
472 2634 644 2678 memorem
667 2616 716 2678 sui
747 2614 885 2679 nominis
906 2616 1162 2700 imitatoremque
1182 2617 1358 2682 maioruml
1391 2619 1502 2701 Neque
1524 2619 1608 2680 enim

280 2708 454 2792 Tarquinio
483 2709 618 2791 expulso
647 2710 820 2772 maioribus
843 2711 959 2774 uostris
981 2715 1045 2773 tam
1066 2710 1127 2773 fuit
1148 2717 1254 2793 optate
1277 2711 1423 2785 libertas,
1446 2731 1541 2795 quam
1561 2718 1609 2774 est

281 2801 416 2885 depulso
438 2801 502 2865 iam
523 2804 663 2866 Antonio
685 2805 849 2867 retinenda
870 2804 973 2868 nobis.
1009 2801 1040 2866 9.
1062 2804 1113 2867 llli
1136 2799 1262 2888 regibus
1285 2824 1396 2888 parere
1418 2806 1480 2868 iam
1497 2826 1516 2869 a
1534 2825 1609 2868 cou-

280 2894 344 2958 dita
372 2897 450 2960 urbe
478 2897 668 2960 didicerant:
697 2916 756 2961 nos
785 2905 857 2981 post
885 2917 975 2982 reges
998 2907 1127 2962 exectos
1148 2900 1309 2962 servitutis
1332 2899 1450 2962 oblivio
1471 2907 1608 2981 ceperat.

282 2992 385 3074 Atque
407 2991 460 3054 ille
480 2991 688 3075 Tarquinius,
711 3013 806 3075 quern
828 2994 964 3056 maiores
985 2993 1085 3056 nostri
1107 3014 1172 3056 nou
1194 2993 1351 3067 tulerunt,
1373 3011 1439 3055 non
1461 2991 1645 3068 crudelium

280 3103 344 3147 non
375 3085 508 3168 impius,
538 3084 593 3148 sed
624 3086 780 3170 superbus
810 3095 859 3150 est
886 3087 1012 3150 babitus
1042 3095 1074 3150 et
1102 3088 1223 3151 dictus:
1253 3087 1338 3172 quod
1360 3105 1419 3151 nos
1441 3084 1552 3149 vitium
1573 3086 1608 3148 iu

279 3181 411 3262 privatis
434 3199 529 3264 saepe
551 3179 700 3256 tulimus,
722 3180 756 3244 id
778 3181 912 3244 maiores
935 3182 1034 3244 nostri
1054 3201 1096 3244 ne
1117 3183 1150 3245 in
1165 3201 1239 3264 rege
1255 3182 1385 3265 quidem
1398 3181 1481 3244 ferre
1495 3187 1608 3264 potue·

278 3282 362 3338 runt
403 3275 438 3336 L.
460 3276 575 3338 Brutus
603 3294 709 3358 regem
739 3275 908 3359 superbum
930 3295 995 3338 non
1016 3274 1110 3340 tulit:
1140 3277 1179 3338 l).
1204 3277 1319 3340 ltrutue
1349 3275 1536 3338 sceleratum
1561 3281 1608 3338 at·

280 3385 344 3451 que
374 3367 506 3450 impium
537 3387 669 3450 regnare
690 3368 828 3451 patietur
848 3369 1044 3433 Antonium?
1072 3368 1159 3446 Quid
1181 3369 1370 3454 Tarquinius
1392 3367 1456 3431 tale
1463 3413 1473 3444 ,
1501 3368 1607 3453 qualia

281 3460 522 3525 innumerabilia
543 3468 575 3525 et
596 3461 671 3525 lacit
692 3471 725 3526 et
744 3461 819 3526 lecit
831 3463 1014 3526 Antonius?
1037 3464 1186 3527 Senatum
1209 3463 1303 3528 etiam
1323 3483 1415 3547 reges
1433 3462 1646 3529 habebanttto

280 3572 340 3617 nec
368 3562 491 3632 umen,
519 3562 555 3619 ut
575 3546 715 3619 britonia
738 3563 882 3621 senatum
902 3557 1055 3634 habente,
1086 3557 1120 3621 in
1141 3557 1277 3621 consilio
1297 3557 1381 3640 regis
1403 3556 1609 3621 versabantur

347 3845 370 3895 4.
388 3845 472 3896 eall:
490 3858 543 3896 om.
562 3844 598 3904 V:
622 3845 682 3897 lert.
701 3851 776 3910 atque
797 3847 857 3898 laec
873 3848 936 3912 legio
954 3872 980 3883 —
1006 3844 1091 3896 arbem
1109 3844 1221 3907 potuita
1240 3870 1267 3881 -
1291 3846 1558 3909 Conmemorant)
1577 3871 1604 3883 -

280 3919 406 3986 genardus
423 3920 456 3970 V:
475 3922 597 3985 gerardos
613 3922 666 3972 00
686 3949 713 3958 -
730 3923 865 3985 fortiorum
880 3935 905 3972 rr.
924 3926 969 3971 cat
984 3921 1134 3971 omicionrm
1150 3919 1193 3970 ed.
1211 3919 1295 3971 lunt:
1314 3919 1419 3983 sortirer
1434 3935 1461 3972 a.
1479 3927 1525 3974 ortt
1540 3923 1607 3972 mat·

280 4009 368 4047 corum
383 3997 419 4056 V:
436 3995 566 4059 fortiorem
581 4009 607 4044 a.
626 3997 827 4047 autenticorum
844 3997 865 4048 D
885 4023 911 4032 -
931 3997 956 4048 3.
973 3997 1012 4046 rer'
1024 3995 1123 4059 publice
1138 3995 1174 4056 V;
1189 3995 1277 4059 populi
1294 3995 1322 4047 ll.
1339 4009 1369 4060 g:
1383 4010 1412 4060 p.
1424 3999 1472 4048 r.t
1490 4025 1518 4035 -
1535 3999 1609 4049 bedar

282 4069 319 4121 V:
337 4071 505 4122 tetuacelto
524 4095 551 4108 -
573 4071 598 4124 4.
616 4069 774 4124 iremttotai
792 4074 847 4123 t-
873 4071 961 4136 religio
981 4066 1015 4119 V¹
1033 4097 1061 4107 -
1086 4071 1186 4136 egroto
1207 4070 1268 4134 agt
1286 4094 1313 4105 —
1337 4070 1440 4121 etatV:
1466 4072 1558 4125 ctaeD
1576 4098 1605 4110 -

281 4149 306 4199 0.
320 4148 396 4200 CV:
415 4161 468 4198 orn.
482 4147 503 4198 D
519 4173 546 4185 -
564 4147 738 4211 blacarder:
754 4147 804 4210 bt;
821 4147 963 4211 scelecdree
978 4158 1060 4209 ag·
1079 4144 1334 4209 conclamitare:
1352 4145 1431 4210 igitar
1446 4153 1482 4198 cst
1497 4148 1606 4213 aebisg;

280 4223 360 4290 tpttar
375 4222 446 4273 nobie
460 4225 495 4273 ert
511 4225 522 4274 t
540 4249 566 4258 -
586 4225 691 4287 postet
707 4226 749 4274 est
765 4225 791 4275 ln
804 4225 826 4273 V
843 4235 944 4274 rasura.
959 4247 986 4256 -
1007 4221 1032 4271 7.
1049 4220 1203 4270 mestrem
1219 4220 1242 4270 V
1255 4246 1282 4255 -
1298 4222 1527 4284 praestantissimae
1542 4224 1564 4273 V
1577 4249 1604 4259 -

281 4300 343 4350 boec
359 4299 478 4350 Ernestio
496 4298 541 4348 aut
558 4294 702 4348 delendum
719 4300 764 4348 aut
781 4299 838 4349 eius
854 4297 913 4348 leco
930 4311 961 4349 eo
976 4294 1150 4348 scribendum
1165 4293 1320 4356 ridebatur:
1339 4299 1367 4347 at
1382 4311 1408 4347 v.
1422 4311 1460 4349 or.
1473 4299 1538 4351 Phil.
1554 4301 1607 4363 Vll,

282 4373 297 4438 g
315 4374 346 4425 te
364 4374 430 4424 extr.
451 4399 478 4409 -
497 4373 522 4424 8.
541 4373 716 4424 auctoritatem
731 4373 755 4424 V
773 4401 801 4410 -
825 4379 1068 4434 aemooeomanqrre
1082 4371 1106 4420 V
1124 4395 1151 4406 -·
1176 4370 1200 4421 0.
1219 4375 1272 4423 trra
1288 4371 1323 4420 D:
1346 4377 1374 4421 ter
1389 4371 1412 4422 V
1430 4399 1457 4410 -
1476 4375 1610 4426 esromae

282 4447 350 4497 V·
367 4447 470 4510 pellica
485 4447 677 4510 reciperandam
693 4448 725 4496 V¹
744 4475 771 4486 -
791 4450 831 4500 40.
850 4449 923 4500 tonde
938 4446 1002 4498 Vb:
1021 4446 1138 4497 mutere
1159 4449 1220 4509 agt
1238 4472 1265 4483 -
1282 4451 1365 4498 asaro
1382 4460 1399 4511 g
1417 4476 1444 4485 -
1463 4452 1609 4502 coamrodoo

281 4520 466 4572 00000030-
490 4520 772 4574 ll.eren0m.V¹-
794 4524 981 4575 emedeV-
1005 4522 1221 4572 temesmut-
1248 4521 1604 4590 taqctoeatrtmtqret-

283 4597 323 4648 45,
340 4601 534 4648 aetmmmorum
550 4599 586 4660 V,
610 4602 637 4649 et
653 4599 692 4650 sic
709 4601 830 4664 saepius,
853 4597 924 4664 quod
946 4610 997 4648 non
1018 4598 1070 4648 iam
1087 4593 1247 4648 notabimus.
1267 4623 1295 4634 -
1318 4611 1384 4661 quoe
1404 4600 1496 4662 optem
1517 4602 1609 4654 radimo

281 4673 319 4724 V:
337 4674 429 4737 optimo
444 4673 536 4724 eume
553 4687 617 4736 qaue
633 4675 685 4726 D0
704 4701 732 4712 -
756 4677 796 4726 46.
813 4681 924 4727 uestram
940 4673 1027 4725 Vbt:
1049 4677 1162 4722 cosmam
1178 4673 1248 4736 ago
1267 4700 1294 4709 -
1319 4673 1433 4725 eoem
1447 4676 1483 4726 V:
1508 4677 1535 4729 0.
1553 4677 1609 4743 (G.)

282 4750 398 4801 Coerorte
414 4750 474 4800 D-
494 4749 534 4800 tt.
552 4751 657 4801 lcecut
673 4750 774 4801 dtcr‘V:
792 4751 887 4802 mallet
903 4751 1039 4801 loeeD-
1060 4747 1339 4811 matsupertorcb-
1359 4749 1549 4803 t8.baecaero
1565 4755 1607 4804 t·-

281 4823 326 4890 D.]
343 4837 361 4873 o
376 4823 413 4885 V,
432 4821 503 4873 uude
519 4823 638 4875 Muretus
654 4837 819 4890 praenomen
836 4825 932 4877 omisit.
951 4850 979 4860 -
998 4824 1040 4874 00.
1057 4827 1217 4874 recoctam
1232 4824 1257 4884 t:
1274 4823 1461 4888 redempturum
1477 4825 1496 4877 b
1514 4854 1542 4864 -
1557 4841 1609 4894 po-

279 4897 335 4962 puli
350 4898 373 4948 V
391 4925 419 4936 -
443 4902 565 4960 potestate
580 4899 617 4949 V:
639 4904 788 4963 potestatem
808 4901 860 4952 Do
881 4925 907 4938 -
934 4899 1120 4952 iteratorum
1140 4898 1164 4948 V
1187 4926 1215 4936 -
1241 4899 1283 4950 tt.
1301 4901 1413 4963 optanda
1430 4903 1558 4955 Muretus.
1577 4931 1606 4940 -

281 4973 323 5024 40.
342 4973 441 5037 dealem
458 4973 493 5037 (la
509 4972 536 5023 ln
553 4973 615 5037 ras.)
632 4974 770 5025 memmae
784 4975 876 5026 sostris
891 4980 944 5025 tom
959 4973 1062 5025 ostento
1077 4973 1115 5035 V3
1133 4974 1231 5038 repete
1246 4973 1353 5026 detecto
1368 4976 1391 5028 D
1409 5005 1437 5016 -
1455 4979 1527 5028 eoois
1541 4978 1565 5028 V
1577 5005 1606 5014 -

282 5062 300 5100 a
317 5061 371 5101 om.
390 5049 426 5110 D,
450 5048 499 5100 sed
515 5047 598 5100 habet
614 5063 630 5113 g
646 5063 704 5115 sup.
723 5049 768 5102 lin.
789 5078 817 5088 -
838 5049 879 5101 44.
895 5055 952 5114 post
967 5062 1038 5114 reges
1052 5048 1076 5099 V
1092 5059 1161 5098 corr.
1181 5062 1214 5101 er
1234 5054 1290 5100 troe
1307 5064 1367 5116 gem
1385 5079 1413 5088 -
1436 5059 1569 5117 coeperm
1583 5053 1607 5103 V

284 5147 312 5160 ·-
330 5125 372 5175 00.
390 5119 608 5185 quemoioreav¹
627 5151 653 5162 -
672 5125 713 5176 40.
731 5137 852 5176 aoeom.
870 5127 892 5176 D
912 5153 940 5163 -
963 5122 1206 5177 mtmttthat:
1224 5124 1477 5192 babitaretbg-
1498 5129 1607 5191 49.ρο-

281 5199 357 5249 tiator
371 5197 505 5250 detectam
520 5199 558 5249 V:
578 5202 697 5264 portator
712 5202 749 5262 D:
768 5201 882 5265 ametor
901 5201 921 5252 0
941 5227 968 5238 -
994 5199 1036 5253 30.
1053 5203 1078 5252 et
1092 5198 1154 5263 satit
1174 5205 1198 5253 et
1212 5197 1374 5265 lertt'vab:
1396 5207 1420 5254 et
1433 5203 1493 5268 [ecit
1507 5203 1608 5268 0410σο

282 5271 592 5336 gt-at.toeeerev:
613 5273 920 5341 loisellii-regest.
