4009 6159
405 534 468 601 9l8
832 535 983 604 ORATIO
1005 537 1084 603 PRO
1105 539 1139 605 Ρ.
1161 539 1302 606 SES'HO

404 729 574 795 perparvo,
596 726 668 771 eum
689 726 799 772 omnes
819 716 927 793 portus
948 715 1111 794 terruque
1131 708 1265 793 inperat
1286 710 1320 774 in
1342 728 1412 775 oras
1427 708 1551 775 Africae
1572 712 1721 777 desertis-

404 804 500 868 simas
521 800 714 888 pervenisse.
746 802 849 885 Atque
870 801 925 866 ille
945 804 1041 866 vitem
1062 822 1167 879 suam,
1190 825 1230 868 ne
1252 803 1373 867 inultus
1394 811 1496 880 esset,
1517 805 1558 869 ad
1579 809 1722 873 incertis-

404 898 515 962 simam
542 915 630 980 spem
660 904 693 959 et
720 897 760 959 ad
785 897 833 959 rai
862 895 1007 979 puhlioae
1027 895 1126 961 fatum
1146 898 1352 963 reservaritt.
1372 918 1447 982 ego,
1469 900 1541 983 qui,
1564 920 1659 985 mem
1681 901 1720 966 ad

405 990 532 1053 modum
553 989 642 1053 multi
662 991 697 1054 in
719 998 831 1053 senata
852 1009 903 1054 me
925 990 1054 1054 ahsente
1075 990 1238 1067 dixemnt,
1259 992 1400 1077 periculo
1416 994 1464 1057 rei
1478 993 1622 1077 puhlione
1635 995 1720 1059 vive·

379 1084 474 1148 eham
505 1085 625 1169 quique
654 1084 695 1146 oh
724 1103 794 1148 eam
822 1102 948 1148 eausam
977 1084 1196 1149 consularibus
1222 1086 1334 1149 litteris
1355 1085 1396 1149 de
1417 1093 1545 1151 senatus
1566 1090 1721 1153 sententia

402 1177 519 1241 exteris
547 1176 730 1241 nationibus
759 1176 1017 1252 commendabat,
1046 1198 1169 1254 nonne,
1197 1180 1224 1243 si
1254 1200 1357 1245 meam
1381 1182 1479 1245 vitam
1500 1180 1720 1258 deseruissem,

401 1291 468 1336 ram
489 1273 648 1356 publicam
668 1272 905 1355 prodidissem?
926 1272 961 1335 in
982 1292 1048 1356 qua
1068 1273 1197 1356 quidem
1219 1294 1304 1337 nune
1326 1294 1377 1337 me
1391 1274 1536 1339 restituto
1557 1274 1635 1339 vivit
1655 1296 1720 1340 me-

400 1385 474 1431 eum
495 1365 589 1430 simul
611 1366 790 1448 exemplum
811 1362 885 1428 lidei
907 1366 1063 1449 puhlioae.
1097 1365 1190 1443 Quod
1213 1369 1239 1431 si
1261 1367 1437 1433 immortale
1458 1368 1626 1445 retinetur,
1648 1374 1720 1456 qnis

399 1479 464 1525 non
485 1459 634 1542 intelligit
653 1458 862 1524 immortalem
882 1460 965 1523 hane
989 1461 1147 1524 civitatem
1169 1462 1333 1526 futuram?
1368 1462 1485 1527 llell.
1500 1460 1550 1526 5⁴.
1572 1466 1652 1529 Nam
1664 1484 1720 1528 ex·

234 1551 240 1560 '
363 1560 487 1619 retorna
507 1552 592 1617 bella
612 1571 738 1635 regum,
760 1553 920 1635 gentium,
941 1555 1107 1617 nationum
1128 1556 1190 1618 iam
1213 1554 1336 1639 pridem
1352 1558 1398 1622 ita
1411 1557 1568 1620 exstineto
1580 1565 1664 1633 sunt,
1684 1566 1720 1622 ut

399 1648 559 1733 praeclare
580 1666 653 1711 enm
674 1647 714 1711 iis
736 1666 879 1730 agamus,
902 1666 982 1731 qnos
1004 1655 1132 1730 pacatos
1145 1669 1215 1714 esse
1236 1651 1402 1733 patiamur.
1437 1651 1583 1737 Denique
1597 1672 1639 1715 ex
1652 1652 1720 1715 bel-

399 1743 462 1806 lioa
483 1742 615 1807 victoria
644 1759 709 1804 non
737 1741 804 1805 fere
827 1760 1018 1826 quemquam
1040 1750 1088 1806 est
1107 1742 1229 1807 invidia
1250 1745 1365 1808 nivium
1386 1753 1567 1811 eonseouta.
1604 1746 1720 1809 Dome-

398 1837 485 1900 stieis
506 1835 597 1899 malis
619 1842 651 1898 et
672 1834 837 1900 audacium
858 1835 971 1899 oinium
994 1836 1137 1899 consiliis
1158 1856 1255 1919 saepe
1276 1845 1325 1900 est
1343 1840 1573 1914 resistendum,
1595 1858 1720 1902 eorum·

400 1950 463 2014 que
491 1929 704 2013 periculorum
734 1935 783 1992 est
811 1930 845 1991 in
872 1950 906 1992 re
935 1929 1064 2012 publiea
1084 1930 1250 1995 retinenda
1272 1931 1444 1997 medicina:
1467 1951 1562 2017 quam
1582 1950 1718 2007 omnem,

361 2023 535 2100 uindices,
556 2021 791 2106 perdidissetis,
812 2024 840 2086 si
861 2042 932 2087 meo
953 2022 1083 2087 interitu
1100 2024 1223 2087 senatui
1245 2024 1428 2109 populoque
1443 2026 1583 2089 Romano
1598 2025 1718 2090 doloris

399 2119 449 2181 sui
478 2118 518 2180 de
547 2137 597 2181 me
619 2116 801 2181 declarandi
829 2122 968 2201 potestas
992 2125 1076 2181 esset
1097 2125 1214 2201 erepta.
1248 2118 1353 2193 Quare
1374 2138 1489 2183 moneo
1510 2139 1583 2198 vos,
1611 2120 1718 2186 adole·

398 2218 536 2287 scentes,
558 2216 654 2294 atque
674 2209 736 2274 hoe
757 2230 829 2278 meo
850 2211 918 2273 iure
939 2211 1118 2294 praecipio,
1146 2210 1203 2294 qui
1224 2209 1425 2293 dignitatem,
1449 2214 1506 2297 qui
1526 2235 1594 2279 rem
1613 2216 1718 2299 publi·

398 2326 485 2382 cam,
507 2303 562 2389 qui
583 2303 715 2386 gloriam
737 2304 903 2388 spectatis,
925 2322 981 2379 no,
1000 2305 1031 2367 'si
1053 2324 1135 2387 quae
1149 2323 1207 2367 vos
1225 2304 1398 2388 aliquando
1411 2306 1583 2371 necessitas
1596 2309 1638 2372 ad
1650 2329 1718 2373 rem

396 2400 556 2483 publicam
577 2404 686 2461 eontra
707 2397 866 2483 improbos
888 2398 973 2461 aives
996 2396 1227 2461 defendendam
1247 2398 1389 2475 vocabit,
1414 2400 1575 2483 segniores
1595 2402 1665 2466 sitis
1686 2408 1719 2465 et

359 2492 616 2559 aoreoordatione
642 2491 706 2557 mei
737 2511 828 2555 casus
850 2512 868 2555 a
889 2491 1030 2555 consiliis
1051 2491 1184 2555 fortibus
1205 2491 1377 2574 refugietis.
1420 2490 1471 2556 52.
1493 2494 1630 2558 Primum
1652 2514 1718 2559 non

398 2594 446 2651 est
464 2585 649 2673 perieulum,
670 2604 711 2649 ne
733 2586 806 2669 quis
827 2604 978 2668 umquam
999 2584 1122 2648 ineidat
1141 2586 1175 2647 in
1197 2586 1267 2650 eius
1283 2586 1369 2650 modi
1392 2588 1555 2665 eonsules,
1575 2608 1718 2673 praeser-

396 2682 454 2746 tim
477 2681 503 2745 si
525 2680 584 2743 erit
603 2680 643 2743 iis
664 2678 716 2754 id,
741 2679 826 2762 quod
842 2678 988 2754 debetur,
1011 2677 1217 2762 persolutum.
1249 2680 1373 2744 Deinde
1394 2702 1568 2766 numquam
1588 2681 1661 2760 iana,
1681 2691 1719 2747 nt

395 2796 503 2860 spero,
537 2773 703 2858 qnisquam
732 2772 894 2855 improbus
924 2772 1058 2835 consilio
1087 2779 1119 2834 et
1143 2772 1264 2835 auxilio
1292 2773 1448 2838 honorum
1477 2796 1512 2838 se
1533 2795 1717 2860 oppugnare

395 2890 463 2933 rem
484 2868 642 2951 publicam
664 2868 747 2930 dieat
768 2866 841 2947 illis
853 2866 1047 2941 tacentibus,
1068 2886 1129 2929 nee
1149 2867 1261 2930 armati
1282 2870 1440 2932 exereitus
1454 2876 1605 2933 terrorem
1619 2890 1717 2955 oppo-

356 2970 452 3027 oenet
472 2962 602 3045 togatis3
633 2982 736 3046 neque
759 2962 819 3024 erit
840 2961 924 3024 iusta
945 2980 1040 3023 causa
1061 2960 1102 3023 ad
1124 2968 1229 3045 portas
1251 2962 1374 3025 sedenti
1394 2962 1589 3045 imperatori,
1618 2984 1716 3046 quare

395 3078 488 3123 suum
510 3064 662 3120 terrorem
683 3054 763 3118 lalso
785 3054 895 3118 iactari
918 3056 1099 3138 opponique
1124 3055 1269 3137 patiatur.
1305 3056 1481 3138 Numquam
1503 3056 1642 3140 denique
1657 3056 1717 3120 erit

395 3160 459 3215 tam
479 3169 651 3235 oppressus
674 3156 817 3222 senatus,
847 3155 881 3211 ut
902 3148 932 3211 ei
954 3168 993 3211 ne
1021 3146 1219 3231 supplicandi
1240 3147 1368 3231 quidem
1390 3168 1428 3212 ao
1448 3148 1579 3231 lugendi
1600 3150 1641 3213 sit
1660 3170 1717 3234 po-

395 3253 506 3322 testas,
527 3251 592 3309 tam
613 3250 722 3325 eaptus
744 3247 893 3326 equester
913 3240 1008 3315 ordo,
1030 3249 1066 3304 ut
1087 3241 1210 3324 equitas
1232 3241 1364 3305 Romani
1385 3242 1554 3305 aeonsnle
1574 3242 1717 3325 relegen-

395 3345 455 3404 tur.
489 3338 578 3415 Quae
607 3356 678 3401 onm
708 3335 815 3400 omnia
842 3341 938 3419 atque
966 3335 1062 3399 etiam
1092 3335 1193 3400 mallo
1218 3335 1281 3399 alia
1302 3335 1435 3411 namara,
1467 3354 1550 3420 qnae
1571 3334 1715 3401 consulto

396 3729 513 3783 defendit
529 3728 718 3795 Seyffertus-p.
736 3726 782 3787 60,
800 3728 830 3777 ut
846 3737 900 3777 non
917 3738 979 3777 eum
993 3739 1053 3778 voe.
1064 3728 1205 3788 moen,
1223 3726 1272 3779 sed
1289 3731 1426 3791 umquam
1441 3726 1571 3781 ablativus
1585 3729 1637 3782 loel
1652 3741 1715 3782 enm

395 3807 453 3871 ipso
469 3805 552 3856 verbo
568 3804 706 3869 emmam
721 3803 921 3868 coniungendas
937 3804 1066 3857 videatur.
1094 3804 1167 3857 idem
1189 3804 1288 3855 indicet
1303 3802 1417 3856 Klotzlns
1434 3818 1460 3869 p.
1479 3806 1524 3855 vu
1540 3805 1583 3858 ed.
1602 3806 1714 3867 Tenba..

329 3902 331 3909 ·
396 3882 446 3933 nisi
461 3882 596 3934 Hinmmtr
612 3892 660 3945 pro
677 3878 835 3943 glossemate
852 3879 1006 3931 habendum
1023 3880 1066 3931 sit.
1086 3906 1112 3915 —
1133 3881 1156 3930 t.
1175 3880 1253 3930 nomio
1269 3880 1318 3930 PG
1334 3905 1358 3914 -
1376 3880 1402 3929 t.
1419 3879 1461 3929 ille
1476 3881 1496 3929 P
1511 3882 1606 3931 oomt
1626 3894 1663 3932 m.
1682 3894 1715 3932 ex

394 3956 465 4007 illam
483 3984 510 3993 -
528 3957 621 4007 inultos
637 3953 713 4006 edd:
731 3954 825 4006 torem
839 3958 887 4007 Pe
907 3982 934 3993 -
953 3954 976 4005 3.
994 3956 1075 4020 suren
1091 3954 1278 4019 Pantagathus:
1296 3960 1383 4005 ratum
1398 3956 1461 4014 PG;
1486 3961 1590 4020 raptem
1607 3957 1628 4007 G
1644 3969 1712 4007 oorr.

395 4044 432 4082 m.
450 4031 480 4091 ῖς
502 4034 594 4081 statum
616 4032 636 4081 0
658 4042 719 4081 cum
741 4030 816 4095 signo
838 4031 932 4083 crucis.
959 4029 1036 4082 Aliud
1057 4032 1225 4095 exspectatur
1247 4042 1328 4094 quarn
1347 4030 1429 4093 tntum
1453 4031 1487 4094 (v.
1505 4032 1592 4083 Madv.
1611 4044 1637 4097 p.
1655 4030 1713 4094 tot,

395 4108 449 4157 not.
463 4107 488 4168 l,
507 4104 565 4156 coll.
582 4106 661 4156 Balio
678 4117 705 4169 p.
718 4105 773 4167 8t);
792 4108 880 4158 minus
897 4108 986 4158 tamen
1003 4104 1101 4157 suffieit
1116 4104 1204 4156 iacobi
1221 4106 1372 4155 coniectura
1388 4117 1474 4155 eom
1490 4107 1518 4157 et
1533 4104 1646 4171 naemu
1660 4106 1715 4157 tro·

393 4181 556 4246 tomolatum
580 4178 675 4231 melius
692 4181 815 4231 Garatoni
830 4181 995 4232 coniecerat:
1019 4185 1044 4230 et
1059 4179 1115 4244 (nd)
1131 4180 1210 4231 oliam
1224 4180 1303 4243 reip.
1320 4184 1422 4230 stateem
1441 4204 1470 4217 -
1488 4178 1513 4231 l.
1530 4186 1630 4245 opoente
1644 4183 1665 4232 P
1682 4204 1711 4216 -

394 4256 418 4306 6.
436 4256 516 4306 uitem
533 4255 610 4307 edd:
627 4255 734 4306 mtsttnm
750 4257 808 4305 PG.
835 4254 961 4307 Adhaesit
976 4268 1002 4305 m
1013 4268 1046 4307 ex
1056 4269 1151 4316 menam
1169 4254 1287 4307 deludet
1302 4256 1329 4306 in
1346 4255 1355 4304 l
1371 4253 1448 4315 abiit,
1466 4257 1497 4305 ot
1506 4257 1623 4309 vicissim
1632 4268 1714 4321 supra

393 4330 1060 4391 v.2tins-7.tnqsoamssu:loquore
1081 4329 1715 4393 -8.eeenprmsr.peeoeaeao:mpms

392 4404 412 4469 s.
427 4405 550 4467 poeticos,
567 4405 707 4467 eommtm
717 4406 755 4455 ret
769 4404 835 4468 pull.
850 4405 1016 4470 &tendendae
1026 4405 1073 4456 do
1085 4406 1233 4469 (enonptaao
1242 4406 1300 4470 fidet
1313 4404 1427 4468 palleos
1437 4404 1601 4479 aefeqdeadw
1610 4402 1714 4468 Lamo.)

395 4480 536 4540 -qutdl’
556 4480 817 4531 -tomortoteG-
837 4480 1064 4544 solomone
1084 4478 1610 4530 -snmort.o-to.eeoscto1³e-
1630 4478 1716 4530 tutis

393 4554 427 4604 G:
446 4554 483 4605 lie
494 4558 522 4617 P,
541 4554 613 4621 quod
629 4555 746 4620 praelart
756 4554 901 4618 Seyffertus
912 4569 940 4620 p.
953 4556 994 4606 60.
1005 4582 1033 4592 -
1052 4556 1151 4620 sponoe
1167 4556 1197 4605 Ρι
1210 4580 1237 4589 -
1256 4553 1297 4603 ⁴2.
1314 4554 1374 4617 fiere
1385 4551 1443 4617 (litt.
1456 4552 1616 4618 iexpunota)
1627 4565 1715 4616 quma·

271 4652 274 4661 ·
392 4632 525 4690 ouwmtl’
544 4658 572 4668 -
599 4630 639 4681 46.
659 4630 965 4693 Quare--anoecmes
985 4629 1067 4682 hahet
1087 4636 1109 4681 Α
1134 4657 1161 4667 -
1182 4629 1348 4680 adulescentes
1369 4630 1449 4679 Ape
1467 4654 1495 4665 -
1522 4628 1715 4691 samm

391 4703 453 4752 P·-
471 4706 512 4756 48.
530 4706 820 4757 nePoorr.exni-
839 4701 992 4766 quomo:
1011 4702 1136 4768 pravo
1155 4730 1182 4740 —
1201 4704 1422 4755 recempe-
1440 4700 1600 4763 aocmu1213
1617 4703 1716 4753 owoett

391 4777 504 4831 Ernesti.
528 4806 555 4819 -
581 4780 622 4830 20.
640 4778 750 4843 resupini
766 4779 795 4830 Ρι
814 4806 841 4815 -
867 4780 908 4830 al.
927 4792 958 4830 oe
973 4781 1062 4832 motta
1076 4792 1197 4842 nusquam
1214 4778 1307 4831 Lamb.
1333 4807 1360 4817 -
1386 4778 1482 4831 aare
1498 4780 1519 4829 G
1537 4805 1564 4815 -
1584 4779 1627 4831 it.
1643 4778 1715 4829 ei·-

387 4854 542 4916 amonem
557 4852 640 4906 hebet
656 4856 678 4904 Α
696 4880 724 4889 -
742 4854 789 4905 ott
805 4855 837 4905 tis
853 4866 879 4903 a:
900 4854 969 4905 eltis
985 4857 1050 4917 PG3
1068 4856 1100 4906 its
1115 4857 1217 4915 om.a;
1236 4856 1284 4906 erit
1298 4855 1714 4907 momentanearum

390 4929 467 4980 senb.
485 4943 513 4996 p.
531 4930 578 4994 63,
599 4930 637 4979 tls
652 4928 686 4980 de
703 4930 734 4980 iis
751 4942 832 4992 coss„
856 4930 901 4994 qui
926 4932 983 4981 tam
1003 4931 1095 4991 erant,
1117 4941 1180 4981 eum
1197 4942 1246 4993 pro
1263 4929 1347 4980 Sestio
1363 4928 1441 4991 dixit,
1464 4927 1609 4992 intelligere
1624 4941 1712 4995 paene

391 5017 502 5058 neeesse
519 5005 611 5059 luisse.
625 5032 653 5041 -
671 5005 712 5057 al.
730 5006 759 5057 ll.
774 5018 803 5068 p.
821 5004 885 5056 dicet
900 5007 929 5068 P,
947 5005 996 5056 sed
1011 5020 1038 5069 p.
1056 5018 1115 5070 sup.
1132 5004 1176 5056 lin.
1195 5030 1223 5041 -
1242 5006 1283 5055 25.
1300 5004 1584 5067 aequanimam
1598 5002 1712 5056 habeta

391 5080 607 5132 -soemeta-
626 5080 753 5131 team
769 5085 890 5131 moron
906 5082 967 5131 PG:
986 5075 1447 5143 musaeo-poam
1466 5075 1553 5142 (itti
1569 5079 1711 5144 expunota)

389 5156 410 5205 P
426 5180 460 5193 -
476 5154 581 5217 dertare
597 5154 736 5205 Gamwnl:
754 5154 820 5205 ento
835 5156 927 5216 PGO;
945 5156 1021 5207 mmo
1035 5156 1181 5215 umanum
1198 5155 1252 5206 loen
1267 5156 1336 5207 coni.
1352 5154 1430 5209 Orelli
1447 5154 1494 5219 (ης
1511 5155 1578 5209 Μ
1593 5153 1712 5207 defendit

390 5228 537 5295 semem
552 5242 580 5297 p·
598 5230 640 5283 σοι
659 5254 687 5269 ''¹''
705 5230 748 5285 ²8·
765 5229 901 5297 rm
916 5231 966 5283 PG
984 5256 1012 5269 '¹¹
1030 5230 1072 5286 ²9·
1088 5230 1170 5285 mua
1184 5232 1254 5284 conl·
1271 5232 1385 5287 maile
