4009 6159
660 589 733 654 Gar.
754 587 953 652 xll-xm.
978 582 1025 669 §3
1046 579 1193 649 27-33.
1498 578 1582 646 tour

270 765 355 850 apud
384 769 543 836 senatum,
571 781 590 826 a
619 779 683 844 quo
709 765 836 824 ornatus
858 758 926 820 est‘l
954 775 993 818 an
1017 753 1085 818 dies
1106 759 1200 836 anget
1220 752 1288 816 eius
1310 751 1514 826 desideriam,
1543 772 1583 816 an

271 859 371 942 magis
402 856 610 930 oblivionem,
642 874 678 918 ac
706 852 812 916 laurea
840 850 894 914 illa
921 849 1044 932 magnis
1074 847 1222 931 periculis
1242 853 1333 930 parta
1353 846 1470 909 amittit
1489 843 1585 928 longo

270 952 437 1018 intervallo
465 949 679 1014 viriditatem?
718 945 822 1020 Quare
850 947 875 1008 si
905 945 960 1028 qui
989 943 1149 1006 bominem
1171 961 1237 1004 non
1259 940 1409 1022 diligunt,
1436 939 1514 1004 nibil
1538 947 1586 1002 eet

272 1047 358 1131 quod
381 1066 452 1110 eum
474 1043 513 1105 de
535 1040 695 1125 provincia
716 1041 881 1104 devocent.
908 1037 956 1099 Ad
978 1037 1110 1120 gloriam
1132 1035 1302 1108 devocant,
1324 1034 1364 1096 ad
1384 1034 1587 1117 triumphum,

272 1141 312 1204 ad
334 1139 588 1224 gratulationem,
618 1134 657 1199 ad
680 1153 834 1198 summum
857 1131 1009 1195 honorem
1031 1137 1176 1203 senatus,
1199 1129 1355 1212 equestris
1377 1129 1497 1192 ordinis
1518 1145 1611 1210 gra-e

273 1236 365 1309 tiam,
386 1225 495 1318 populi
517 1231 687 1292 cantatam.
729 1223 780 1286 30.
804 1225 864 1286 Sed
887 1227 913 1288 si
935 1225 989 1287 ille
1011 1225 1070 1288 bac
1093 1230 1156 1287 tam
1178 1222 1294 1285 eximia
1313 1221 1439 1286 fortuna
1458 1230 1589 1306 propter

273 1328 440 1392 utilitatem
461 1325 506 1388 rei
527 1322 671 1409 publicae
691 1320 751 1384 frui
775 1339 839 1382 non
861 1325 1026 1401 properat,
1058 1325 1094 1380 ut
1116 1316 1222 1380 omnia
1242 1315 1298 1378 illa
1319 1313 1479 1393 conticiat,
1509 1315 1588 1402 qnid

274 1441 332 1506 ego
354 1428 480 1486 senator
500 1418 603 1510 lacere
625 1415 741 1488 debeo,
764 1432 878 1498 queam
901 1413 994 1476 ctiam
1018 1413 1043 1474 si
1066 1412 1122 1475 ille
1142 1411 1228 1476 aliud
1245 1409 1356 1485 vellet,
1377 1411 1424 1474 rei
1445 1411 1589 1496 publicae

275 1513 437 1579 consulere
459 1513 643 1596 oporteret?

357 1609 425 1690 Ego
446 1625 521 1668 vero
543 1605 588 1667 sic
616 1602 775 1685 intelligo,
805 1608 907 1685 patres
930 1600 1113 1682 conscripti,
1141 1619 1200 1662 nos
1221 1599 1282 1662 hoc
1302 1607 1444 1682 tempore
1465 1599 1497 1662 in
1519 1616 1627 1684 pro-to

278 1702 389 1765 unciis
411 1697 618 1763 decernendis
640 1703 809 1779 perpetuae
830 1695 917 1778 paois
938 1693 1056 1758 habere
1070 1703 1217 1777 oportere
1238 1695 1409 1757 rationem:
1430 1711 1502 1756 nam
1518 1694 1590 1776 quie

276 1789 335 1860 boc
368 1812 433 1881 non
461 1791 570 1865 sentit,
603 1790 707 1853 omnia
736 1788 797 1852 alia
827 1809 895 1852 csse
926 1788 1019 1852 nobis
1041 1807 1138 1852 vacua
1163 1789 1203 1850 ab
1224 1787 1310 1849 omni
1332 1785 1474 1870 periculo
1495 1794 1591 1868 atque

278 1889 373 1950 etiam
403 1885 580 1969 suspicione
610 1882 710 1946 bellil
752 1877 804 1946 311.
825 1883 890 1946 lam
919 1883 973 1946 diu
1005 1901 1090 1944 mare
1118 1881 1260 1945 videmus
1287 1881 1365 1944 illud
1394 1880 1591 1953 immensum,

278 1982 368 2045 cuius
389 1978 511 2043 fervore
533 1997 598 2040 non
620 1976 722 2040 solum
744 1976 889 2041 maritimi
912 1997 1039 2051 cursus,
1061 1975 1116 2038 sed
1139 1976 1233 2039 nrbes
1251 1976 1345 2038 etiam
1367 1981 1399 2036 et
1420 1975 1490 2036 viae
1511 1974 1594 2036 mili·

278 2082 360 2139 taras
387 2073 454 2158 iam
487 2071 691 2145 tenebantur,
724 2072 837 2134 virtius
867 2069 921 2132 Cn.
944 2069 1085 2152 Pompeii
1117 2071 1163 2132 sic
1190 2090 1210 2133 a
1240 2069 1359 2152 popolo
1387 2070 1528 2132 Romano
1554 2068 1632 2132 abrs
1744 2110 1764 2135 Α

279 2170 406 2232 Oceano
425 2187 527 2251 nsque
549 2153 755 2229 adultimum
776 2165 910 2228 Pontum
939 2170 1100 2247 tamquam
1121 2183 1219 2227 unum
1241 2162 1379 2247 aliquem
1399 2171 1524 2245 portum
1545 2171 1596 2227 tu·

279 2271 345 2326 tum
367 2267 400 2324 et
420 2260 559 2324 clausum
584 2259 701 2323 teneri:
730 2260 875 2321 nationes
896 2276 964 2331 eas,
992 2277 1075 2339 qnae
1096 2277 1227 2321 numero
1247 2255 1409 2320 bominum
1431 2278 1469 2322 ac
1490 2259 1595 2322 molti·

280 2357 386 2420 urdine
409 2355 477 2441 ipsa
498 2361 641 2438 poterant
662 2353 695 2416 in
716 2351 892 2436 provincias
913 2357 1039 2414 nostras
1059 2349 1252 2425 redundare,
1273 2349 1318 2413 ita
1338 2349 1378 2413 ab
1397 2355 1510 2418 eodem
1524 2373 1595 2418 esse

280 2451 393 2534 partim
415 2450 548 2523 recisas,
569 2447 683 2530 partim
704 2465 879 2530 repressas,
900 2453 937 2511 ut
957 2444 1049 2520 Asia,
1071 2464 1152 2529 quae
1164 2446 1332 2528 imperium
1346 2454 1440 2511 antea
1452 2455 1595 2511 nostrum

281 2543 482 2617 terminabat,
503 2563 589 2606 nnnc
611 2541 711 2606 tribus
732 2541 822 2605 noris
844 2540 1016 2624 provinciis
1037 2539 1106 2624 ipsa
1128 2539 1280 2622 cingatur.
1311 2540 1442 2605 Possum
1456 2543 1496 2605 de
1510 2541 1634 2605 omniao

284 2629 436 2722 [regione
457 2635 497 2699 de
512 2636 597 2700 omni
619 2631 745 2719 genere]
768 2635 904 2699 hostium
920 2635 1046 2698 dicere:
1067 2633 1154 2697 nulla
1175 2652 1253 2717 gena
1274 2642 1332 2709 est,
1354 2654 1436 2717 quae
1457 2641 1531 2699 non'
1544 2643 1598 2698 aut

282 2733 325 2794 ita
347 2729 469 2794 sublata
492 2730 549 2804 sit,
571 2736 606 2793 ut
621 2731 674 2793 vix
695 2737 814 2802 exstet,
837 2737 891 2792 aut
913 2730 957 2792 ita
976 2726 1110 2800 domita,
1131 2732 1168 2790 ot
1181 2727 1329 2810 quiescat,
1352 2735 1406 2790 aut
1419 2727 1463 2792 ita
1477 2737 1598 2812 pacata,

284 2832 319 2888 ut
339 2823 470 2887 victoria
491 2831 598 2910 nostra
620 2824 819 2907 imperioque
842 2823 984 2886 laetetur.
1027 2822 1111 2884 Xlll.
1133 2817 1185 2884 32.
1206 2820 1329 2884 Bellum
1350 2821 1522 2896 Gallicum,
1544 2842 1599 2905 pa·

169 2943 176 2956 ·
284 2928 346 2982 tres
374 2917 559 3000 conscripti,
588 2917 620 2980 C.
646 2917 777 2982 Caesare
805 2919 990 3000 imperatore
1013 2921 1135 2999 gestum
1156 2921 1220 2990 est,
1248 2922 1341 2978 antea
1361 2920 1481 2978 tantum
1505 2917 1599 2980 modo

285 3010 455 3094 repulsum.
499 3011 627 3095 Semper
653 3011 722 3074 illas
751 3010 894 3074 nationes
923 3010 1023 3074 nostri
1051 3009 1256 3092 imperatores
1285 3007 1466 3074 refutandas
1493 3010 1637 3095 patinara

284 3104 369 3168 bello
398 3124 492 3188 quam
521 3103 719 3168 lacessendas
747 3110 945 3188 putaverunt.
988 3105 1061 3186 lpse
1088 3103 1142 3166 ille
1165 3103 1198 3166 C.
1219 3103 1353 3178 blarius,
1383 3103 1473 3168 cuius
1494 3104 1602 3169 divina
1636 3135 1639 3143 ·

285 3206 381 3283 atque
402 3198 518 3263 eximia
532 3199 631 3262 virtus
646 3197 766 3281 magnis
788 3197 895 3281 populi
910 3197 1041 3262 Romani
1056 3196 1194 3260 luctibus
1208 3195 1434 3280 funeribusque
1449 3197 1602 3274 subvenit,

285 3295 453 3356 induentes
482 3293 516 3355 in
545 3292 667 3361 ltaliam
696 3291 855 3356 Gallorum
887 3292 1037 3355 maximae
1059 3290 1167 3372 copias
1188 3290 1356 3373 repressit,
1385 3310 1450 3354 noo
1471 3292 1540 3377 ipse
1561 3292 1602 3356 ad

288 3406 395 3450 eorum
417 3386 511 3450 urbes
533 3387 688 3470 sedesque
711 3385 894 3469 penetravit.
929 3385 1025 3448 blodo
1053 3383 1108 3446 ille
1134 3403 1275 3448 meorum
1295 3384 1454 3460 laborum,
1481 3389 1603 3470 perieu-

288 3481 406 3556 lorum,
427 3480 631 3545 consiliorum
653 3480 773 3563 socius,
797 3477 831 3541 C.
854 3479 1054 3562 Pomptinus,
1075 3476 1263 3542 fortissimus
1277 3477 1334 3553 vir,
1355 3486 1459 3544 ortum
1472 3490 1640 3564 repenteao
1748 3507 1755 3520 ¹

288 3573 407 3638 bellum
434 3573 637 3657 Allobrogum
665 3581 760 3658 atque
788 3573 847 3636 bac
876 3573 1028 3636 scelerata
1049 3573 1263 3636 coniuratione
1284 3574 1454 3638 excitatum
1473 3575 1605 3659 proeliis

289 3665 383 3750 fregit
404 3687 525 3751 eosque
548 3668 686 3744 domuit,
712 3668 767 3751 qui
794 3667 1014 3741 lacessierunt,
1041 3675 1074 3730 et
1094 3686 1132 3730 ea
1153 3667 1282 3730 victoria
1304 3675 1469 3733 contentus
1491 3691 1525 3734 re
1546 3689 1606 3754 pu·

290 3761 373 3824 blica
401 3770 486 3825 metu
510 3762 639 3826 liberata
663 3762 792 3846 quievit.
830 3759 862 3824 C.
886 3759 1027 3825 Caesaris
1048 3760 1141 3843 longe
1163 3760 1256 3824 aliam
1277 3761 1371 3825 video
1390 3761 1490 3826 inisse
1510 3764 1606 3828 ratio·

292 3876 381 3919 nem:
413 3876 475 3919 non
498 3857 582 3920 enim
604 3856 663 3920 sibi
685 3854 786 3919 solum
809 3875 879 3918 cum
900 3853 958 3929 iia,
981 3873 1063 3937 quos
1084 3854 1147 3917 iam
1168 3862 1303 3919 armatos
1325 3862 1434 3920 conba
1454 3857 1605 3943 populum

291 3950 466 4014 Romanum
486 3949 626 4023 ridebat,
648 3948 829 4012 bellandum
851 3967 920 4010 esse
941 3946 1048 4023 duxit,
1070 3948 1127 4012 sed
1149 3954 1245 4012 totam
1261 3948 1393 4012 Galliam
1413 3950 1447 4012 in
1467 3959 1643 4014 nostramaa

292 4044 449 4108 dicionem
472 4062 541 4107 esse
562 4041 775 4125 redigendam.
818 4037 868 4104 33.
891 4041 1002 4124 Itaque
1023 4063 1095 4107 cum
1117 4042 1276 4106 acerrimis
1297 4043 1476 4107 nationibus
1497 4053 1529 4108 et
1543 4065 1607 4107 ma-

293 4139 386 4202 xlmis
402 4137 628 4200 Germanorum
650 4143 682 4200 et
702 4135 918 4200 Helvetiorum
939 4135 1264 4218 proeliielelicissime
1279 4135 1466 4213 decertarit,
1488 4146 1607 4202 ceteras

350 4462 375 4510 t.
393 4457 453 4522 dau]
470 4458 493 4508 st
509 4456 554 4508 GE
569 4483 595 4492 —
613 4457 638 4507 ἱ.
655 4454 762 4520 moenis]
778 4455 915 4520 mauce
929 4483 955 4493 -
974 4457 999 4508 7.
1013 4459 1198 4523 cmflttatl’-
1213 4457 1473 4522 t0.tatsltapoPG-
1487 4457 1610 4523 limam]

294 4531 740 4586 aaruP¹—42.oliooomiotlll
760 4557 786 4567 -
806 4532 993 4582 lasciuae:
1017 4532 1491 4595 comparanto-mecona
1511 4535 1611 4586 -belti

294 4612 347 4662 taor
362 4611 415 4660 diu.
433 4610 506 4660 ilar-a
521 4610 578 4659 P-
598 4607 639 4658 tl.
656 4607 785 4658 madeat
801 4609 831 4667 Ρς
853 4606 992 4658 matritum
1008 4609 1029 4658 Ε
1046 4633 1074 4644 -
1093 4608 1133 4657 tt.
1149 4607 1284 4669 carpat}
1304 4631 1331 4643 —
1350 4607 1391 4658 47.
1408 4609 1494 4674 tmen]
1511 4607 1611 4662 litteras

295 4689 351 4736 tres
367 4684 404 4733 err·
421 4683 446 4733 in
463 4695 555 4734 rasura
572 4683 649 4733 unius
666 4680 818 4732 habetP-
837 4681 877 4732 49.
894 4693 1038 4744 repressam
1053 4685 1112 4734 P·-
1131 4683 1263 4745 aduecta]
1278 4695 1358 4733 aomo
1372 4681 1441 4734 1²¹-
1458 4685 1612 4751 itmsqtcae

296 4757 630 4821 demmisnpraversum
650 4753 822 4806 umetP'-
844 4757 1107 4820 peusrebouiamc:
1128 4757 1234 4808 hortm
1254 4758 1426 4822 qomo-
1447 4759 1610 4824 0⁸qu-

296 4832 499 4884 anuscanae
514 4832 560 4882 otc
576 4834 603 4882 et
619 4833 680 4882 ante
696 4831 805 4892 unstruot
820 4841 900 4897 supra
911 4843 1019 4884 versum
1035 4830 1147 4885 babetP
1159 4857 1187 4868 -
1204 4836 1272 4884 mat
1286 4829 1316 4883 1)ι
1328 4859 1356 4872 -
1373 4831 1415 4884 ll.
1428 4834 1455 4886 0.
1467 4835 1509 4887 1²¹:
1528 4836 1610 4900 &1¹¹3

298 4906 1613 4973 emuli-rutundi)-abaociorserP-raplrtaadoaltinraenrababetP-ooctual’

297 4981 339 5032 26.
358 4993 435 5043 quom
450 4981 640 5044 mmmm
655 4984 684 5033 1)ι
701 4981 785 5044 (asoa
801 4981 955 5032 mundar
970 4995 1024 5033 om.
1042 4983 1076 5044 (33
1099 4984 1161 5047 post
1175 4995 1219 5032 vv,
1235 4983 1344 5046 tassdu
1358 4985 1563 5048 transposuere)
1580 5013 1613 5024 -

298 5055 1613 5123 annuun-aa.atre0sauc-rsprasrarr¹-ao.arreur¹-ao.ertue-pom-

298 5130 440 5190 ιῑπωΡΕς
456 5131 573 5193 pectinos
589 5132 609 5182 G
627 5157 654 5167 -
673 5130 714 5182 ³⁴.
732 5130 814 5193 adque
830 5133 858 5181 1³¹
877 5157 904 5170 -
928 5131 968 5181 ³3.
986 5131 1093 5183 liberm
1113 5133 1246 5184 cumdii
1264 5159 1292 5172 -·
1314 5133 1342 5184 0.
1360 5146 1413 5185 om.
1431 5134 1452 5185 C
1471 5159 1497 5172 -
1516 5133 1556 5186 bd.
1574 5135 1613 5185 ds·-

298 5205 450 5331 qtppeppP:
476 5205 631 5257 adussero
655 5231 682 5242 -
709 5206 847 5268 marum]
869 5219 883 5256 c
904 5207 931 5257 tn
953 5207 1053 5260 maiore
1077 5219 1169 5261 rasura
1191 5210 1218 5260 et
1241 5207 1384 5262 alteramr
1404 5221 1484 5274 snpra
1505 5221 1613 5263 remum

355 5293 370 5330 e
421 5317 426 5330 .
