4009 6159
751 604 824 668 cm.
847 605 1011 670 vr-vu.
1038 603 1083 688 §p
1108 601 1255 669 44-44.
1578 603 1660 671 uer

418 770 469 837 45.
490 775 530 837 At
558 774 641 836 enim
675 774 730 837 Cn.
752 773 921 856 Pompeius
944 775 1106 857 rogatione
1130 797 1186 838 sua
1209 777 1301 838 etde
1324 797 1357 839 re
1380 776 1472 839 etde
1495 797 1591 840 causa
1612 779 1661 840 iu-

332 869 464 942 dicavit3
493 868 566 930 tulit
587 868 672 932 enim
694 868 734 930 de
756 869 865 942 caede,
895 870 1031 952 quaein
1055 871 1158 955 Appia
1181 871 1229 932 via
1253 869 1335 933 sacta
1358 877 1455 944 essct,
1486 871 1518 932 in
1541 890 1604 952 qua
1625 873 1659 932 P.

333 962 461 1027 Clodius
489 959 612 1027 occisus
639 970 732 1026 esset.
777 962 861 1038 Quid
885 982 960 1046 ergo
989 964 1086 1026 tulit?
1116 967 1236 1046 Nempe
1260 971 1294 1027 ut
1316 973 1529 1048 quaereretur.
1574 966 1658 1041 Quid

331 1076 426 1140 porro
456 1058 672 1140 quaerendum
703 1061 774 1119 est‘l
804 1059 975 1119 Factumne
1006 1058 1068 1120 sit?
1101 1058 1141 1119 At
1171 1065 1301 1121 constat.
1336 1060 1471 1142 Aque?
1499 1061 1539 1122 dt
1560 1067 1659 1142 paret.

332 1150 419 1214 Vidit
446 1151 541 1232 igitur
570 1151 662 1214 etiam
689 1153 722 1214 in
750 1150 949 1214 confessione
978 1151 1052 1214 sacti
1075 1151 1153 1214 iuris
1176 1161 1281 1214 tamen
1303 1152 1518 1216 defensionem
1541 1156 1683 1238 suscipit

332 1266 435 1330 posse.
470 1243 646 1320 Quodnisi
668 1245 799 1308 vidisset
819 1265 913 1328 posse
935 1246 1058 1308 absolvi
1081 1266 1169 1318 eum,
1193 1247 1248 1328 qui
1262 1246 1428 1319 fateretur,
1452 1268 1522 1311 cum
1539 1248 1660 1312 videret

332 1361 391 1404 nos
418 1339 527 1412 lateri,
554 1357 659 1422 neque
688 1339 797 1423 quaeri
826 1358 974 1421 umquam
997 1340 1143 1402 iussisset
1163 1359 1222 1402 nec
1245 1341 1333 1402 vobis
1356 1347 1419 1402 tam
1440 1339 1522 1403 banc
1545 1342 1659 1405 saluta-

332 1455 396 1496 rem
426 1434 458 1495 in
487 1432 659 1496 indicando
688 1433 824 1496 litteram
848 1452 942 1516 quam
963 1433 1051 1496 illam
1073 1433 1194 1496 tristem
1218 1433 1366 1496 dedisset.
1403 1432 1482 1498 Mihi
1503 1455 1578 1498 vero
1603 1437 1658 1497 Cn.

332 1528 500 1610 Pompeius
524 1547 587 1589 uon
609 1529 703 1589 modo
729 1526 808 1591 nibil
832 1527 957 1610 gravius
980 1534 1090 1588 contra
1112 1526 1262 1589 Milonem
1285 1527 1455 1601 iudicasse,
1486 1528 1541 1590 sed
1564 1529 1658 1592 etiam

333 1621 482 1684 statuisse
510 1620 650 1695 videtur,
679 1621 754 1704 quid
783 1640 839 1682 vos
869 1621 902 1681 iu
932 1620 1103 1683 iudicando
1126 1629 1268 1702 spectare
1290 1629 1459 1703 oporteret.
1500 1625 1577 1684 Nam
1602 1625 1697 1707 quito

333 1735 397 1776 non
429 1734 564 1796 poenam
598 1715 804 1787 confessioni,
837 1715 892 1777 sed
924 1713 1141 1777 defensionem
1172 1703 1333 1787 dedit,lis
1363 1735 1487 1779 causam
1514 1717 1659 1780 interitus

333 1810 561 1891 quaerendam,
590 1831 655 1872 non
681 1810 840 1872 interitum
863 1790 1004 1891 putavit.)
1040 1809 1107 1870 Vll.
1130 1802 1180 1868 46.
1204 1809 1268 1869 lam
1290 1808 1370 1870 illud
1392 1809 1475 1872 dicet
1496 1809 1565 1891 ipse
1587 1831 1659 1892 pro·
1768 1753 1874 1848 ’iffi

332 1904 431 1979 lecto,
464 1903 550 1987 quod
580 1924 637 1967 sua
665 1911 778 1987 sponte
806 1902 898 1977 fecit,
931 1903 1085 1965 Publione
1113 1902 1222 1966 Clodio
1253 1902 1454 1964 tribuendum
1483 1904 1598 1985 putarit
1619 1925 1658 1966 an

1816 1963 1840 2032 l

332 1998 476 2080 tempori.
517 2000 608 2061 llomi
637 2018 714 2061 suae
744 1997 960 2060 nobilissimus
988 1998 1055 2071 vir,
1085 2002 1211 2059 senatus
1242 2004 1456 2079 propugnator·
1476 2004 1572 2080 atque
1594 1998 1659 2060 illis
1726 2041 1734 2059 .
1808 2033 1829 2080 ρ

334 2092 463 2173 quidem
485 2092 676 2175 temporibus
699 2112 799 2174 paene
822 2097 992 2182 patronus,
1015 2091 1189 2153 avunculus
1211 2089 1305 2152 buius
1329 2081 1441 2153 tudffiis
1459 2093 1574 2165 nostri,
1596 2091 1696 2155 lor-ru

333 2184 446 2247 tissimi
464 2184 551 2269 piri,
580 2187 621 2247 bl.
645 2185 790 2258 Catonis,
821 2171 965 2272 trilffnus
995 2184 1038 2267 pl.
1062 2175 1245 2247 MT‘Drusus
1269 2185 1393 2247 occisus
1416 2193 1473 2248 est.
1509 2185 1595 2246 Nihil
1619 2185 1658 2248 de
1718 2222 1723 2230 ,

333 2278 402 2340 eius
423 2286 525 2342 morte
547 2279 682 2362 populus
695 2279 869 2351 consultus,
892 2277 980 2340 nulla
995 2280 1140 2361 quaestio
1156 2279 1283 2341 decreta
1298 2299 1316 2341 a
1331 2287 1442 2342 senatu
1457 2287 1514 2341 est.
1549 2279 1659 2355 Quan-

333 2378 398 2434 tum
419 2371 536 2455 luctum
559 2373 591 2435 in
614 2372 673 2435 bac
694 2373 772 2434 urbe
794 2371 893 2434 luisse
909 2391 929 2434 a
943 2374 1060 2434 nostris
1075 2371 1213 2455 patribus
1227 2373 1419 2455 accepimus,
1441 2395 1511 2437 cum
1527 2375 1560 2437 P.
1576 2373 1658 2437 Airi-

333 2485 430 2540 cano,
453 2465 538 2528 domi
561 2487 637 2529 suae
660 2466 852 2549 quiescenti,
874 2465 928 2528 illa
950 2473 1103 2528 nocturna
1125 2467 1173 2527 vis
1196 2473 1281 2528 esset
1295 2466 1399 2529 illatal
1423 2468 1494 2550 quis
1510 2474 1576 2530 tum
1592 2487 1657 2530 non

332 2558 473 2642 gemuit?
496 2560 569 2643 quis
591 2580 656 2622 non
679 2560 756 2622 arsit
777 2558 905 2633 dolore,
928 2579 1022 2642 quem
1038 2558 1256 2632 immortalem,
1277 2559 1304 2622 si
1319 2559 1389 2623 fieri
1403 2567 1524 2643 posset,
1547 2581 1696 2628 omnesto

333 2673 402 2715 esse
433 2660 598 2735 cuperent,
622 2654 690 2717 eius
719 2674 760 2716 ne
786 2654 996 2717 necessariam
1021 2651 1150 2736 quidem
1173 2659 1385 2736 exspectatam
1408 2674 1479 2716 esse
1501 2659 1657 2718 morteml

332 2748 413 2808 Num
446 2747 542 2829 igitur
571 2747 638 2810 ulla
668 2748 813 2831 quaestio
848 2747 888 2809 dc
921 2745 1059 2809 Africani
1093 2754 1193 2809 morte
1226 2747 1289 2810 lata
1322 2749 1395 2810 est?
1437 2747 1528 2810 Certe
1560 2750 1657 2812 nulla.

334 2836 385 2902 47.
408 2840 492 2917 Quid
515 2842 580 2903 ita‘l
603 2842 764 2925 quianon
787 2842 848 2905 alio
870 2839 1010 2903 facinore
1032 2839 1107 2902 clari
1129 2839 1292 2914 homines,
1315 2840 1378 2903 alio
1402 2841 1527 2904 obscuri
1542 2862 1658 2905 necan-

332 2943 392 2998 tur.
432 2936 559 2998 lntersit
585 2936 670 2998 inter
698 2937 778 3000 vitae
801 2934 982 3016 (lignitatem
1011 2954 1203 2996 summorum
1227 2941 1325 3016 atque
1347 2931 1544 2999 infimorum:
1572 2956 1658 2999 mors

334 3028 462 3111 quidem
484 3029 570 3093 illata
596 3049 652 3113 per
673 3030 776 3094 scelus
798 3031 897 3093 isdem
921 3037 952 3090 et
974 3026 1087 3110 poenis
1113 3034 1256 3090 tencatur
1278 3035 1310 3090 et
1332 3028 1471 3111 legibus:
1496 3031 1557 3093 nisi
1577 3029 1695 3100 4444444

332 3123 430 3204 magis
453 3124 513 3186 erit
533 3123 705 3206 parricida,
734 3125 761 3187 si
784 3123 840 3208 qui
862 3121 1060 3185 consularem
1082 3128 1218 3206 patrem,
1245 3141 1340 3205 quam
1363 3122 1390 3186 si
1413 3123 1484 3206 quis
1506 3123 1657 3188 humilem

332 3217 467 3292 necarit,
496 3225 551 3279 aut
581 3237 619 3280 eo
649 3238 733 3280 mors
763 3219 901 3281 atrocior·
928 3217 988 3280 erit
1015 3217 1047 3277 P.
1073 3214 1191 3290 Clodii,
1221 3215 1306 3299 quod
1335 3216 1363 3279 is
1390 3217 1423 3278 in
1446 3219 1658 3282 monumentis

333 3313 485 3375 maiorum
506 3331 636 3374 suorum
666 3314 706 3374 sit
734 3311 918 3374 interfectus
941 3345 982 3355 -·
1005 3309 1066 3372 boo
1089 3313 1173 3373 enim
1195 3310 1234 3373 ab
1257 3309 1326 3373 istis
1349 3330 1444 3394 saepe
1467 3311 1585 3374 dicitur
1605 3345 1657 3387 -,

333 3403 465 3486 proinde
487 3407 579 3488 qnasi
600 3406 720 3489 Appius
742 3405 796 3468 ille
820 3406 938 3469 Caecus
960 3407 1042 3468 viam
1066 3405 1249 3478 muniverit,
1272 3425 1335 3467 nou
1352 3425 1415 3488 qua
1436 3406 1574 3490 populus
1590 3413 1658 3469 ute·

332 3505 435 3572 retur,
458 3499 514 3560 sed
537 3498 592 3561 nbi
614 3500 742 3582 impune
764 3499 814 3562 sui
836 3500 953 3582 posteri
976 3498 1255 3562 latrocinarenturl
1301 3494 1352 3560 l8.
1370 3500 1480 3582 ltaque
1498 3502 1531 3563 in
1547 3500 1696 3568 eademst

332 3591 392 3652 ista
414 3591 517 3673 Appia
538 3594 590 3655 via
611 3613 683 3656 cum
704 3594 936 3657 ornatissimum
959 3593 1101 3688 equitem
1130 3593 1305 3655 Romanum
1328 3595 1359 3655 P.
1384 3593 1512 3657 Clodius
1535 3595 1576 3658 bl.
1601 3597 1658 3658 Pa·
1765 3555 1788 3655 ὅ

332 3683 448 3766 pirium
471 3684 653 3760 occidisset,
674 3707 739 3749 uon
761 3686 822 3748 luit
842 3685 923 3748 illud
944 3686 1067 3750 facinus
1090 3686 1303 3768 puniendnm;
1325 3687 1420 3749 bomo
1437 3689 1519 3750 euim
1542 3689 1658 3753 nobilis

332 3780 366 3841 in
388 3777 454 3840 suis
477 3781 691 3843 monumentis
713 3781 852 3864 equitem
881 3782 1057 3844 Romanum
1079 3780 1250 3842 occiderat:
1273 3799 1358 3842 nune
1381 3781 1522 3845 eiusdem
1537 3783 1658 3866 Appiae

333 3891 449 3934 nomen
472 3879 607 3953 quantas
627 3873 804 3957 tragoedias
834 3874 967 3937 excitati
1004 3873 1092 3948 Quae
1115 3879 1279 3936 cruentata
1300 3882 1392 3938 antea
1414 3875 1509 3938 caede
1531 3875 1657 3939 bonesti

333 3973 429 4048 atque
450 3964 628 4030 innocentis
649 3968 710 4030 viri
732 3968 898 4042 silebatur,
927 3967 1037 4031 eadem
1067 3987 1150 4029 unne
1181 3968 1290 4030 crebro
1320 3975 1507 4050 usurpatur,
1535 3977 1697 4053 postea-35

334 4079 428 4142 quarn
452 4058 584 4124 latronis
607 4067 639 4123 et
660 4061 835 4143 parricidae
857 4062 1011 4144 sanguine
1034 4059 1153 4124 imbuta
1170 4067 1226 4124 est.
1260 4059 1323 4123 Sed
1338 4061 1415 4144 quid
1430 4081 1489 4145 ego
1505 4062 1559 4126 illa
1574 4083 1659 4126 eorn-

333 4156 496 4218 memoro?
528 4154 778 4238 Comprehensus
800 4157 903 4219 estin
925 4155 1043 4238 templo
1066 4155 1204 4219 Castoris
1226 4175 1336 4218 servus
1357 4157 1391 4218 P.
1414 4154 1533 4230 Clodii,
1562 4178 1657 4240 quem

397 4405 421 4453 4.
439 4404 471 4454 44
486 4403 552 4454 euim
563 4429 600 4440 --
611 4404 731 4454 4444444444
747 4403 828 4455 hebet
850 4407 869 4456 B
890 4432 916 4440 -
941 4402 982 4469 at.
1008 4405 1056 4455 TE
1076 4404 1184 4467 ubique.
1204 4430 1229 4439 -
1258 4409 1281 4454 44
1296 4406 1356 4454 ante
1374 4407 1403 4454 de
1419 4418 1447 4455 re
1463 4420 1516 4459 om.
1535 4409 1609 4458 B‘l'S
1628 4436 1656 4445 -

332 4481 356 4530 8.
370 4481 435 4542 Quid
449 4493 527 4543 porro
538 4506 574 4517 ·-
586 4484 613 4528 ot
626 4486 701 4542 peret
711 4480 793 4532 babet
804 4483 823 4532 B
836 4508 863 4516 —
878 4481 902 4532 4.
916 4481 1085 4542 quaerendem
1095 4480 1220 4542 4444444444
1231 4480 1262 4529 444
1274 4481 1293 4529 Β
1308 4508 1334 4516 —
1348 4485 1375 4530 ot
1390 4487 1464 4543 peret
1480 4484 1538 4532 net
1552 4483 1657 4535 bamb:

332 4561 439 4619 apparet
448 4557 482 4614 Τ;
499 4560 528 4605 ot
543 4562 650 4619 apparet
666 4557 700 4616 Ε;
719 4562 746 4606 ot
758 4562 828 4619 potet
839 4559 856 4606 S
869 4585 896 4593 -
911 4557 935 4606 7.
948 4557 1012 4605 boae
1029 4555 1165 4604 solutorem
1176 4555 1235 4604 TE:
1253 4555 1328 4605 solut.
1343 4555 1407 4605 boec
1419 4557 1462 4606 80
1476 4585 1503 4593 -
1522 4557 1545 4608 8.
1560 4559 1659 4610 literam

333 4630 492 4695 Otubique).
507 4658 535 4668 -
553 4631 629 4680 Micbi
644 4631 664 4680 T
682 4630 799 4694 (ubique)
817 4658 844 4666 —
865 4631 904 4681 40.
923 4632 951 4680 iu
967 4643 1021 4680 om.
1035 4631 1054 4680 T
1068 4657 1094 4664 -
1115 4630 1154 4679 ⁴2.
1173 4629 1225 4691 ipso
1241 4629 1304 4679 dicet
1319 4630 1364 4680 Es
1384 4658 1410 4665 -
1431 4630 1471 4682 44.
1489 4633 1574 4692 domm
1590 4633 1610 4682 t
1630 4661 1656 4669 -

333 4708 373 4756 45.
387 4709 502 4770 444444·
521 4734 548 4743 -
566 4706 655 4756 iudicis
670 4709 748 4756 nostri
764 4709 797 4758 T:
816 4707 908 4756 iudices
923 4705 1002 4755 nostri
1019 4705 1053 4764 Ε;
1071 4705 1150 4754 uestri
1166 4705 1254 4754 iudicis
1270 4704 1315 4753 80
1334 4731 1362 4740 -
1382 4706 1422 4755 46.
1440 4705 1555 4756 tribuous
1568 4707 1604 4768 pl.
1622 4709 1657 4758 rll.

333 4783 431 4832 Drusus
446 4783 540 4832 occicus
556 4786 590 4831 444
606 4780 690 4831 babet
704 4783 724 4832 B
744 4809 771 4819 -—
791 4783 831 4833 48.
849 4795 906 4832 casn
921 4783 948 4831 P.
961 4780 1080 4842 44444444
1097 4780 1164 4828 domi
1179 4791 1240 4828 seme
1255 4780 1441 4840 conquiescendi
1460 4781 1513 4844 (sic)
1526 4781 1545 4830 B
1559 4807 1586 4816 ·-
1606 4782 1658 4844 quei

334 4855 360 4904 b.
374 4854 425 4906 ll·
444 4882 471 4892 -
491 4856 531 4906 49,
549 4857 630 4906 ottoto
645 4857 666 4905 T
679 4882 706 4891 -
724 4857 765 4906 40.
783 4855 984 4921 444444444184
1003 4855 1124 4918 inperauit
1139 4854 1159 4904 0
1172 4879 1200 4889 -
1220 4855 1377 4904 inmortalem
1393 4856 1413 4904 T
1428 4883 1452 4891 -
1473 4855 1532 4920 eius]
1550 4858 1572 4906 44
1588 4857 1658 4908 4444Ε

336 4957 360 4967 -
380 4943 412 4980 44
428 4943 481 4980 om.
500 4932 559 4981 T-
579 4930 619 4981 44.
637 4932 757 4994 44444444444
773 4933 793 4982 T
812 4959 839 4968 -
859 4931 899 4981 23.
917 4930 1023 4980 obseura
1041 4930 1059 4980 E
1079 4956 1105 4964 -
1124 4931 1166 4980 25.
1185 4928 1301 4981 intotoli
1322 4957 1347 4964 -
1366 4931 1443 4980 isdem
1459 4931 1495 4980 E:
1514 4931 1606 4982 triadem
1622 4933 1656 4992 Τ;

332 5005 419 5056 iisdem
434 5007 454 5055 0
468 5029 493 5044 -
514 5010 537 5054 44
553 5007 614 5055 ante
628 5007 715 5068 poenit
731 5018 784 5056 om.
803 5007 848 5056 ’48
862 5032 888 5041 -
908 5006 950 5057 47.
967 5006 1065 5055 necarit
1082 5005 1143 5054 TE:
1162 5005 1287 5054 necaverit
1304 5005 1349 5054 80
1364 5032 1391 5041 -
1409 5005 1451 5055 28.
1469 5005 1501 5054 ub
1517 5007 1571 5054 44444
1586 5020 1659 5070 saepe

333 5080 396 5130 TE:
413 5093 487 5142 scope
502 5078 534 5129 eb
549 5080 656 5131 4444480
670 5107 698 5117 -
716 5081 757 5131 tt.
775 5081 1150 5131 nuno--tarroesmremm
1166 5078 1248 5130 babet
1263 5081 1283 5130 B
1298 5104 1325 5115 -
1345 5080 1450 5130 nomes
1466 5080 1579 5131 TEBS:
1598 5083 1658 5132 Per-

333 5154 730 5206 indeo-mmmmm:
749 5155 922 5214 inueneritlit
948 5155 1102 5207 4444444440
1122 5182 1148 5190 -
1168 5155 1354 5217 somme
1378 5182 1403 5191 -
1429 5154 1469 5206 34.
1488 5156 1564 5218 apiae
1586 5157 1606 5206 Τ
1628 5181 1656 5192 -

333 5229 374 5280 il.
391 5243 457 5291 quoe
472 5229 755 5282 ommam-tortum
769 5235 806 5284 444
820 5229 902 5285 babet
918 5229 1060 5283 Diomedes
1082 5243 1109 5298 p.
1128 5227 1189 5292 468,
1207 5230 1223 5281 7
1240 5241 1300 5298 sqq.
1320 5255 1346 5268 -
1369 5229 1410 5285 44.
1428 5229 1658 5299 0444444444--

332 5305 505 5363 444444444444
519 5302 602 5359 babet
617 5305 646 5358 B.
1007 5307 1009 5312 '
