4009 6159
639 628 712 691 cii.
735 628 969 692 xer-xum
998 624 1044 709 §s
1066 624 1216 692 sa-ea,
1533 625 1595 691 aaa

266 798 353 863 diurn
376 804 554 880 comparat:
578 798 633 880 qui
654 796 853 871 vulneribus,
877 817 958 879 quae
982 797 1084 863 cernit
1105 800 1249 881 quotidie
1272 805 1339 862 toto
1361 818 1505 882 corpore,
1527 820 1595 863 mo·

265 904 361 958 netur
381 902 417 957 ut
438 893 546 976 aliquo
569 892 726 974 praesidio
748 899 844 975 caput
866 899 898 955 et
917 893 1056 956 cervices
1072 900 1104 956 et
1125 893 1269 975 iugulum
1284 912 1321 956 ac
1341 892 1442 957 latera
1464 901 1595 968 tutetur,

265 989 351 1053 bunc
372 988 413 1051 de
426 988 459 1051 vi
473 986 687 1051 accusandum
703 990 821 1069 putas?
864 983 916 1047 94.
941 986 1022 1062 Quis
1036 988 1121 1050 enim
1136 997 1291 1063 nostrum,
1313 988 1450 1064 iudices,
1471 991 1597 1072 ignorat

265 1083 310 1147 ita
332 1091 475 1147 naturam
496 1102 601 1145 rerum
624 1081 751 1155 tulisse,
774 1088 809 1143 ut
823 1079 961 1163 quodam
984 1089 1127 1164 tempore
1148 1082 1311 1158 homines,
1333 1082 1475 1145 nondum
1490 1104 1596 1167 neque

265 1176 401 1242 naturali
422 1194 528 1259 neque
550 1173 635 1237 civili
657 1174 725 1237 iure
748 1176 925 1257 descripto,
947 1175 1010 1239 lusi
1029 1197 1085 1260 per
1099 1195 1191 1259 agros
1207 1196 1244 1240 ac
1258 1177 1392 1260 dispersi
1407 1187 1621 1261 vagarentura

266 1278 452 1353 tantumque
480 1268 650 1342 baberent,
681 1278 833 1351 quantum
859 1288 953 1333 manu
976 1289 1014 1331 ac
1034 1270 1152 1333 viribus
1173 1292 1231 1354 per
1253 1271 1382 1335 caedem
1405 1291 1441 1335 ac
1463 1272 1597 1336 vulnera

264 1374 321 1431 aut
343 1366 465 1448 eripere
486 1372 542 1427 aut
563 1364 700 1426 retinere
722 1364 926 1446 potuissent?
953 1364 1016 1439 Qui
1039 1364 1135 1446 igitur
1156 1366 1249 1447 primi
1271 1366 1387 1429 virtute
1409 1375 1441 1429 et
1461 1369 1596 1431 consilio

265 1460 440 1543 praestanti
461 1457 669 1530 exstiterunt,
691 1458 714 1519 ii
738 1464 903 1540 perspecto
925 1476 1042 1539 genere
1062 1458 1219 1551 hnmanae
1238 1460 1409 1524 docilitatis
1430 1470 1527 1545 atque
1549 1465 1598 1526 in·
1701 1442 1725 1506 ..i

265 1553 352 1637 genii
375 1552 544 1636 dissipatos
566 1572 664 1615 unum
685 1552 718 1613 in
740 1550 846 1613 locum
869 1562 1102 1634 congregarunt
1120 1572 1240 1635 eosque
1254 1574 1296 1617 es
1311 1555 1465 1619 efferitate
1486 1557 1597 1622 illaad

265 1646 419 1710 iustitiam
450 1652 546 1728 atque
569 1644 608 1708 ad
632 1644 905 1707 mansuetudinem
928 1644 1186 1709 transduxerunt.
1222 1649 1303 1710 Tum
1324 1669 1375 1711 res
1397 1650 1437 1713 ad
1459 1670 1635 1715 commu-io

266 1759 338 1803 nem
362 1738 548 1811 utilitatem,
580 1758 658 1821 quas
680 1739 823 1821 publicas
846 1739 1061 1821 appellamus,
1076 1736 1159 1821 (lum
1181 1742 1402 1807 conventicula
1423 1744 1597 1822 bominum,

265 1853 349 1918 quae
378 1838 490 1915 postea
517 1832 662 1897 civitates
691 1833 870 1921 nominatae
900 1841 1002 1989 surrigi
1023 1842 1088 1897 tum
1116 1834 1278 1897 domicilia
1299 1837 1483 1915 coniuncta,
1518 1862 1597 1926 quas
1643 1810 1766 1944 ‚ptri

266 1931 361 1995 urbes
385 1910 544 2013 dicimus)
561 1929 689 1991 invento
712 1936 744 1991 et
758 1928 865 1991 divino
887 1927 956 1989 iure
991 1928 1157 1991 thumano
1171 1938 1204 1990 oi
1219 1931 1386 1995 moenibus
1402 1909 1599 2017 saepserunt

264 2020 317 2087 92.
339 2022 561 2107 Atque(inter
593 2023 674 2086 hanc
704 2020 1012 2121 vitameerpolitam
1042 2022 1237 2084 humanitate
1249 2026 1292 2111 (et
1320 2024 1597 2123 illamJimmanem

248 2118 342 2219 (nihi
364 2126 428 2182 tam
449 2119 584 2207 interest
605 2138 700 2200 quam
723 2118 772 2179 ius
794 2124 888 2199 atque
912 2116 1120 2207 vis.)llorum
1143 2124 1215 2178 utro
1237 2118 1284 2180 uti
1306 2119 1469 2197 nolumus,
1497 2125 1636 2188 alternis
1713 2108 1813 2190 A«

263 2222 314 2277 est
335 2212 498 2277 utendum.
530 2213 602 2275 Vim
624 2212 770 2275 volumus
793 2210 968 2290 exstingui,
990 2212 1039 2272 ius
1055 2208 1157 2273 valeat
1177 2230 1309 2276 necesse
1331 2222 1399 2289 est,
1422 2215 1456 2277 id
1477 2224 1528 2280 est
1548 2219 1598 2281 iu·

264 2309 364 2384 dicia,
387 2307 504 2391 quibus
527 2326 620 2369 omne
642 2304 692 2368 ius
714 2304 912 2366 continetur:
934 2302 1051 2366 iudicia
1072 2302 1244 2385 displicent
1264 2314 1321 2371 aut
1341 2307 1430 2373 nulla
1444 2318 1528 2386 sunt,
1549 2314 1597 2376 vis

263 2403 447 2466 dominetur
470 2420 601 2463 neeesse
623 2407 681 2463 est.
718 2398 787 2461 lloc
808 2398 918 2460 vident
940 2416 1068 2459 omnes:
1092 2398 1168 2462 blilo
1191 2406 1223 2461 et
1244 2399 1324 2463 vidit
1336 2409 1371 2463 et
1381 2401 1474 2478 lecit,
1496 2411 1532 2467 ut
1545 2404 1596 2469 ius

265 2497 480 2581 experiretur,
505 2494 568 2558 vim
598 2494 781 2577 depelleret.
816 2491 925 2554 Altero
947 2493 993 2554 uti
1016 2491 1132 2565 voluit,
1162 2501 1199 2555 ut
1219 2493 1319 2557 virtus
1341 2496 1505 2586 audaciam
1526 2499 1597 2562 vin·

264 2599 366 2667 ceret;
397 2589 498 2653 aliero
522 2608 601 2651 usus
621 2588 802 2653 necessario
825 2594 889 2659 ast,
918 2606 958 2648 ne
980 2588 1079 2649 virtus
1101 2585 1141 2649 ab
1162 2586 1295 2651 audacia
1315 2589 1503 2655 vinceretur.
1517 2578 1634 2671 (lia-ao
1705 2590 1761 2671 ,l

265 2687 402 2768 demque
423 2683 504 2747 ratio
525 2682 587 2748 fuit
608 2670 728 2781 Sestii)
742 2683 769 2745 si
791 2682 894 2745 minus
916 2680 949 2741 in
971 2680 1149 2743 accusando
1172 2677 1287 2765 (neque
1304 2685 1388 2747 enim
1410 2705 1470 2768 per
1483 2666 1595 2751 omnes

263 2779 324 2843 luit
344 2780 430 2843 idem
452 2776 522 2841 fieri
545 2774 696 2857 necesse),
717 2784 750 2838 at
771 2783 855 2839 certe
877 2775 909 2838 in
931 2777 1121 2837 necessitate
1142 2773 1361 2841 defendendae
1383 2780 1497 2844 salutis
1518 2802 1595 2846 suae

264 2874 488 2957 praesidioque
512 2879 621 2936 contra
643 2872 706 2935 vim
729 2879 761 2932 et
782 2890 906 2934 manum
930 2867 1155 2951 comparando.

350 2967 461 3030 xiiii.
491 2962 542 3027 93.
571 2965 598 3027 Ο
627 2964 659 3027 di
689 2963 898 3027 immortalesl
932 2982 1103 3046 quemnam
1132 2965 1299 3027 ostenditis
1327 2967 1446 3031 exitum
1474 2971 1594 3033 nobis?

265 3082 361 3147 quam
391 3080 481 3143 spem
502 3060 548 3123 rei
571 3059 713 3143 publicae
737 3058 838 3121 datisi
872 3066 986 3139 quotus
1010 3057 1147 3139 quisque
1168 3057 1348 3122 invenietur
1368 3068 1456 3126 unta
1477 3064 1631 3127 virtuteaa

265 3160 327 3229 vir,
350 3156 407 3239 qui
429 3154 581 3237 optimam
605 3172 765 3238 quamque
788 3170 915 3213 causam
936 3152 981 3213 rei
1005 3150 1150 3232 publicae
1172 3152 1395 3235 amplectatur,
1423 3156 1479 3238 qui
1500 3157 1594 3221 bonis

264 3249 341 3313 viris
363 3248 537 3321 deserviat,
568 3248 623 3330 qui
653 3245 786 3309 solidam
809 3244 936 3307 laudern
958 3264 1128 3328 veramque
1150 3248 1303 3327 quaerat?
1332 3267 1405 3309 cum
1427 3250 1507 3313 sciat
1527 3252 1592 3314 duo

265 3342 318 3406 illa
339 3342 387 3406 rei
407 3342 553 3426 publicae
575 3359 677 3424 paene
698 3338 780 3412 iata,
804 3338 972 3428 Gabipium
988 3348 1020 3401 ot
1033 3339 1197 3415 Pisonem,
1219 3339 1352 3405 alterum
1370 3342 1497 3422 haurire
1512 3364 1593 3427 quo·
1739 3323 1758 3421 ζ

264 3438 340 3499 iidie
363 3456 404 3500 ex
425 3435 633 3519 pacatissimis
654 3443 749 3517 atque
772 3432 1019 3514 opulentissimis
1036 3432 1145 3515 Syriae
1160 3435 1246 3515 gazis
1266 3436 1496 3500 innumerabile
1511 3458 1593 3520 pon·

264 3532 326 3595 dus
355 3532 440 3608 auri,
473 3530 590 3593 bellum
620 3527 735 3593 inferre
763 3526 1017 3611 quiescentibus,
1051 3534 1087 3591 ut
1113 3546 1222 3590 eorum
1244 3536 1368 3593 veteres
1389 3530 1629 3616 illibatasqueso

330 3845 355 3895 4.
372 3840 591 3893 mimitatur>-
609 3838 685 3887 imit
701 3840 762 3887 G*
781 3837 870 3889 cotidie
887 3838 934 3887 PG
955 3860 981 3873 —
1002 3836 1202 3886 4444446-
1220 3841 1333 3886 oedem
1350 3840 1413 3888 PG:
1429 3842 1593 3891 4444444460

266 3946 293 3957 -
312 3919 338 3971 4.
354 3923 384 3969 ei
400 3919 420 3969 i>
436 3928 497 3981 sup.
515 3913 559 3967 lin.
580 3940 608 3949 -
627 3913 651 3965 8.
670 3914 806 3965 astiterant
822 3915 870 3964 PG
890 3940 917 3951 —
937 3914 960 3963 9.
979 3914 1119 3975 4444444444
1135 3912 1168 3961 P:
1187 3912 1363 3974 4444444446
1379 3926 1495 3968 corner
1511 3919 1595 3981 tiqra-

264 4000 330 4046 ictor
348 4018 375 4029 -
402 4003 527 4052 eosque...
545 4002 578 4039 44·
594 3990 614 4038 P
633 4012 660 4023 -
679 3988 805 4050 4444444444
821 3989 854 4037 Ρ;
877 3986 976 4049 [amiota
992 3987 1051 4036 60.
1078 3984 1154 4037 ilsud
1170 3986 1227 4035 scio
1244 4000 1277 4036 an
1295 4000 1348 4037 non
1365 3991 1438 4039 recte
1456 3992 1484 4040 C.
1505 3993 1531 4041 l'.
1551 3994 1594 4042 ln-

265 4068 370 4135 gerslev
388 4068 434 4130 (Do
448 4066 548 4116 4444444
564 4069 587 4114 ei
603 4064 663 4113 iocis
679 4063 826 4126 qritbrudom
841 4064 936 4125 scripit.
956 4063 1011 4111 Lat.
1029 4064 1056 4111 ia
1077 4060 1165 4111 eaeo
1183 4061 1308 4125 picisque
1322 4078 1373 4113 noo
1388 4066 1450 4115 44444
1464 4073 1529 4118 recia
1545 4082 1594 4119 ac-

262 4146 372 4209 piiccitr.
391 4140 499 4193 Halalae
517 4138 591 4190 4852.
611 4140 679 4189 Part.
693 4139 723 4189 ii.
743 4151 769 4203 p.
783 4138 856 4199 Viti.)
874 4138 1011 4200 negaverit
1026 4150 1085 4187 voc.
1101 4136 1215 4198 4444444444
1230 4149 1291 4187 esse
1308 4139 1436 4190 Latinam.
1451 4166 1478 4177 -
1499 4143 1539 4194 40.
1553 4150 1596 4195 aa„

265 4235 312 4285 que
328 4221 363 4271 ad
378 4220 441 4271 PG:
466 4220 542 4278 atquo
558 4215 602 4263 ao
621 4240 649 4248 -
673 4214 843 4263 irodoeemat
859 4214 878 4262 i.
896 4238 923 4248 ·-
947 4226 987 4262 res
1007 4210 1440 4265 mommorenciacensem
1454 4217 1490 4267 od
1504 4232 1594 4270 conen.

264 4298 396 4349 4444444444
413 4291 564 4357 perornes
582 4286 675 4338 bamb.
694 4288 719 4337 in
738 4300 820 4351 marg.
839 4286 954 4337 Klotzius
975 4299 1041 4337 vern
1062 4285 1176 4337 lectione
1197 4285 1297 4337 oodicis
1319 4289 1339 4337 P
1355 4289 1474 4341 nondum
1490 4296 1595 4357 cognita

263 4386 305 4423 rer
320 4372 355 4422 od
370 4380 459 4421 eom,
477 4364 533 4415 44444.
551 4363 697 4413 carettum
712 4363 863 4427 suspicatus
880 4364 921 4412 est
938 4363 964 4413 in
981 4360 1065 4425 prael.
1084 4361 1127 4411 ed.
1146 4361 1248 4412 Tenba.
1265 4374 1292 4426 p.
1312 4363 1354 4413 lii.
1372 4364 1411 4415 ct.
1426 4365 1519 4419 llandii
1532 4370 1597 4420 liis·-

264 4448 316 4499 seit.
336 4449 361 4510 1,
380 4459 407 4511 p.
426 4442 474 4495 ii'i
491 4452 552 4504 sqq.
570 4464 604 4477 -
621 4440 661 4489 lt.
680 4438 835 4502 appuimus
848 4436 999 4500 publicarit
1018 4464 1046 4474 -
1074 4436 1114 4486 43.
1132 4436 1188 4486 turc
1203 4441 1227 4486 et
1241 4428 1351 4487 4444444
1368 4439 1430 4491 Po:
1449 4447 1472 4492 44
1487 4444 1597 4496 brem

264 4523 320 4573 iere
336 4520 381 4571 40
397 4545 432 4557 -
452 4523 482 4569 ui
501 4514 628 4567 merem
649 4516 746 4566 liavius
765 4516 922 4579 (praeeunte
939 4512 1034 4571 Bakio,
1056 4513 1103 4575 qui
1123 4516 1254 4573 respuam
1272 4525 1353 4564 44444.
1371 4517 1548 4581 coniecerati:
1569 4528 1598 4572 oi

266 4610 320 4649 om.
339 4594 418 4647 codd
437 4595 465 4645 44
475 4593 504 4645 0.
531 4592 629 4644 contra
645 4590 791 4655 liadvigius
808 4603 835 4653 p.
848 4588 906 4649 484,
925 4588 968 4639 bic
984 4585 1127 4638 lectionem
1143 4586 1223 4637 codd.
1235 4600 1360 4650 servans,
1377 4594 1440 4654 post
1453 4594 1599 4646 mm

265 4676 333 4733 4444,
351 4669 542 4721 «munumi-
559 4664 714 4717 addendum
732 4678 793 4716 esse
811 4663 952 4715 existimat.
967 4688 994 4699 ·-
1014 4661 1054 4713 44.
1071 4662 1153 4712 uim
1165 4661 1362 4725 pcrpubiicoinm
1378 4665 1400 4715 6
1418 4692 1444 4703 -
1465 4669 1506 4719 io.
1523 4672 1599 4721 uotu-

265 4759 321 4797 4444
337 4746 369 4796 S:
384 4743 494 4795 colisaei
509 4742 602 4801 PG03
621 4741 656 4791 ci.
673 4740 759 4792 lladv.
777 4750 804 4804 p.
816 4737 874 4789 484.
890 4764 917 4775 -·
935 4737 1038 4787 44444444
1053 4738 1073 4787 P
1091 4762 1118 4772 —
1138 4736 1178 4787 46.
1197 4738 1311 4802 44444444
1327 4740 1376 4789 PG
1394 4767 1422 4779 -
1441 4743 1481 4794 47,
1499 4747 1598 4796 comp.

267 4821 440 4872 mr—
460 4818 501 4868 48.
519 4818 564 4867 too
582 4818 643 4867 PG:
663 4816 723 4866 boec
740 4815 827 4865 80-
847 4814 888 4863 ta.
905 4812 1063 4862 4444446-
1081 4812 1371 4863 summouer-
1389 4816 1597 4879 ii.SertiPG¹;

266 4897 293 4947 1².
311 4894 456 4946 84444480
474 4918 501 4929 -
528 4892 672 4943 omotsPG
692 4916 718 4927 -
742 4890 783 4940 23.
802 4888 964 4951 cooperando
983 4889 1001 4937 P
1022 4914 1048 4925 -
1071 4885 1113 4937 il.
1132 4886 1158 4936 44
1179 4889 1213 4938 P:
1240 4887 1276 4937 444
1297 4889 1348 4939 60
1367 4914 1394 4928 —
1412 4894 1510 4944 4444444
1525 4892 1597 4945 6²3:

266 4972 373 5023 44444444
383 4966 465 5028 o¹1²²;
483 4967 613 5019 4444444444
630 4962 659 5019 Ρ’
674 4992 701 5003 -·
719 4965 760 5017 it.
774 4966 907 5026 quaquam
921 4965 987 5013 6-
1008 4962 1050 5013 26.
1068 4973 1174 5012 4444444
1188 4962 1217 5012 ie
1231 4976 1261 5013 re
1272 4961 1375 5025 publico
1390 4966 1596 5030 ttommsentus3

267 5060 372 5097 4444444
389 5045 430 5095 rai
452 5045 487 5095 .P.
504 5042 587 5095 habat
606 5044 626 5093 Ρ
647 5042 675 5092 in
692 5042 812 5091 extreme
831 5040 940 5105 pagine
965 5050 1083 5101 sequens
1100 5038 1191 5103 incipit
1207 5051 1223 5089 a
1239 5037 1331 5091 verbis
1344 5052 1427 5103 poeno
1440 5042 1511 5106 istc,
1534 5057 1597 5095 eum

268 5121 390 5173 librarius
407 5120 442 5171 ab
459 5117 542 5170 altero
558 5118 596 5169 ret
613 5130 641 5181 p.
659 5116 694 5169 ad
711 5115 824 5167 alterum
841 5114 1021 5173 aberraverit;
1044 5126 1113 5177 quae
1130 5114 1335 5177 interciderunt,
1354 5119 1429 5167 extra
1445 5115 1598 5170 columnam

269 5210 349 5249 manu
362 5196 498 5257 44444444,
516 5194 566 5245 sed
576 5191 722 5245 admodum
733 5194 826 5243 vetere
844 5189 964 5256 suppleta
981 5191 1053 5241 sunt.
1078 5189 1222 5258 Librarius,
1239 5191 1286 5253 qni
1301 5190 1370 5241 haec
1386 5190 1469 5241 verba
1486 5191 1596 5252 addidit,

269 5272 391 5324 diversos
408 5270 512 5321 videtur
529 5268 564 5321 ab
581 5270 622 5330 irs,
641 5265 765 5331 aquibus
781 5265 882 5331 reliqua
899 5263 1087 5329 supplementa
1100 5264 1127 5315 ln
1138 5264 1231 5316 codice
1243 5264 1362 5329 proiecta
1371 5266 1443 5317 sunt.
1459 5292 1484 5304 -
1503 5265 1545 5316 28.
1558 5280 1599 5316 co·

269 5346 327 5399 44444
343 5346 378 5409 6,
396 5345 503 5399 cotidiae
518 5344 537 5397 4)
551 5368 578 5385 -
596 5344 639 5395 ao.
656 5342 745 5408 444444
762 5338 790 5393 1²¹
808 5367 835 5381 -
854 5340 893 5393 30.
910 5340 1076 5405 4444444444
1090 5342 1119 5392 Ρ.
