<?xml version="1.0" encoding="UTF-8"?>
<!DOCTYPE html PUBLIC "-//W3C//DTD XHTML 1.0 Transitional//EN"
    "http://www.w3.org/TR/xhtml1/DTD/xhtml1-transitional.dtd">
<html xmlns="http://www.w3.org/1999/xhtml" xml:lang="en" lang="en">
 <head>
  <title>
</title>
<meta http-equiv="Content-Type" content="text/html;charset=utf-8" />
  <meta name='ocr-system' content='tesseract 3.04.00' />
  <meta name='ocr-capabilities' content='ocr_page ocr_carea ocr_par ocr_line ocrx_word'/>
</head>
<body>
  <div class='ocr_page' id='page_1' title='image "./mtulliiciceroni01baitgoog_0378.png"; bbox 0 0 4009 6159; ppageno 0'>
   <div class='ocr_carea' id='block_1_1' title="bbox 663 578 1615 666">
    <p class='ocr_par' dir='ltr' id='par_1_1' title="bbox 663 578 1615 666">
     <span class='ocr_line' id='line_1_1' title="bbox 663 578 1615 666; baseline -0.004 -18"><span class='ocrx_word' id='word_1_1' title='bbox 663 584 737 648; x_wconf 72' lang='lat' dir='ltr'><strong>co.</strong></span> <span class='ocrx_word' id='word_1_2' title='bbox 759 582 1018 648; x_wconf 85' lang='lat' dir='ltr'><strong>xxv-xxu.</strong></span> <span class='ocrx_word' id='word_1_3' title='bbox 1046 579 1092 666; x_wconf 70' lang='lat' dir='ltr'><strong>§c</strong></span> <span class='ocrx_word' id='word_1_4' title='bbox 1114 579 1259 645; x_wconf 76' lang='lat' dir='ltr'><strong>so-cc.</strong></span> <span class='ocrx_word' id='word_1_5' title='bbox 1539 578 1615 648; x_wconf 79' lang='lat' dir='ltr'><strong>urar</strong></span> 
     </span>
    </p>
   </div>
   <div class='ocr_carea' id='block_1_2' title="bbox 292 750 1654 1871">
    <p class='ocr_par' dir='ltr' id='par_1_2' title="bbox 292 750 1654 1871">
     <span class='ocr_line' id='line_1_2' title="bbox 296 750 1619 837; baseline 0.002 -21"><span class='ocrx_word' id='word_1_6' title='bbox 296 754 332 816; x_wconf 83' lang='lat' dir='ltr'><strong>T.</strong></span> <span class='ocrx_word' id='word_1_7' title='bbox 356 753 442 818; x_wconf 83' lang='lat' dir='ltr'><strong>Didii</strong></span> <span class='ocrx_word' id='word_1_8' title='bbox 471 759 504 817; x_wconf 88' lang='lat' dir='ltr'><strong>et</strong></span> <span class='ocrx_word' id='word_1_9' title='bbox 533 753 566 817; x_wconf 85' lang='lat' dir='ltr'><strong>C.</strong></span> <span class='ocrx_word' id='word_1_10' title='bbox 587 753 678 818; x_wconf 86' lang='lat' dir='ltr'><strong>Marii</strong></span> <span class='ocrx_word' id='word_1_11' title='bbox 707 761 739 817; x_wconf 90' lang='lat' dir='ltr'><strong>et</strong></span> <span class='ocrx_word' id='word_1_12' title='bbox 760 753 904 836; x_wconf 88' lang='lat' dir='ltr'><strong>qnaeris,</strong></span> <span class='ocrx_word' id='word_1_13' title='bbox 938 751 1017 837; x_wconf 94' lang='lat' dir='ltr'><strong>quid</strong></span> <span class='ocrx_word' id='word_1_14' title='bbox 1050 753 1150 816; x_wconf 90' lang='lat' dir='ltr'><strong>simile</strong></span> <span class='ocrx_word' id='word_1_15' title='bbox 1181 753 1216 815; x_wconf 92' lang='lat' dir='ltr'><strong>in</strong></span> <span class='ocrx_word' id='word_1_16' title='bbox 1244 750 1389 815; x_wconf 80' lang='lat' dir='ltr'>Plancio:</span> <span class='ocrx_word' id='word_1_17' title='bbox 1424 755 1514 836; x_wconf 89' lang='lat' dir='ltr'><strong>quasi</strong></span> <span class='ocrx_word' id='word_1_18' title='bbox 1543 774 1619 819; x_wconf 83' lang='lat' dir='ltr'><strong>vero</strong></span> 
     </span>
     <span class='ocr_line' id='line_1_3' title="bbox 295 845 1619 932; baseline 0.002 -22"><span class='ocrx_word' id='word_1_19' title='bbox 295 849 366 923; x_wconf 88' lang='lat' dir='ltr'><strong>isti,</strong></span> <span class='ocrx_word' id='word_1_20' title='bbox 399 868 479 932; x_wconf 92' lang='lat' dir='ltr'><strong>quos</strong></span> <span class='ocrx_word' id='word_1_21' title='bbox 512 866 756 922; x_wconf 88' lang='lat' dir='ltr'><strong>commemoras,</strong></span> <span class='ocrx_word' id='word_1_22' title='bbox 782 854 951 929; x_wconf 90' lang='lat' dir='ltr'><strong>propterea</strong></span> <span class='ocrx_word' id='word_1_23' title='bbox 980 847 1181 928; x_wconf 71' lang='lat' dir='ltr'><strong>magistratus</strong></span> <span class='ocrx_word' id='word_1_24' title='bbox 1216 845 1372 931; x_wconf 81' lang='lat' dir='ltr'><strong>ceperint,</strong></span> <span class='ocrx_word' id='word_1_25' title='bbox 1404 846 1489 930; x_wconf 93' lang='lat' dir='ltr'><strong>quod</strong></span> <span class='ocrx_word' id='word_1_26' title='bbox 1510 847 1619 912; x_wconf 87' lang='lat' dir='ltr'><strong>trium·</strong></span> 
     </span>
     <span class='ocr_line' id='line_1_4' title="bbox 294 940 1620 1026; baseline 0.002 -24"><span class='ocrx_word' id='word_1_27' title='bbox 294 940 449 1022; x_wconf 90' lang='lat' dir='ltr'><strong>pharant,</strong></span> <span class='ocrx_word' id='word_1_28' title='bbox 475 949 507 1004; x_wconf 88' lang='lat' dir='ltr'><strong>et</strong></span> <span class='ocrx_word' id='word_1_29' title='bbox 536 962 616 1017; x_wconf 93' lang='lat' dir='ltr'><strong>non,</strong></span> <span class='ocrx_word' id='word_1_30' title='bbox 646 942 723 1026; x_wconf 87' lang='lat' dir='ltr'><strong>quia</strong></span> <span class='ocrx_word' id='word_1_31' title='bbox 749 941 907 1005; x_wconf 81' lang='lat' dir='ltr'><strong>commissi</strong></span> <span class='ocrx_word' id='word_1_32' title='bbox 934 948 1010 1003; x_wconf 91' lang='lat' dir='ltr'><strong>sunt</strong></span> <span class='ocrx_word' id='word_1_33' title='bbox 1037 941 1078 1003; x_wconf 90' lang='lat' dir='ltr'><strong>iis</strong></span> <span class='ocrx_word' id='word_1_34' title='bbox 1106 942 1324 1024; x_wconf 77' lang='lat' dir='ltr'><strong>magistratus,</strong></span> <span class='ocrx_word' id='word_1_35' title='bbox 1357 960 1392 1003; x_wconf 93' lang='lat' dir='ltr'><strong>re</strong></span> <span class='ocrx_word' id='word_1_36' title='bbox 1419 941 1501 1004; x_wconf 88' lang='lat' dir='ltr'><strong>bene</strong></span> <span class='ocrx_word' id='word_1_37' title='bbox 1532 949 1620 1023; x_wconf 88' lang='lat' dir='ltr'><strong>gesta</strong></span> 
     </span>
     <span class='ocr_line' id='line_1_5' title="bbox 294 1033 1618 1119; baseline -0.001 -21"><span class='ocrx_word' id='word_1_38' title='bbox 294 1034 525 1118; x_wconf 80' lang='lat' dir='ltr'><strong>triumpharint.</strong></span> <span class='ocrx_word' id='word_1_39' title='bbox 567 1038 686 1119; x_wconf 85' lang='lat' dir='ltr'><strong>Rogas,</strong></span> <span class='ocrx_word' id='word_1_40' title='bbox 714 1055 796 1119; x_wconf 86' lang='lat' dir='ltr'><strong>quae</strong></span> <span class='ocrx_word' id='word_1_41' title='bbox 825 1041 927 1108; x_wconf 80' lang='lat' dir='ltr'><strong>castra</strong></span> <span class='ocrx_word' id='word_1_42' title='bbox 956 1034 1087 1097; x_wconf 86' lang='lat' dir='ltr'><strong>viderit:</strong></span> <span class='ocrx_word' id='word_1_43' title='bbox 1161 1035 1180 1117; x_wconf 71' lang='lat' dir='ltr'><strong>i</strong></span> <span class='ocrx_word' id='word_1_44' title='bbox 1199 1041 1231 1097; x_wconf 89' lang='lat' dir='ltr'><strong>ct</strong></span> <span class='ocrx_word' id='word_1_45' title='bbox 1259 1034 1350 1097; x_wconf 92' lang='lat' dir='ltr'><strong>miles</strong></span> <span class='ocrx_word' id='word_1_46' title='bbox 1380 1033 1415 1097; x_wconf 90' lang='lat' dir='ltr'><strong>in</strong></span> <span class='ocrx_word' id='word_1_47' title='bbox 1439 1033 1530 1098; x_wconf 87' lang='lat' dir='ltr'><strong>Creta</strong></span> <span class='ocrx_word' id='word_1_48' title='bbox 1557 1035 1618 1099; x_wconf 92' lang='lat' dir='ltr'><strong>hoc</strong></span> 
     </span>
     <span class='ocr_line' id='line_1_6' title="bbox 294 1055 1642 1213; baseline -0.002 -23"><span class='ocrx_word' id='word_1_49' title='bbox 294 1129 480 1213; x_wconf 81' lang='lat' dir='ltr'><strong>imperatore</strong></span> <span class='ocrx_word' id='word_1_50' title='bbox 502 1137 534 1194; x_wconf 89' lang='lat' dir='ltr'><strong>et</strong></span> <span class='ocrx_word' id='word_1_51' title='bbox 553 1130 697 1194; x_wconf 89' lang='lat' dir='ltr'><strong>tribunus</strong></span> <span class='ocrx_word' id='word_1_52' title='bbox 718 1131 751 1193; x_wconf 92' lang='lat' dir='ltr'><strong>in</strong></span> <span class='ocrx_word' id='word_1_53' title='bbox 772 1128 959 1193; x_wconf 84' lang='lat' dir='ltr'><strong>Macedonia</strong></span> <span class='ocrx_word' id='word_1_54' title='bbox 980 1055 1238 1193; x_wconf 55' lang='lat' dir='ltr'><strong>milituqul&#39;uerit</strong></span> <span class='ocrx_word' id='word_1_55' title='bbox 1265 1138 1297 1192; x_wconf 88' lang='lat' dir='ltr'><strong>ct</strong></span> <span class='ocrx_word' id='word_1_56' title='bbox 1319 1136 1468 1213; x_wconf 84' lang='lat' dir='ltr'><strong>quaestor</strong></span> <span class='ocrx_word' id='word_1_57' title='bbox 1495 1136 1642 1192; x_wconf 71' lang='lat' dir='ltr'><strong>tantuma</strong></span> 
     </span>
     <span class='ocr_line' id='line_1_7' title="bbox 294 1223 1618 1307; baseline 0.002 -23"><span class='ocrx_word' id='word_1_58' title='bbox 294 1241 390 1286; x_wconf 89' lang='lat' dir='ltr'><strong>exre</strong></span> <span class='ocrx_word' id='word_1_59' title='bbox 411 1223 538 1288; x_wconf 89' lang='lat' dir='ltr'><strong>militari</strong></span> <span class='ocrx_word' id='word_1_60' title='bbox 561 1224 733 1287; x_wconf 82' lang='lat' dir='ltr'><strong>detraxerit</strong></span> <span class='ocrx_word' id='word_1_61' title='bbox 754 1223 922 1306; x_wconf 91' lang='lat' dir='ltr'><strong>temporis,</strong></span> <span class='ocrx_word' id='word_1_62' title='bbox 951 1231 1105 1307; x_wconf 88' lang='lat' dir='ltr'><strong>quantum</strong></span> <span class='ocrx_word' id='word_1_63' title='bbox 1126 1223 1160 1285; x_wconf 92' lang='lat' dir='ltr'><strong>in</strong></span> <span class='ocrx_word' id='word_1_64' title='bbox 1182 1244 1232 1286; x_wconf 91' lang='lat' dir='ltr'><strong>me</strong></span> <span class='ocrx_word' id='word_1_65' title='bbox 1255 1223 1495 1288; x_wconf 87' lang='lat' dir='ltr'><strong>custodiendum</strong></span> <span class='ocrx_word' id='word_1_66' title='bbox 1516 1231 1618 1287; x_wconf 74' lang='lat' dir='ltr'><strong>uaus·</strong></span> 
     </span>
     <span class='ocr_line' id='line_1_8' title="bbox 292 1313 1618 1402; baseline 0 -24"><span class='ocrx_word' id='word_1_67' title='bbox 292 1315 375 1378; x_wconf 88' lang='lat' dir='ltr'><strong>ferre</strong></span> <span class='ocrx_word' id='word_1_68' title='bbox 397 1317 552 1381; x_wconf 76' lang='lat' dir='ltr'><strong>maluerit.</strong></span> <span class='ocrx_word' id='word_1_69' title='bbox 593 1313 646 1380; x_wconf 72' lang='lat' dir='ltr'><strong>oi.</strong></span> <span class='ocrx_word' id='word_1_70' title='bbox 669 1318 820 1393; x_wconf 82' lang='lat' dir='ltr'><strong>Quaeris,</strong></span> <span class='ocrx_word' id='word_1_71' title='bbox 850 1337 925 1380; x_wconf 92' lang='lat' dir='ltr'><strong>num</strong></span> <span class='ocrx_word' id='word_1_72' title='bbox 948 1319 1084 1381; x_wconf 87' lang='lat' dir='ltr'><strong>disertus</strong></span> <span class='ocrx_word' id='word_1_73' title='bbox 1106 1317 1169 1380; x_wconf 81' lang='lat' dir='ltr'><strong>siti</strong></span> <span class='ocrx_word' id='word_1_74' title='bbox 1201 1318 1317 1392; x_wconf 88' lang='lat' dir='ltr'><strong>Immo,</strong></span> <span class='ocrx_word' id='word_1_75' title='bbox 1340 1317 1373 1380; x_wconf 94' lang='lat' dir='ltr'><strong>id</strong></span> <span class='ocrx_word' id='word_1_76' title='bbox 1396 1316 1481 1402; x_wconf 93' lang='lat' dir='ltr'><strong>quod</strong></span> <span class='ocrx_word' id='word_1_77' title='bbox 1504 1336 1618 1379; x_wconf 90' lang='lat' dir='ltr'><strong>secuu-</strong></span> 
     </span>
     <span class='ocr_line' id='line_1_9' title="bbox 294 1408 1617 1496; baseline 0.002 -25"><span class='ocrx_word' id='word_1_78' title='bbox 294 1408 369 1484; x_wconf 87' lang='lat' dir='ltr'><strong>dum</strong></span> <span class='ocrx_word' id='word_1_79' title='bbox 391 1419 455 1486; x_wconf 89' lang='lat' dir='ltr'><strong>est,</strong></span> <span class='ocrx_word' id='word_1_80' title='bbox 475 1431 517 1474; x_wconf 91' lang='lat' dir='ltr'><strong>ne</strong></span> <span class='ocrx_word' id='word_1_81' title='bbox 539 1411 600 1474; x_wconf 92' lang='lat' dir='ltr'><strong>sibi</strong></span> <span class='ocrx_word' id='word_1_82' title='bbox 623 1410 752 1496; x_wconf 89' lang='lat' dir='ltr'><strong>quidem</strong></span> <span class='ocrx_word' id='word_1_83' title='bbox 767 1409 902 1474; x_wconf 83' lang='lat' dir='ltr'><strong>videtur.</strong></span> <span class='ocrx_word' id='word_1_84' title='bbox 934 1414 1016 1476; x_wconf 90' lang='lat' dir='ltr'><strong>Num</strong></span> <span class='ocrx_word' id='word_1_85' title='bbox 1037 1411 1116 1475; x_wconf 88' lang='lat' dir='ltr'><strong>iuris</strong></span> <span class='ocrx_word' id='word_1_86' title='bbox 1131 1411 1316 1475; x_wconf 74' lang='lat' dir='ltr'><strong>consulturi</strong></span> <span class='ocrx_word' id='word_1_87' title='bbox 1340 1414 1432 1495; x_wconf 85' lang='lat' dir='ltr'><strong>quasi</strong></span> <span class='ocrx_word' id='word_1_88' title='bbox 1447 1411 1617 1496; x_wconf 87' lang='lat' dir='ltr'><strong>quisquam</strong></span> 
     </span>
     <span class='ocr_line' id='line_1_10' title="bbox 293 1504 1617 1590; baseline 0.001 -24"><span class='ocrx_word' id='word_1_89' title='bbox 293 1505 335 1566; x_wconf 87' lang='lat' dir='ltr'><strong>sit</strong></span> <span class='ocrx_word' id='word_1_90' title='bbox 356 1505 412 1587; x_wconf 90' lang='lat' dir='ltr'><strong>qui</strong></span> <span class='ocrx_word' id='word_1_91' title='bbox 440 1505 500 1569; x_wconf 85' lang='lat' dir='ltr'><strong>sibi</strong></span> <span class='ocrx_word' id='word_1_92' title='bbox 527 1506 612 1569; x_wconf 90' lang='lat' dir='ltr'><strong>hunc</strong></span> <span class='ocrx_word' id='word_1_93' title='bbox 640 1504 754 1568; x_wconf 86' lang='lat' dir='ltr'><strong>falsum</strong></span> <span class='ocrx_word' id='word_1_94' title='bbox 777 1506 817 1568; x_wconf 89' lang='lat' dir='ltr'><strong>de</strong></span> <span class='ocrx_word' id='word_1_95' title='bbox 837 1506 906 1569; x_wconf 90' lang='lat' dir='ltr'><strong>iure</strong></span> <span class='ocrx_word' id='word_1_96' title='bbox 926 1507 1131 1590; x_wconf 88' lang='lat' dir='ltr'><strong>respondisse</strong></span> <span class='ocrx_word' id='word_1_97' title='bbox 1154 1507 1245 1569; x_wconf 87' lang='lat' dir='ltr'><strong>dicat.</strong></span> <span class='ocrx_word' id='word_1_98' title='bbox 1282 1505 1399 1570; x_wconf 87' lang='lat' dir='ltr'><strong>Omnes</strong></span> <span class='ocrx_word' id='word_1_99' title='bbox 1421 1506 1506 1569; x_wconf 89' lang='lat' dir='ltr'><strong>enim</strong></span> <span class='ocrx_word' id='word_1_100' title='bbox 1525 1505 1617 1568; x_wconf 88' lang='lat' dir='ltr'><strong>istius</strong></span> 
     </span>
     <span class='ocr_line' id='line_1_11' title="bbox 293 1596 1654 1684; baseline -0.001 -25"><span class='ocrx_word' id='word_1_101' title='bbox 293 1596 380 1661; x_wconf 90' lang='lat' dir='ltr'><strong>modi</strong></span> <span class='ocrx_word' id='word_1_102' title='bbox 401 1607 485 1663; x_wconf 89' lang='lat' dir='ltr'><strong>artes</strong></span> <span class='ocrx_word' id='word_1_103' title='bbox 505 1601 538 1662; x_wconf 94' lang='lat' dir='ltr'><strong>in</strong></span> <span class='ocrx_word' id='word_1_104' title='bbox 559 1601 599 1664; x_wconf 90' lang='lat' dir='ltr'><strong>iis</strong></span> <span class='ocrx_word' id='word_1_105' title='bbox 620 1598 909 1683; x_wconf 90' lang='lat' dir='ltr'><strong>reprehenduntur,</strong></span> <span class='ocrx_word' id='word_1_106' title='bbox 937 1600 1011 1684; x_wconf 91' lang='lat' dir='ltr'><strong>qui,</strong></span> <span class='ocrx_word' id='word_1_107' title='bbox 1041 1619 1111 1663; x_wconf 93' lang='lat' dir='ltr'><strong>cum</strong></span> <span class='ocrx_word' id='word_1_108' title='bbox 1135 1597 1269 1683; x_wconf 81' lang='lat' dir='ltr'><strong>professi</strong></span> <span class='ocrx_word' id='word_1_109' title='bbox 1292 1608 1382 1675; x_wconf 89' lang='lat' dir='ltr'><strong>sunt,</strong></span> <span class='ocrx_word' id='word_1_110' title='bbox 1413 1598 1654 1662; x_wconf 76' lang='lat' dir='ltr'><strong>satisfacerem</strong></span> 
     </span>
     <span class='ocr_line' id='line_1_12' title="bbox 292 1676 1617 1777; baseline -0.001 -22"><span class='ocrx_word' id='word_1_111' title='bbox 292 1713 357 1757; x_wconf 91' lang='lat' dir='ltr'><strong>nou</strong></span> <span class='ocrx_word' id='word_1_112' title='bbox 378 1703 528 1775; x_wconf 90' lang='lat' dir='ltr'><strong>possunt,</strong></span> <span class='ocrx_word' id='word_1_113' title='bbox 550 1696 669 1758; x_wconf 91' lang='lat' dir='ltr'><strong>nonin</strong></span> <span class='ocrx_word' id='word_1_114' title='bbox 690 1695 746 1769; x_wconf 91' lang='lat' dir='ltr'><strong>iis,</strong></span> <span class='ocrx_word' id='word_1_115' title='bbox 770 1693 825 1777; x_wconf 92' lang='lat' dir='ltr'><strong>qui</strong></span> <span class='ocrx_word' id='word_1_116' title='bbox 848 1713 883 1756; x_wconf 89' lang='lat' dir='ltr'><strong>se</strong></span> <span class='ocrx_word' id='word_1_117' title='bbox 904 1692 1022 1756; x_wconf 83' lang='lat' dir='ltr'><strong>afuisse</strong></span> <span class='ocrx_word' id='word_1_118' title='bbox 1045 1694 1084 1757; x_wconf 89' lang='lat' dir='ltr'><strong>ab</strong></span> <span class='ocrx_word' id='word_1_119' title='bbox 1105 1695 1175 1758; x_wconf 90' lang='lat' dir='ltr'><strong>istis</strong></span> <span class='ocrx_word' id='word_1_120' title='bbox 1197 1693 1309 1757; x_wconf 91' lang='lat' dir='ltr'><strong>studiis</strong></span> <span class='ocrx_word' id='word_1_121' title='bbox 1328 1676 1617 1777; x_wconf 88' lang='lat' dir='ltr'><strong>confitentur:(vir-</strong></span> 
     </span>
     <span class='ocr_line' id='line_1_13' title="bbox 293 1785 1616 1871; baseline 0.002 -23"><span class='ocrx_word' id='word_1_122' title='bbox 293 1795 359 1861; x_wconf 92' lang='lat' dir='ltr'><strong>tus,</strong></span> <span class='ocrx_word' id='word_1_123' title='bbox 382 1788 536 1870; x_wconf 88' lang='lat' dir='ltr'><strong>probitas,</strong></span> <span class='ocrx_word' id='word_1_124' title='bbox 558 1790 720 1871; x_wconf 88' lang='lat' dir='ltr'><strong>integritas</strong></span> <span class='ocrx_word' id='word_1_125' title='bbox 741 1787 774 1851; x_wconf 92' lang='lat' dir='ltr'><strong>in</strong></span> <span class='ocrx_word' id='word_1_126' title='bbox 796 1785 982 1862; x_wconf 90' lang='lat' dir='ltr'><strong>candidato,</strong></span> <span class='ocrx_word' id='word_1_127' title='bbox 1012 1807 1077 1850; x_wconf 90' lang='lat' dir='ltr'><strong>non</strong></span> <span class='ocrx_word' id='word_1_128' title='bbox 1099 1787 1226 1870; x_wconf 91' lang='lat' dir='ltr'><strong>linguae</strong></span> <span class='ocrx_word' id='word_1_129' title='bbox 1249 1787 1448 1862; x_wconf 90' lang='lat' dir='ltr'><strong>volubilitas,</strong></span> <span class='ocrx_word' id='word_1_130' title='bbox 1470 1807 1535 1851; x_wconf 90' lang='lat' dir='ltr'><strong>uon</strong></span> <span class='ocrx_word' id='word_1_131' title='bbox 1556 1807 1616 1863; x_wconf 89' lang='lat' dir='ltr'><strong>ars,</strong></span> 
     </span>
    </p>
   </div>
   <div class='ocr_carea' id='block_1_3' title="bbox 293 1849 1881 1966">
    <p class='ocr_par' dir='ltr' id='par_1_3' title="bbox 293 1849 1881 1966">
     <span class='ocr_line' id='line_1_14' title="bbox 293 1849 1881 1966; baseline 0.001 -24"><span class='ocrx_word' id='word_1_132' title='bbox 293 1900 358 1943; x_wconf 87' lang='lat' dir='ltr'><strong>nou</strong></span> <span class='ocrx_word' id='word_1_133' title='bbox 379 1881 510 1945; x_wconf 90' lang='lat' dir='ltr'><strong>scientia</strong></span> <span class='ocrx_word' id='word_1_134' title='bbox 530 1882 650 1965; x_wconf 89' lang='lat' dir='ltr'><strong>requiri</strong></span> <span class='ocrx_word' id='word_1_135' title='bbox 672 1866 780 1964; x_wconf 66' lang='lat' dir='ltr'><strong>solet.)</strong></span> <span class='ocrx_word' id='word_1_136' title='bbox 795 1881 835 1944; x_wconf 89' lang='lat' dir='ltr'><strong>Ut</strong></span> <span class='ocrx_word' id='word_1_137' title='bbox 856 1900 915 1943; x_wconf 91' lang='lat' dir='ltr'><strong>uos</strong></span> <span class='ocrx_word' id='word_1_138' title='bbox 936 1881 970 1943; x_wconf 92' lang='lat' dir='ltr'><strong>in</strong></span> <span class='ocrx_word' id='word_1_139' title='bbox 991 1882 1158 1966; x_wconf 87' lang='lat' dir='ltr'><strong>mancipiis</strong></span> <span class='ocrx_word' id='word_1_140' title='bbox 1180 1882 1344 1965; x_wconf 88' lang='lat' dir='ltr'><strong>parandis,</strong></span> <span class='ocrx_word' id='word_1_141' title='bbox 1368 1883 1511 1966; x_wconf 77' lang='lat' dir='ltr'><strong>quamvis</strong></span> <span class='ocrx_word' id='word_1_142' title='bbox 1532 1881 1616 1964; x_wconf 91' lang='lat' dir='ltr'><strong>frugi</strong></span> <span class='ocrx_word' id='word_1_143' title='bbox 1711 1849 1770 1935; x_wconf 50' lang='lat' dir='ltr'><strong>ff</strong></span> <span class='ocrx_word' id='word_1_144' title='bbox 1878 1861 1881 1868; x_wconf 37' lang='lat'><strong><em>¹</em></strong></span> 
     </span>
    </p>
   </div>
   <div class='ocr_carea' id='block_1_4' title="bbox 291 1963 1655 4128">
    <p class='ocr_par' dir='ltr' id='par_1_4' title="bbox 291 1963 1655 4128">
     <span class='ocr_line' id='line_1_15' title="bbox 292 1963 1616 2059; baseline 0.002 -23"><span class='ocrx_word' id='word_1_145' title='bbox 292 1973 454 2040; x_wconf 88' lang='lat' dir='ltr'><strong>homiuem</strong></span> <span class='ocrx_word' id='word_1_146' title='bbox 475 1977 502 2040; x_wconf 91' lang='lat' dir='ltr'><strong>si</strong></span> <span class='ocrx_word' id='word_1_147' title='bbox 524 1997 581 2059; x_wconf 93' lang='lat' dir='ltr'><strong>pro</strong></span> <span class='ocrx_word' id='word_1_148' title='bbox 603 1976 693 2038; x_wconf 88' lang='lat' dir='ltr'><strong>fabro</strong></span> <span class='ocrx_word' id='word_1_149' title='bbox 715 1963 770 2038; x_wconf 56' lang='lat' dir='ltr'><strong>a‘ut</strong></span> <span class='ocrx_word' id='word_1_150' title='bbox 790 1983 986 2057; x_wconf 91' lang='lat' dir='ltr'><strong>protectore</strong></span> <span class='ocrx_word' id='word_1_151' title='bbox 1015 1976 1166 2050; x_wconf 87' lang='lat' dir='ltr'><strong>emimus,</strong></span> <span class='ocrx_word' id='word_1_152' title='bbox 1198 1975 1281 2039; x_wconf 88' lang='lat' dir='ltr'><strong>ferre</strong></span> <span class='ocrx_word' id='word_1_153' title='bbox 1309 1977 1442 2040; x_wconf 90' lang='lat' dir='ltr'><strong>moleste</strong></span> <span class='ocrx_word' id='word_1_154' title='bbox 1468 1975 1616 2050; x_wconf 89' lang='lat' dir='ltr'><strong>solemus,</strong></span> 
     </span>
     <span class='ocr_line' id='line_1_16' title="bbox 293 2068 1654 2154; baseline -0.002 -24"><span class='ocrx_word' id='word_1_155' title='bbox 293 2068 321 2131; x_wconf 92' lang='lat' dir='ltr'><strong>si</strong></span> <span class='ocrx_word' id='word_1_156' title='bbox 343 2089 398 2134; x_wconf 91' lang='lat' dir='ltr'><strong>eas</strong></span> <span class='ocrx_word' id='word_1_157' title='bbox 419 2078 518 2148; x_wconf 85' lang='lat' dir='ltr'><strong>artes,</strong></span> <span class='ocrx_word' id='word_1_158' title='bbox 541 2090 621 2154; x_wconf 92' lang='lat' dir='ltr'><strong>quas</strong></span> <span class='ocrx_word' id='word_1_159' title='bbox 643 2070 676 2132; x_wconf 92' lang='lat' dir='ltr'><strong>iu</strong></span> <span class='ocrx_word' id='word_1_160' title='bbox 698 2069 833 2132; x_wconf 92' lang='lat' dir='ltr'><strong>emendo</strong></span> <span class='ocrx_word' id='word_1_161' title='bbox 855 2069 956 2132; x_wconf 90' lang='lat' dir='ltr'><strong>secuti</strong></span> <span class='ocrx_word' id='word_1_162' title='bbox 985 2089 1112 2144; x_wconf 90' lang='lat' dir='ltr'><strong>sumus,</strong></span> <span class='ocrx_word' id='word_1_163' title='bbox 1139 2069 1221 2132; x_wconf 89' lang='lat' dir='ltr'><strong>forte</strong></span> <span class='ocrx_word' id='word_1_164' title='bbox 1242 2071 1401 2146; x_wconf 91' lang='lat' dir='ltr'><strong>nesciunt,</strong></span> <span class='ocrx_word' id='word_1_165' title='bbox 1431 2069 1481 2132; x_wconf 92' lang='lat' dir='ltr'><strong>sin</strong></span> <span class='ocrx_word' id='word_1_166' title='bbox 1510 2078 1654 2133; x_wconf 81' lang='lat' dir='ltr'><strong>sutemu</strong></span> 
     </span>
     <span class='ocr_line' id='line_1_17' title="bbox 294 2163 1617 2248; baseline 0.001 -23"><span class='ocrx_word' id='word_1_167' title='bbox 294 2164 427 2227; x_wconf 89' lang='lat' dir='ltr'><strong>emimus</strong></span> <span class='ocrx_word' id='word_1_168' title='bbox 448 2185 542 2247; x_wconf 92' lang='lat' dir='ltr'><strong>quem</strong></span> <span class='ocrx_word' id='word_1_169' title='bbox 570 2163 697 2227; x_wconf 85' lang='lat' dir='ltr'><strong>vilicum</strong></span> <span class='ocrx_word' id='word_1_170' title='bbox 727 2163 974 2246; x_wconf 88' lang='lat' dir='ltr'><strong>imponeremus,</strong></span> <span class='ocrx_word' id='word_1_171' title='bbox 1009 2183 1104 2246; x_wconf 92' lang='lat' dir='ltr'><strong>quem</strong></span> <span class='ocrx_word' id='word_1_172' title='bbox 1126 2164 1234 2245; x_wconf 90' lang='lat' dir='ltr'><strong>pecori</strong></span> <span class='ocrx_word' id='word_1_173' title='bbox 1256 2163 1515 2248; x_wconf 89' lang='lat' dir='ltr'><strong>praeficeremus,</strong></span> <span class='ocrx_word' id='word_1_174' title='bbox 1535 2164 1617 2228; x_wconf 91' lang='lat' dir='ltr'><strong>nihil</strong></span> 
     </span>
     <span class='ocr_line' id='line_1_18' title="bbox 293 2256 1616 2344; baseline 0.002 -26"><span class='ocrx_word' id='word_1_175' title='bbox 293 2257 328 2319; x_wconf 91' lang='lat' dir='ltr'><strong>in</strong></span> <span class='ocrx_word' id='word_1_176' title='bbox 350 2277 388 2320; x_wconf 90' lang='lat' dir='ltr'><strong>eo</strong></span> <span class='ocrx_word' id='word_1_177' title='bbox 415 2258 477 2321; x_wconf 92' lang='lat' dir='ltr'><strong>nisi</strong></span> <span class='ocrx_word' id='word_1_178' title='bbox 497 2257 727 2339; x_wconf 78' lang='lat' dir='ltr'><strong>frugalitatem,</strong></span> <span class='ocrx_word' id='word_1_179' title='bbox 749 2257 900 2330; x_wconf 90' lang='lat' dir='ltr'><strong>laborem,</strong></span> <span class='ocrx_word' id='word_1_180' title='bbox 922 2256 1118 2339; x_wconf 82' lang='lat' dir='ltr'><strong>vigilantiam</strong></span> <span class='ocrx_word' id='word_1_181' title='bbox 1139 2278 1208 2320; x_wconf 88' lang='lat' dir='ltr'><strong>csse</strong></span> <span class='ocrx_word' id='word_1_182' title='bbox 1231 2277 1393 2323; x_wconf 85' lang='lat' dir='ltr'><strong>curamus:</strong></span> <span class='ocrx_word' id='word_1_183' title='bbox 1416 2259 1462 2323; x_wconf 92' lang='lat' dir='ltr'><strong>sic</strong></span> <span class='ocrx_word' id='word_1_184' title='bbox 1479 2258 1616 2344; x_wconf 90' lang='lat' dir='ltr'><strong>populus</strong></span> 
     </span>
     <span class='ocr_line' id='line_1_19' title="bbox 292 2350 1618 2436; baseline 0.002 -24"><span class='ocrx_word' id='word_1_185' title='bbox 292 2350 452 2415; x_wconf 87' lang='lat' dir='ltr'><strong>Romanus</strong></span> <span class='ocrx_word' id='word_1_186' title='bbox 473 2350 582 2432; x_wconf 90' lang='lat' dir='ltr'><strong>deligit</strong></span> <span class='ocrx_word' id='word_1_187' title='bbox 602 2351 803 2433; x_wconf 87' lang='lat' dir='ltr'><strong>magistratus</strong></span> <span class='ocrx_word' id='word_1_188' title='bbox 825 2350 916 2434; x_wconf 88' lang='lat' dir='ltr'><strong>quasi</strong></span> <span class='ocrx_word' id='word_1_189' title='bbox 937 2350 983 2413; x_wconf 92' lang='lat' dir='ltr'><strong>rei</strong></span> <span class='ocrx_word' id='word_1_190' title='bbox 1006 2350 1152 2432; x_wconf 88' lang='lat' dir='ltr'><strong>publicae</strong></span> <span class='ocrx_word' id='word_1_191' title='bbox 1173 2350 1302 2436; x_wconf 78' lang='lat' dir='ltr'><strong>vilicos,</strong></span> <span class='ocrx_word' id='word_1_192' title='bbox 1324 2352 1358 2416; x_wconf 90' lang='lat' dir='ltr'><strong>iu</strong></span> <span class='ocrx_word' id='word_1_193' title='bbox 1373 2352 1489 2436; x_wconf 76' lang='lat' dir='ltr'><strong>quibam</strong></span> <span class='ocrx_word' id='word_1_194' title='bbox 1511 2351 1618 2435; x_wconf 92' lang='lat' dir='ltr'><strong>siqua</strong></span> 
     </span>
     <span class='ocr_line' id='line_1_20' title="bbox 291 2443 1617 2527; baseline 0 -19"><span class='ocrx_word' id='word_1_195' title='bbox 291 2451 456 2527; x_wconf 89' lang='lat' dir='ltr'><strong>practerea</strong></span> <span class='ocrx_word' id='word_1_196' title='bbox 477 2452 525 2508; x_wconf 88' lang='lat' dir='ltr'><strong>est</strong></span> <span class='ocrx_word' id='word_1_197' title='bbox 546 2465 613 2520; x_wconf 90' lang='lat' dir='ltr'><strong>ars,</strong></span> <span class='ocrx_word' id='word_1_198' title='bbox 633 2443 727 2507; x_wconf 88' lang='lat' dir='ltr'><strong>facile</strong></span> <span class='ocrx_word' id='word_1_199' title='bbox 749 2445 877 2527; x_wconf 89' lang='lat' dir='ltr'><strong>patitur,</strong></span> <span class='ocrx_word' id='word_1_200' title='bbox 898 2445 948 2508; x_wconf 90' lang='lat' dir='ltr'><strong>sin</strong></span> <span class='ocrx_word' id='word_1_201' title='bbox 969 2443 1090 2520; x_wconf 89' lang='lat' dir='ltr'><strong>minus,</strong></span> <span class='ocrx_word' id='word_1_202' title='bbox 1112 2445 1228 2508; x_wconf 85' lang='lat' dir='ltr'><strong>virtute</strong></span> <span class='ocrx_word' id='word_1_203' title='bbox 1250 2463 1358 2508; x_wconf 91' lang='lat' dir='ltr'><strong>eorum</strong></span> <span class='ocrx_word' id='word_1_204' title='bbox 1381 2453 1413 2509; x_wconf 89' lang='lat' dir='ltr'><strong>et</strong></span> <span class='ocrx_word' id='word_1_205' title='bbox 1434 2446 1617 2509; x_wconf 86' lang='lat' dir='ltr'><strong>innocentia</strong></span> 
     </span>
     <span class='ocr_line' id='line_1_21' title="bbox 293 2537 1654 2625; baseline 0 -25"><span class='ocrx_word' id='word_1_206' title='bbox 293 2545 460 2601; x_wconf 89' lang='lat' dir='ltr'><strong>contentus</strong></span> <span class='ocrx_word' id='word_1_207' title='bbox 475 2547 532 2602; x_wconf 90' lang='lat' dir='ltr'><strong>est.</strong></span> <span class='ocrx_word' id='word_1_208' title='bbox 565 2539 690 2616; x_wconf 86' lang='lat' dir='ltr'><strong>Quotus</strong></span> <span class='ocrx_word' id='word_1_209' title='bbox 705 2538 791 2601; x_wconf 91' lang='lat' dir='ltr'><strong>enim</strong></span> <span class='ocrx_word' id='word_1_210' title='bbox 806 2538 944 2621; x_wconf 90' lang='lat' dir='ltr'><strong>quisque</strong></span> <span class='ocrx_word' id='word_1_211' title='bbox 959 2537 1106 2613; x_wconf 91' lang='lat' dir='ltr'><strong>disertus,</strong></span> <span class='ocrx_word' id='word_1_212' title='bbox 1122 2546 1239 2621; x_wconf 90' lang='lat' dir='ltr'><strong>quotus</strong></span> <span class='ocrx_word' id='word_1_213' title='bbox 1255 2540 1390 2623; x_wconf 91' lang='lat' dir='ltr'><strong>quisque</strong></span> <span class='ocrx_word' id='word_1_214' title='bbox 1405 2541 1482 2606; x_wconf 90' lang='lat' dir='ltr'><strong>iuris</strong></span> <span class='ocrx_word' id='word_1_215' title='bbox 1495 2539 1654 2625; x_wconf 81' lang='lat' dir='ltr'><strong>peritusao</strong></span> 
     </span>
     <span class='ocr_line' id='line_1_22' title="bbox 293 2631 1617 2716; baseline -0.001 -21"><span class='ocrx_word' id='word_1_216' title='bbox 293 2640 359 2706; x_wconf 91' lang='lat' dir='ltr'><strong>est,</strong></span> <span class='ocrx_word' id='word_1_217' title='bbox 380 2640 417 2695; x_wconf 88' lang='lat' dir='ltr'><strong>ut</strong></span> <span class='ocrx_word' id='word_1_218' title='bbox 438 2653 495 2697; x_wconf 91' lang='lat' dir='ltr'><strong>eos</strong></span> <span class='ocrx_word' id='word_1_219' title='bbox 516 2653 679 2708; x_wconf 89' lang='lat' dir='ltr'><strong>numeres,</strong></span> <span class='ocrx_word' id='word_1_220' title='bbox 703 2633 756 2716; x_wconf 94' lang='lat' dir='ltr'><strong>qui</strong></span> <span class='ocrx_word' id='word_1_221' title='bbox 777 2632 889 2695; x_wconf 89' lang='lat' dir='ltr'><strong>volunt</strong></span> <span class='ocrx_word' id='word_1_222' title='bbox 903 2635 996 2694; x_wconf 79' lang='lat' dir='ltr'><strong>esset</strong></span> <span class='ocrx_word' id='word_1_223' title='bbox 1023 2631 1118 2707; x_wconf 86' lang='lat' dir='ltr'><strong>Quod</strong></span> <span class='ocrx_word' id='word_1_224' title='bbox 1143 2633 1170 2695; x_wconf 92' lang='lat' dir='ltr'><strong>si</strong></span> <span class='ocrx_word' id='word_1_225' title='bbox 1190 2640 1355 2714; x_wconf 89' lang='lat' dir='ltr'><strong>practerea</strong></span> <span class='ocrx_word' id='word_1_226' title='bbox 1374 2653 1468 2699; x_wconf 90' lang='lat' dir='ltr'><strong>nemo</strong></span> <span class='ocrx_word' id='word_1_227' title='bbox 1491 2640 1539 2698; x_wconf 88' lang='lat' dir='ltr'><strong>est</strong></span> <span class='ocrx_word' id='word_1_228' title='bbox 1558 2633 1617 2696; x_wconf 87' lang='lat' dir='ltr'><strong>lro·</strong></span> 
     </span>
     <span class='ocr_line' id='line_1_23' title="bbox 293 2725 1596 2811; baseline 0.001 -24"><span class='ocrx_word' id='word_1_229' title='bbox 293 2745 370 2790; x_wconf 92' lang='lat' dir='ltr'><strong>nore</strong></span> <span class='ocrx_word' id='word_1_230' title='bbox 393 2725 525 2810; x_wconf 90' lang='lat' dir='ltr'><strong>diguus,</strong></span> <span class='ocrx_word' id='word_1_231' title='bbox 549 2728 701 2811; x_wconf 88' lang='lat' dir='ltr'><strong>quidnam</strong></span> <span class='ocrx_word' id='word_1_232' title='bbox 723 2733 770 2790; x_wconf 89' lang='lat' dir='ltr'><strong>tot</strong></span> <span class='ocrx_word' id='word_1_233' title='bbox 791 2725 918 2809; x_wconf 91' lang='lat' dir='ltr'><strong>optimis</strong></span> <span class='ocrx_word' id='word_1_234' title='bbox 940 2733 972 2788; x_wconf 89' lang='lat' dir='ltr'><strong>et</strong></span> <span class='ocrx_word' id='word_1_235' title='bbox 993 2727 1199 2790; x_wconf 88' lang='lat' dir='ltr'><strong>ornatissimis</strong></span> <span class='ocrx_word' id='word_1_236' title='bbox 1221 2727 1344 2791; x_wconf 80' lang='lat' dir='ltr'><strong>civibus</strong></span> <span class='ocrx_word' id='word_1_237' title='bbox 1362 2733 1410 2792; x_wconf 90' lang='lat' dir='ltr'><strong>est</strong></span> <span class='ocrx_word' id='word_1_238' title='bbox 1430 2727 1596 2790; x_wconf 76' lang='lat' dir='ltr'><strong>futurum?</strong></span> 
     </span>
     <span class='ocr_line' id='line_1_24' title="bbox 376 2817 1618 2904; baseline -0.002 -21"><span class='ocrx_word' id='word_1_239' title='bbox 376 2822 492 2885; x_wconf 82' lang='lat' dir='ltr'><strong>xxvi.</strong></span> <span class='ocrx_word' id='word_1_240' title='bbox 514 2817 566 2884; x_wconf 80' lang='lat'><strong>63.</strong></span> <span class='ocrx_word' id='word_1_241' title='bbox 588 2821 681 2884; x_wconf 85' lang='lat' dir='ltr'><strong>Iubes</strong></span> <span class='ocrx_word' id='word_1_242' title='bbox 703 2819 864 2883; x_wconf 87' lang='lat' dir='ltr'><strong>Plancium</strong></span> <span class='ocrx_word' id='word_1_243' title='bbox 886 2818 925 2880; x_wconf 92' lang='lat' dir='ltr'><strong>de</strong></span> <span class='ocrx_word' id='word_1_244' title='bbox 947 2818 1032 2882; x_wconf 85' lang='lat' dir='ltr'><strong>vitiis</strong></span> <span class='ocrx_word' id='word_1_245' title='bbox 1054 2820 1234 2883; x_wconf 85' lang='lat' dir='ltr'><strong>Laterensis</strong></span> <span class='ocrx_word' id='word_1_246' title='bbox 1255 2822 1371 2884; x_wconf 87' lang='lat' dir='ltr'><strong>dicere.</strong></span> <span class='ocrx_word' id='word_1_247' title='bbox 1404 2821 1491 2884; x_wconf 90' lang='lat' dir='ltr'><strong>Nihil</strong></span> <span class='ocrx_word' id='word_1_248' title='bbox 1510 2824 1618 2904; x_wconf 88' lang='lat' dir='ltr'><strong>potest</strong></span> 
     </span>
     <span class='ocr_line' id='line_1_25' title="bbox 294 2910 1617 2979; baseline -0.002 -1"><span class='ocrx_word' id='word_1_249' title='bbox 294 2915 357 2979; x_wconf 92' lang='lat' dir='ltr'><strong>nisi</strong></span> <span class='ocrx_word' id='word_1_250' title='bbox 379 2935 452 2979; x_wconf 90' lang='lat' dir='ltr'><strong>cum</strong></span> <span class='ocrx_word' id='word_1_251' title='bbox 473 2915 567 2978; x_wconf 91' lang='lat' dir='ltr'><strong>nimis</strong></span> <span class='ocrx_word' id='word_1_252' title='bbox 589 2915 623 2978; x_wconf 92' lang='lat' dir='ltr'><strong>iu</strong></span> <span class='ocrx_word' id='word_1_253' title='bbox 644 2934 680 2978; x_wconf 90' lang='lat' dir='ltr'><strong>se</strong></span> <span class='ocrx_word' id='word_1_254' title='bbox 693 2911 880 2978; x_wconf 88' lang='lat' dir='ltr'><strong>iracundum</strong></span> <span class='ocrx_word' id='word_1_255' title='bbox 893 2910 1004 2976; x_wconf 88' lang='lat' dir='ltr'><strong>fuisse.</strong></span> <span class='ocrx_word' id='word_1_256' title='bbox 1032 2913 1120 2976; x_wconf 91' lang='lat' dir='ltr'><strong>ldem</strong></span> <span class='ocrx_word' id='word_1_257' title='bbox 1135 2915 1227 2977; x_wconf 89' lang='lat' dir='ltr'><strong>ellers</strong></span> <span class='ocrx_word' id='word_1_258' title='bbox 1242 2915 1446 2978; x_wconf 88' lang='lat' dir='ltr'><strong>Laterensem</strong></span> <span class='ocrx_word' id='word_1_259' title='bbox 1461 2913 1617 2977; x_wconf 87' lang='lat' dir='ltr'><strong>laudibus.</strong></span> 
     </span>
     <span class='ocr_line' id='line_1_26' title="bbox 293 3005 1654 3094; baseline -0.001 -22"><span class='ocrx_word' id='word_1_260' title='bbox 293 3008 399 3074; x_wconf 85' lang='lat' dir='ltr'><strong>Facile</strong></span> <span class='ocrx_word' id='word_1_261' title='bbox 420 3011 522 3094; x_wconf 91' lang='lat' dir='ltr'><strong>patior</strong></span> <span class='ocrx_word' id='word_1_262' title='bbox 542 3008 576 3072; x_wconf 89' lang='lat' dir='ltr'><strong>id</strong></span> <span class='ocrx_word' id='word_1_263' title='bbox 598 3016 630 3071; x_wconf 89' lang='lat' dir='ltr'><strong>te</strong></span> <span class='ocrx_word' id='word_1_264' title='bbox 651 3027 745 3091; x_wconf 85' lang='lat' dir='ltr'><strong>agere</strong></span> <span class='ocrx_word' id='word_1_265' title='bbox 766 3005 872 3069; x_wconf 91' lang='lat' dir='ltr'><strong>multis</strong></span> <span class='ocrx_word' id='word_1_266' title='bbox 887 3005 1002 3082; x_wconf 88' lang='lat' dir='ltr'><strong>verbis,</strong></span> <span class='ocrx_word' id='word_1_267' title='bbox 1024 3006 1110 3089; x_wconf 94' lang='lat' dir='ltr'><strong>quod</strong></span> <span class='ocrx_word' id='word_1_268' title='bbox 1134 3009 1173 3070; x_wconf 90' lang='lat' dir='ltr'><strong>ad</strong></span> <span class='ocrx_word' id='word_1_269' title='bbox 1195 3006 1348 3072; x_wconf 91' lang='lat' dir='ltr'><strong>iudicium</strong></span> <span class='ocrx_word' id='word_1_270' title='bbox 1369 3029 1435 3072; x_wconf 91' lang='lat' dir='ltr'><strong>uon</strong></span> <span class='ocrx_word' id='word_1_271' title='bbox 1453 3007 1654 3090; x_wconf 72' lang='lat' dir='ltr'><strong>pertineatss</strong></span> 
     </span>
     <span class='ocr_line' id='line_1_27' title="bbox 295 3099 1616 3183; baseline -0.005 -17"><span class='ocrx_word' id='word_1_272' title='bbox 295 3112 327 3166; x_wconf 89' lang='lat' dir='ltr'><strong>et</strong></span> <span class='ocrx_word' id='word_1_273' title='bbox 353 3103 388 3166; x_wconf 94' lang='lat' dir='ltr'><strong>id</strong></span> <span class='ocrx_word' id='word_1_274' title='bbox 415 3110 447 3166; x_wconf 91' lang='lat' dir='ltr'><strong>te</strong></span> <span class='ocrx_word' id='word_1_275' title='bbox 473 3111 674 3167; x_wconf 86' lang='lat' dir='ltr'><strong>accusantem</strong></span> <span class='ocrx_word' id='word_1_276' title='bbox 702 3110 766 3165; x_wconf 92' lang='lat' dir='ltr'><strong>tam</strong></span> <span class='ocrx_word' id='word_1_277' title='bbox 795 3099 850 3164; x_wconf 94' lang='lat' dir='ltr'><strong>diu</strong></span> <span class='ocrx_word' id='word_1_278' title='bbox 872 3099 995 3175; x_wconf 86' lang='lat' dir='ltr'><strong>dicere,</strong></span> <span class='ocrx_word' id='word_1_279' title='bbox 1025 3100 1111 3183; x_wconf 92' lang='lat' dir='ltr'><strong>quod</strong></span> <span class='ocrx_word' id='word_1_280' title='bbox 1133 3120 1192 3183; x_wconf 88' lang='lat' dir='ltr'><strong>ego</strong></span> <span class='ocrx_word' id='word_1_281' title='bbox 1215 3101 1363 3166; x_wconf 89' lang='lat' dir='ltr'><strong>defensor</strong></span> <span class='ocrx_word' id='word_1_282' title='bbox 1384 3102 1453 3165; x_wconf 89' lang='lat' dir='ltr'><strong>siue</strong></span> <span class='ocrx_word' id='word_1_283' title='bbox 1474 3099 1616 3183; x_wconf 89' lang='lat' dir='ltr'><strong>periculo</strong></span> 
     </span>
     <span class='ocr_line' id='line_1_28' title="bbox 296 3193 1618 3280; baseline -0.004 -20"><span class='ocrx_word' id='word_1_284' title='bbox 296 3198 416 3280; x_wconf 92' lang='lat' dir='ltr'><strong>possim</strong></span> <span class='ocrx_word' id='word_1_285' title='bbox 446 3193 597 3262; x_wconf 86' lang='lat' dir='ltr'><strong>confiteri.</strong></span> <span class='ocrx_word' id='word_1_286' title='bbox 635 3196 731 3280; x_wconf 81' lang='lat' dir='ltr'><strong>Atqui</strong></span> <span class='ocrx_word' id='word_1_287' title='bbox 759 3215 824 3258; x_wconf 91' lang='lat' dir='ltr'><strong>non</strong></span> <span class='ocrx_word' id='word_1_288' title='bbox 845 3193 941 3257; x_wconf 90' lang='lat' dir='ltr'><strong>modo</strong></span> <span class='ocrx_word' id='word_1_289' title='bbox 963 3193 1116 3259; x_wconf 86' lang='lat' dir='ltr'><strong>confiteor</strong></span> <span class='ocrx_word' id='word_1_290' title='bbox 1137 3215 1259 3260; x_wconf 90' lang='lat' dir='ltr'><strong>summa</strong></span> <span class='ocrx_word' id='word_1_291' title='bbox 1279 3197 1311 3259; x_wconf 91' lang='lat' dir='ltr'><strong>iu</strong></span> <span class='ocrx_word' id='word_1_292' title='bbox 1334 3197 1504 3260; x_wconf 88' lang='lat' dir='ltr'><strong>Laterense</strong></span> <span class='ocrx_word' id='word_1_293' title='bbox 1526 3213 1618 3256; x_wconf 91' lang='lat' dir='ltr'><strong>orna·</strong></span> 
     </span>
     <span class='ocr_line' id='line_1_29' title="bbox 295 3287 1618 3372; baseline -0.005 -16"><span class='ocrx_word' id='word_1_294' title='bbox 295 3298 402 3356; x_wconf 90' lang='lat' dir='ltr'><strong>menta</strong></span> <span class='ocrx_word' id='word_1_295' title='bbox 422 3311 501 3367; x_wconf 87' lang='lat' dir='ltr'><strong>csse,</strong></span> <span class='ocrx_word' id='word_1_296' title='bbox 524 3291 581 3355; x_wconf 93' lang='lat' dir='ltr'><strong>sed</strong></span> <span class='ocrx_word' id='word_1_297' title='bbox 602 3297 640 3372; x_wconf 61' lang='lat' dir='ltr'><strong>ten</strong></span> <span class='ocrx_word' id='word_1_298' title='bbox 656 3289 750 3353; x_wconf 89' lang='lat' dir='ltr'><strong>etiam</strong></span> <span class='ocrx_word' id='word_1_299' title='bbox 770 3287 979 3372; x_wconf 86' lang='lat' dir='ltr'><strong>reprehendo,</strong></span> <span class='ocrx_word' id='word_1_300' title='bbox 1002 3290 1090 3372; x_wconf 93' lang='lat' dir='ltr'><strong>quod</strong></span> <span class='ocrx_word' id='word_1_301' title='bbox 1112 3309 1150 3353; x_wconf 92' lang='lat' dir='ltr'><strong>ea</strong></span> <span class='ocrx_word' id='word_1_302' title='bbox 1166 3310 1233 3353; x_wconf 93' lang='lat' dir='ltr'><strong>nou</strong></span> <span class='ocrx_word' id='word_1_303' title='bbox 1248 3309 1422 3366; x_wconf 82' lang='lat' dir='ltr'><strong>enumeres,</strong></span> <span class='ocrx_word' id='word_1_304' title='bbox 1444 3288 1506 3352; x_wconf 89' lang='lat' dir='ltr'><strong>alia</strong></span> <span class='ocrx_word' id='word_1_305' title='bbox 1521 3306 1618 3372; x_wconf 89' lang='lat' dir='ltr'><strong>quae·</strong></span> 
     </span>
     <span class='ocr_line' id='line_1_30' title="bbox 295 3381 1618 3467; baseline -0.005 -17"><span class='ocrx_word' id='word_1_306' title='bbox 295 3386 368 3450; x_wconf 86' lang='lat' dir='ltr'><strong>dam</strong></span> <span class='ocrx_word' id='word_1_307' title='bbox 389 3384 496 3450; x_wconf 88' lang='lat' dir='ltr'><strong>inania</strong></span> <span class='ocrx_word' id='word_1_308' title='bbox 518 3392 550 3448; x_wconf 90' lang='lat' dir='ltr'><strong>ct</strong></span> <span class='ocrx_word' id='word_1_309' title='bbox 571 3385 654 3449; x_wconf 85' lang='lat' dir='ltr'><strong>levia</strong></span> <span class='ocrx_word' id='word_1_310' title='bbox 675 3383 854 3467; x_wconf 90' lang='lat' dir='ltr'><strong>conquiras.</strong></span> <span class='ocrx_word' id='word_1_311' title='bbox 883 3383 1052 3446; x_wconf 88' lang='lat' dir='ltr'><strong>Praeneste</strong></span> <span class='ocrx_word' id='word_1_312' title='bbox 1067 3382 1181 3447; x_wconf 88' lang='lat' dir='ltr'><strong>fecisse</strong></span> <span class='ocrx_word' id='word_1_313' title='bbox 1195 3383 1299 3448; x_wconf 90' lang='lat' dir='ltr'><strong>ludos.</strong></span> <span class='ocrx_word' id='word_1_314' title='bbox 1322 3384 1429 3460; x_wconf 76' lang='lat' dir='ltr'><strong>Quiri</strong></span> <span class='ocrx_word' id='word_1_315' title='bbox 1451 3381 1506 3446; x_wconf 91' lang='lat' dir='ltr'><strong>alii</strong></span> <span class='ocrx_word' id='word_1_316' title='bbox 1521 3400 1618 3465; x_wconf 87' lang='lat' dir='ltr'><strong>quac·</strong></span> 
     </span>
     <span class='ocr_line' id='line_1_31' title="bbox 295 3475 1655 3561; baseline -0.004 -16"><span class='ocrx_word' id='word_1_317' title='bbox 295 3488 396 3545; x_wconf 89' lang='lat' dir='ltr'><strong>stores</strong></span> <span class='ocrx_word' id='word_1_318' title='bbox 416 3501 523 3544; x_wconf 90' lang='lat' dir='ltr'><strong>nonne</strong></span> <span class='ocrx_word' id='word_1_319' title='bbox 543 3479 710 3543; x_wconf 76' lang='lat' dir='ltr'><strong>fecerunta</strong></span> <span class='ocrx_word' id='word_1_320' title='bbox 744 3477 875 3561; x_wconf 82' lang='lat' dir='ltr'><strong>Cyrenis</strong></span> <span class='ocrx_word' id='word_1_321' title='bbox 896 3476 1058 3541; x_wconf 88' lang='lat' dir='ltr'><strong>liberalem</strong></span> <span class='ocrx_word' id='word_1_322' title='bbox 1080 3477 1115 3539; x_wconf 92' lang='lat' dir='ltr'><strong>iu</strong></span> <span class='ocrx_word' id='word_1_323' title='bbox 1136 3477 1340 3560; x_wconf 90' lang='lat' dir='ltr'><strong>publicanos,</strong></span> <span class='ocrx_word' id='word_1_324' title='bbox 1369 3477 1486 3540; x_wconf 91' lang='lat' dir='ltr'><strong>iustum</strong></span> <span class='ocrx_word' id='word_1_325' title='bbox 1511 3475 1545 3538; x_wconf 94' lang='lat' dir='ltr'><strong>in</strong></span> <span class='ocrx_word' id='word_1_326' title='bbox 1567 3492 1655 3539; x_wconf 71' lang='lat' dir='ltr'><strong>soso</strong></span> 
     </span>
     <span class='ocr_line' id='line_1_32' title="bbox 295 3569 1618 3654; baseline -0.005 -16"><span class='ocrx_word' id='word_1_327' title='bbox 295 3575 361 3639; x_wconf 92' lang='lat' dir='ltr'><strong>cios</strong></span> <span class='ocrx_word' id='word_1_328' title='bbox 381 3574 490 3638; x_wconf 89' lang='lat' dir='ltr'><strong>fuisse.</strong></span> <span class='ocrx_word' id='word_1_329' title='bbox 524 3572 603 3649; x_wconf 88' lang='lat' dir='ltr'><strong>Quis</strong></span> <span class='ocrx_word' id='word_1_330' title='bbox 625 3574 738 3654; x_wconf 82' lang='lat' dir='ltr'><strong>negati</strong></span> <span class='ocrx_word' id='word_1_331' title='bbox 761 3570 817 3634; x_wconf 91' lang='lat' dir='ltr'><strong>sed</strong></span> <span class='ocrx_word' id='word_1_332' title='bbox 839 3570 883 3632; x_wconf 89' lang='lat' dir='ltr'><strong>ita</strong></span> <span class='ocrx_word' id='word_1_333' title='bbox 904 3569 1003 3634; x_wconf 88' lang='lat' dir='ltr'><strong>multa</strong></span> <span class='ocrx_word' id='word_1_334' title='bbox 1018 3572 1136 3634; x_wconf 87' lang='lat' dir='ltr'><strong>Romae</strong></span> <span class='ocrx_word' id='word_1_335' title='bbox 1159 3579 1318 3654; x_wconf 89' lang='lat' dir='ltr'><strong>geruntur,</strong></span> <span class='ocrx_word' id='word_1_336' title='bbox 1340 3578 1376 3635; x_wconf 93' lang='lat' dir='ltr'><strong>ut</strong></span> <span class='ocrx_word' id='word_1_337' title='bbox 1389 3571 1445 3634; x_wconf 82' lang='lat' dir='ltr'><strong>vix</strong></span> <span class='ocrx_word' id='word_1_338' title='bbox 1460 3589 1513 3646; x_wconf 87' lang='lat' dir='ltr'><strong>ea,</strong></span> <span class='ocrx_word' id='word_1_339' title='bbox 1535 3589 1618 3653; x_wconf 90' lang='lat' dir='ltr'><strong>quae</strong></span> 
     </span>
     <span class='ocr_line' id='line_1_33' title="bbox 294 3659 1618 3752; baseline -0.004 -21"><span class='ocrx_word' id='word_1_340' title='bbox 294 3665 374 3734; x_wconf 86' lang='lat' dir='ltr'><strong>liunt</strong></span> <span class='ocrx_word' id='word_1_341' title='bbox 394 3670 428 3732; x_wconf 94' lang='lat' dir='ltr'><strong>in</strong></span> <span class='ocrx_word' id='word_1_342' title='bbox 450 3667 632 3752; x_wconf 77' lang='lat' dir='ltr'><strong>provinciis,</strong></span> <span class='ocrx_word' id='word_1_343' title='bbox 652 3665 830 3730; x_wconf 90' lang='lat' dir='ltr'><strong>audiantur.</strong></span> <span class='ocrx_word' id='word_1_344' title='bbox 866 3659 917 3725; x_wconf 82' lang='grc'><strong>64.</strong></span> <span class='ocrx_word' id='word_1_345' title='bbox 938 3665 1009 3727; x_wconf 85' lang='lat' dir='ltr'><strong>Non</strong></span> <span class='ocrx_word' id='word_1_346' title='bbox 1030 3685 1144 3729; x_wconf 89' lang='lat' dir='ltr'><strong>vereor</strong></span> <span class='ocrx_word' id='word_1_347' title='bbox 1163 3685 1205 3729; x_wconf 93' lang='lat' dir='ltr'><strong>ne</strong></span> <span class='ocrx_word' id='word_1_348' title='bbox 1227 3665 1305 3729; x_wconf 91' lang='lat' dir='ltr'><strong>mihi</strong></span> <span class='ocrx_word' id='word_1_349' title='bbox 1326 3664 1464 3750; x_wconf 89' lang='lat' dir='ltr'><strong>aliquid,</strong></span> <span class='ocrx_word' id='word_1_350' title='bbox 1486 3665 1618 3738; x_wconf 88' lang='lat' dir='ltr'><strong>iudices,</strong></span> 
     </span>
     <span class='ocr_line' id='line_1_34' title="bbox 295 3757 1618 3847; baseline -0.007 -18"><span class='ocrx_word' id='word_1_351' title='bbox 295 3763 405 3829; x_wconf 86' lang='lat' dir='ltr'><strong>videar</strong></span> <span class='ocrx_word' id='word_1_352' title='bbox 424 3783 587 3847; x_wconf 88' lang='lat' dir='ltr'><strong>arrogare,</strong></span> <span class='ocrx_word' id='word_1_353' title='bbox 610 3762 635 3825; x_wconf 91' lang='lat' dir='ltr'><strong>si</strong></span> <span class='ocrx_word' id='word_1_354' title='bbox 657 3760 698 3824; x_wconf 91' lang='lat' dir='ltr'><strong>de</strong></span> <span class='ocrx_word' id='word_1_355' title='bbox 719 3766 890 3843; x_wconf 90' lang='lat' dir='ltr'><strong>quaestura</strong></span> <span class='ocrx_word' id='word_1_356' title='bbox 910 3777 981 3821; x_wconf 86' lang='lat' dir='ltr'><strong>mea</strong></span> <span class='ocrx_word' id='word_1_357' title='bbox 1002 3758 1133 3821; x_wconf 82' lang='lat' dir='ltr'><strong>dixero:</strong></span> <span class='ocrx_word' id='word_1_358' title='bbox 1154 3760 1358 3844; x_wconf 82' lang='lat' dir='ltr'><strong>-quamvis</strong></span> <span class='ocrx_word' id='word_1_359' title='bbox 1380 3759 1466 3822; x_wconf 90' lang='lat' dir='ltr'><strong>euim</strong></span> <span class='ocrx_word' id='word_1_360' title='bbox 1486 3757 1541 3821; x_wconf 92' lang='lat' dir='ltr'><strong>illa</strong></span> <span class='ocrx_word' id='word_1_361' title='bbox 1561 3759 1618 3820; x_wconf 89' lang='lat' dir='ltr'><strong>llo·</strong></span> 
     </span>
     <span class='ocr_line' id='line_1_35' title="bbox 294 3852 1619 3937; baseline -0.005 -16"><span class='ocrx_word' id='word_1_362' title='bbox 294 3857 411 3934; x_wconf 83' lang='lat' dir='ltr'><strong>merit,</strong></span> <span class='ocrx_word' id='word_1_363' title='bbox 431 3866 536 3921; x_wconf 87' lang='lat' dir='ltr'><strong>tamen</strong></span> <span class='ocrx_word' id='word_1_364' title='bbox 557 3877 631 3920; x_wconf 89' lang='lat' dir='ltr'><strong>eum</strong></span> <span class='ocrx_word' id='word_1_365' title='bbox 651 3875 702 3918; x_wconf 92' lang='lat' dir='ltr'><strong>me</strong></span> <span class='ocrx_word' id='word_1_366' title='bbox 722 3860 834 3937; x_wconf 90' lang='lat' dir='ltr'><strong>postea</strong></span> <span class='ocrx_word' id='word_1_367' title='bbox 853 3852 954 3916; x_wconf 87' lang='lat' dir='ltr'><strong>fuisse</strong></span> <span class='ocrx_word' id='word_1_368' title='bbox 975 3852 1010 3916; x_wconf 91' lang='lat' dir='ltr'><strong>iu</strong></span> <span class='ocrx_word' id='word_1_369' title='bbox 1023 3852 1170 3916; x_wconf 89' lang='lat' dir='ltr'><strong>maximis</strong></span> <span class='ocrx_word' id='word_1_370' title='bbox 1185 3852 1324 3936; x_wconf 88' lang='lat' dir='ltr'><strong>imperiis</strong></span> <span class='ocrx_word' id='word_1_371' title='bbox 1339 3853 1481 3928; x_wconf 87' lang='lat' dir='ltr'><strong>arbitror,</strong></span> <span class='ocrx_word' id='word_1_372' title='bbox 1503 3858 1619 3915; x_wconf 89' lang='lat' dir='ltr'><strong>utnon</strong></span> 
     </span>
     <span class='ocr_line' id='line_1_36' title="bbox 294 3944 1655 4033; baseline -0.004 -18"><span class='ocrx_word' id='word_1_373' title='bbox 294 3954 338 4016; x_wconf 88' lang='lat' dir='ltr'><strong>ita</strong></span> <span class='ocrx_word' id='word_1_374' title='bbox 364 3951 498 4016; x_wconf 92' lang='lat' dir='ltr'><strong>multum</strong></span> <span class='ocrx_word' id='word_1_375' title='bbox 525 3951 603 4015; x_wconf 81' lang='lat' dir='ltr'><strong>milri</strong></span> <span class='ocrx_word' id='word_1_376' title='bbox 631 3949 751 4033; x_wconf 90' lang='lat' dir='ltr'><strong>gloriae</strong></span> <span class='ocrx_word' id='word_1_377' title='bbox 779 3948 820 4010; x_wconf 92' lang='lat' dir='ltr'><strong>sit</strong></span> <span class='ocrx_word' id='word_1_378' title='bbox 847 3967 888 4010; x_wconf 83' lang='lat' dir='ltr'><strong>ex</strong></span> <span class='ocrx_word' id='word_1_379' title='bbox 917 3954 1105 4030; x_wconf 89' lang='lat' dir='ltr'><strong>quaesturae</strong></span> <span class='ocrx_word' id='word_1_380' title='bbox 1135 3946 1227 4011; x_wconf 87' lang='lat' dir='ltr'><strong>laude</strong></span> <span class='ocrx_word' id='word_1_381' title='bbox 1254 3946 1477 4030; x_wconf 86' lang='lat' dir='ltr'><strong>repetendum:</strong></span> <span class='ocrx_word' id='word_1_382' title='bbox 1498 3979 1540 3994; x_wconf 96' lang='lat'>-</span> <span class='ocrx_word' id='word_1_383' title='bbox 1561 3944 1655 4010; x_wconf 87' lang='lat' dir='ltr'><strong>sedas</strong></span> 
     </span>
     <span class='ocr_line' id='line_1_37' title="bbox 294 4040 1618 4128; baseline -0.005 -17"><span class='ocrx_word' id='word_1_384' title='bbox 294 4052 400 4111; x_wconf 63' lang='lat' dir='ltr'><strong>umen</strong></span> <span class='ocrx_word' id='word_1_385' title='bbox 420 4065 486 4111; x_wconf 93' lang='lat' dir='ltr'><strong>nou</strong></span> <span class='ocrx_word' id='word_1_386' title='bbox 506 4064 618 4110; x_wconf 75' lang='lat' dir='ltr'><strong>vereor</strong></span> <span class='ocrx_word' id='word_1_387' title='bbox 638 4065 680 4108; x_wconf 94' lang='lat' dir='ltr'><strong>ne</strong></span> <span class='ocrx_word' id='word_1_388' title='bbox 701 4042 773 4126; x_wconf 89' lang='lat' dir='ltr'><strong>quis</strong></span> <span class='ocrx_word' id='word_1_389' title='bbox 794 4040 911 4105; x_wconf 87' lang='lat' dir='ltr'><strong>audeat</strong></span> <span class='ocrx_word' id='word_1_390' title='bbox 925 4041 1031 4105; x_wconf 91' lang='lat' dir='ltr'><strong>dicere</strong></span> <span class='ocrx_word' id='word_1_391' title='bbox 1052 4040 1149 4109; x_wconf 88' lang='lat' dir='ltr'><strong>ullius</strong></span> <span class='ocrx_word' id='word_1_392' title='bbox 1170 4041 1204 4104; x_wconf 93' lang='lat' dir='ltr'><strong>iu</strong></span> <span class='ocrx_word' id='word_1_393' title='bbox 1224 4041 1333 4105; x_wconf 90' lang='lat' dir='ltr'><strong>Sicilia</strong></span> <span class='ocrx_word' id='word_1_394' title='bbox 1346 4047 1550 4128; x_wconf 89' lang='lat' dir='ltr'><strong>quaesturam</strong></span> <span class='ocrx_word' id='word_1_395' title='bbox 1564 4047 1618 4104; x_wconf 90' lang='lat' dir='ltr'><strong>aut</strong></span> 
     </span>
    </p>
   </div>
   <div class='ocr_carea' id='block_1_5' title="bbox 292 4385 1620 4985">
    <p class='ocr_par' dir='ltr' id='par_1_5' title="bbox 292 4385 1620 4985">
     <span class='ocr_line' id='line_1_38' title="bbox 360 4385 1619 4453; baseline -0.009 -7"><span class='ocrx_word' id='word_1_396' title='bbox 360 4395 519 4449; x_wconf 64' lang='lat' dir='ltr'><strong>suurn</strong></span> <span class='ocrx_word' id='word_1_397' title='bbox 538 4420 565 4430; x_wconf 85' lang='lat'><em>-</em></span> <span class='ocrx_word' id='word_1_398' title='bbox 588 4393 691 4444; x_wconf 67' lang='grc' dir='ltr'><strong>ΜΠ</strong></span> <span class='ocrx_word' id='word_1_399' title='bbox 710 4418 737 4428; x_wconf 92' lang='grc'>-</span> <span class='ocrx_word' id='word_1_400' title='bbox 756 4387 1080 4453; x_wconf 79' lang='lat' dir='ltr'><strong>tortqutdsitsimils-</strong></span> <span class='ocrx_word' id='word_1_401' title='bbox 1099 4388 1124 4437; x_wconf 85' lang='grc'><strong>4.</strong></span> <span class='ocrx_word' id='word_1_402' title='bbox 1141 4385 1415 4452; x_wconf 63' lang='grc' dir='ltr'><strong>ηιαρίειναεωμιαρρ.</strong></span> <span class='ocrx_word' id='word_1_403' title='bbox 1434 4387 1483 4438; x_wconf 85' lang='lat' dir='ltr'><strong>TE</strong></span> <span class='ocrx_word' id='word_1_404' title='bbox 1502 4413 1529 4424; x_wconf 94' lang='lat'><strong>·-</strong></span> <span class='ocrx_word' id='word_1_405' title='bbox 1548 4385 1572 4437; x_wconf 83' lang='grc'><strong>3.</strong></span> <span class='ocrx_word' id='word_1_406' title='bbox 1589 4399 1619 4436; x_wconf 83' lang='lat' dir='ltr'><strong>rc</strong></span> 
     </span>
     <span class='ocr_line' id='line_1_39' title="bbox 294 4462 1620 4536; baseline -0.01 -13"><span class='ocrx_word' id='word_1_407' title='bbox 294 4469 353 4522; x_wconf 74' lang='lat' dir='ltr'><strong>deso</strong></span> <span class='ocrx_word' id='word_1_408' title='bbox 367 4475 438 4536; x_wconf 74' lang='lat' dir='ltr'><strong>gesto</strong></span> <span class='ocrx_word' id='word_1_409' title='bbox 452 4469 631 4533; x_wconf 65' lang='lat' dir='ltr'><strong>triumpharint</strong></span> <span class='ocrx_word' id='word_1_410' title='bbox 641 4467 811 4518; x_wconf 80' lang='lat' dir='ltr'><strong>Garatonius:</strong></span> <span class='ocrx_word' id='word_1_411' title='bbox 829 4466 856 4516; x_wconf 79' lang='lat' dir='ltr'><strong>in</strong></span> <span class='ocrx_word' id='word_1_412' title='bbox 872 4463 960 4525; x_wconf 60' lang='lat' dir='ltr'><strong>wius</strong></span> <span class='ocrx_word' id='word_1_413' title='bbox 975 4477 1004 4514; x_wconf 80' lang='lat' dir='ltr'><strong>rc</strong></span> <span class='ocrx_word' id='word_1_414' title='bbox 1020 4463 1079 4513; x_wconf 82' lang='lat' dir='ltr'><strong>boos</strong></span> <span class='ocrx_word' id='word_1_415' title='bbox 1094 4466 1163 4526; x_wconf 76' lang='lat' dir='ltr'><strong>gestu</strong></span> <span class='ocrx_word' id='word_1_416' title='bbox 1179 4462 1362 4525; x_wconf 63' lang='lat' dir='ltr'><strong>mopsuest</strong></span> <span class='ocrx_word' id='word_1_417' title='bbox 1377 4462 1464 4512; x_wconf 84' lang='lat' dir='ltr'><strong>TE·</strong></span> <span class='ocrx_word' id='word_1_418' title='bbox 1483 4463 1507 4512; x_wconf 84' lang='lat' dir='ltr'><strong>c.</strong></span> <span class='ocrx_word' id='word_1_419' title='bbox 1520 4465 1620 4530; x_wconf 77' lang='lat' dir='ltr'><strong>caestor</strong></span> 
     </span>
     <span class='ocr_line' id='line_1_40' title="bbox 294 4535 1616 4610; baseline -0.006 -16"><span class='ocrx_word' id='word_1_420' title='bbox 294 4545 352 4594; x_wconf 82' lang='lat' dir='ltr'><strong>&#39;r-</strong></span> <span class='ocrx_word' id='word_1_421' title='bbox 371 4546 567 4610; x_wconf 59' lang='grc' dir='ltr'><strong>Μαιώτ-</strong></span> <span class='ocrx_word' id='word_1_422' title='bbox 585 4543 692 4594; x_wconf 80' lang='lat' dir='ltr'><strong>sttTE:</strong></span> <span class='ocrx_word' id='word_1_423' title='bbox 712 4540 986 4593; x_wconf 68' lang='lat' dir='ltr'><strong>omo-auctaas</strong></span> <span class='ocrx_word' id='word_1_424' title='bbox 1002 4541 1062 4590; x_wconf 84' lang='grc' dir='ltr'><strong>Τ-</strong></span> <span class='ocrx_word' id='word_1_425' title='bbox 1082 4537 1433 4588; x_wconf 60' lang='lat' dir='ltr'><strong>itiam-asaiam:</strong></span> <span class='ocrx_word' id='word_1_426' title='bbox 1451 4535 1616 4600; x_wconf 62' lang='lat' dir='ltr'><strong>mco-</strong></span> 
     </span>
     <span class='ocr_line' id='line_1_41' title="bbox 292 4609 1616 4685; baseline -0.011 -12"><span class='ocrx_word' id='word_1_427' title='bbox 292 4619 430 4684; x_wconf 75' lang='lat' dir='ltr'><strong>{uur-</strong></span> <span class='ocrx_word' id='word_1_428' title='bbox 449 4622 489 4673; x_wconf 93' lang='grc'><strong>44.</strong></span> <span class='ocrx_word' id='word_1_429' title='bbox 507 4620 647 4685; x_wconf 60' lang='lat' dir='ltr'><strong>euml:</strong></span> <span class='ocrx_word' id='word_1_430' title='bbox 665 4617 772 4681; x_wconf 60' lang='lat' dir='ltr'><strong>othelm</strong></span> <span class='ocrx_word' id='word_1_431' title='bbox 787 4617 837 4668; x_wconf 78' lang='lat' dir='ltr'><strong>Eo</strong></span> <span class='ocrx_word' id='word_1_432' title='bbox 855 4642 882 4652; x_wconf 92' lang='lat'><em>-</em></span> <span class='ocrx_word' id='word_1_433' title='bbox 902 4614 943 4666; x_wconf 79' lang='lat' dir='ltr'><strong>tt.</strong></span> <span class='ocrx_word' id='word_1_434' title='bbox 961 4613 1134 4666; x_wconf 68' lang='lat' dir='ltr'><strong>madal*-</strong></span> <span class='ocrx_word' id='word_1_435' title='bbox 1152 4612 1193 4664; x_wconf 78' lang='lat' dir='ltr'><strong>tt.</strong></span> <span class='ocrx_word' id='word_1_436' title='bbox 1211 4613 1323 4663; x_wconf 62' lang='lat' dir='ltr'><strong>maest</strong></span> <span class='ocrx_word' id='word_1_437' title='bbox 1338 4611 1401 4662; x_wconf 82' lang='lat' dir='ltr'><strong>TE:</strong></span> <span class='ocrx_word' id='word_1_438' title='bbox 1419 4609 1616 4661; x_wconf 58' lang='lat' dir='ltr'><strong>mutuatio-</strong></span> 
     </span>
     <span class='ocr_line' id='line_1_42' title="bbox 293 4685 1619 4753; baseline -0.006 -9"><span class='ocrx_word' id='word_1_439' title='bbox 293 4695 335 4746; x_wconf 81' lang='lat' dir='ltr'><strong>to.</strong></span> <span class='ocrx_word' id='word_1_440' title='bbox 352 4696 497 4748; x_wconf 68' lang='lat' dir='ltr'><strong>eamr:</strong></span> <span class='ocrx_word' id='word_1_441' title='bbox 514 4696 626 4747; x_wconf 66' lang='lat' dir='ltr'><strong>stum</strong></span> <span class='ocrx_word' id='word_1_442' title='bbox 642 4692 703 4751; x_wconf 73' lang='grc' dir='ltr'><strong>Εος</strong></span> <span class='ocrx_word' id='word_1_443' title='bbox 721 4692 786 4742; x_wconf 89' lang='lat' dir='ltr'><strong>item</strong></span> <span class='ocrx_word' id='word_1_444' title='bbox 801 4704 828 4740; x_wconf 82' lang='lat' dir='ltr'><strong>v.</strong></span> <span class='ocrx_word' id='word_1_445' title='bbox 846 4691 886 4741; x_wconf 88' lang='grc'><strong>48.</strong></span> <span class='ocrx_word' id='word_1_446' title='bbox 900 4715 932 4727; x_wconf 90' lang='lat'><strong>-—</strong></span> <span class='ocrx_word' id='word_1_447' title='bbox 949 4690 989 4740; x_wconf 83' lang='grc'><strong>44.</strong></span> <span class='ocrx_word' id='word_1_448' title='bbox 1005 4687 1113 4753; x_wconf 76' lang='lat' dir='ltr'><strong>populas</strong></span> <span class='ocrx_word' id='word_1_449' title='bbox 1128 4687 1168 4753; x_wconf 80' lang='lat' dir='ltr'><strong>a]</strong></span> <span class='ocrx_word' id='word_1_450' title='bbox 1187 4700 1236 4750; x_wconf 73' lang='lat' dir='ltr'><strong>pr.</strong></span> <span class='ocrx_word' id='word_1_451' title='bbox 1255 4688 1316 4737; x_wconf 87' lang='grc' dir='ltr'><strong>Τ-</strong></span> <span class='ocrx_word' id='word_1_452' title='bbox 1336 4687 1376 4738; x_wconf 85' lang='grc'><strong>48.</strong></span> <span class='ocrx_word' id='word_1_453' title='bbox 1395 4685 1479 4750; x_wconf 75' lang='lat' dir='ltr'><strong>deligit</strong></span> <span class='ocrx_word' id='word_1_454' title='bbox 1494 4690 1517 4737; x_wconf 83' lang='lat' dir='ltr'><strong>tc</strong></span> <span class='ocrx_word' id='word_1_455' title='bbox 1533 4697 1619 4736; x_wconf 73' lang='lat' dir='ltr'><strong>conco</strong></span> 
     </span>
     <span class='ocr_line' id='line_1_43' title="bbox 293 4761 1620 4831; baseline -0.008 -10"><span class='ocrx_word' id='word_1_456' title='bbox 293 4767 389 4822; x_wconf 85' lang='lat' dir='ltr'><strong>mediis</strong></span> <span class='ocrx_word' id='word_1_457' title='bbox 405 4771 511 4823; x_wconf 88' lang='lat' dir='ltr'><strong>omissis</strong></span> <span class='ocrx_word' id='word_1_458' title='bbox 527 4771 547 4821; x_wconf 84' lang='grc' dir='ltr'><strong>Τ</strong></span> <span class='ocrx_word' id='word_1_459' title='bbox 565 4795 593 4808; x_wconf 88' lang='grc'>-</span> <span class='ocrx_word' id='word_1_460' title='bbox 612 4769 651 4819; x_wconf 89' lang='grc'><strong>49.</strong></span> <span class='ocrx_word' id='word_1_461' title='bbox 668 4767 742 4831; x_wconf 69' lang='lat' dir='ltr'><strong>facte</strong></span> <span class='ocrx_word' id='word_1_462' title='bbox 757 4777 811 4816; x_wconf 94' lang='lat' dir='ltr'><strong>om.</strong></span> <span class='ocrx_word' id='word_1_463' title='bbox 828 4764 848 4815; x_wconf 92' lang='lat'>0</span> <span class='ocrx_word' id='word_1_464' title='bbox 865 4777 956 4815; x_wconf 86' lang='lat' dir='ltr'><strong>errore</strong></span> <span class='ocrx_word' id='word_1_465' title='bbox 974 4769 1078 4829; x_wconf 75' lang='lat' dir='ltr'><strong>typogr.</strong></span> <span class='ocrx_word' id='word_1_466' title='bbox 1095 4790 1122 4800; x_wconf 97' lang='lat'><em>-</em></span> <span class='ocrx_word' id='word_1_467' title='bbox 1141 4762 1237 4828; x_wconf 76' lang='lat' dir='ltr'><strong>comm]</strong></span> <span class='ocrx_word' id='word_1_468' title='bbox 1252 4763 1336 4826; x_wconf 72' lang='lat' dir='ltr'><strong>{oum</strong></span> <span class='ocrx_word' id='word_1_469' title='bbox 1352 4763 1373 4812; x_wconf 87' lang='lat' dir='ltr'>E</span> <span class='ocrx_word' id='word_1_470' title='bbox 1391 4787 1420 4798; x_wconf 92' lang='lat'><strong>-·</strong></span> <span class='ocrx_word' id='word_1_471' title='bbox 1437 4761 1479 4811; x_wconf 91' lang='grc'><strong>41.</strong></span> <span class='ocrx_word' id='word_1_472' title='bbox 1497 4773 1569 4810; x_wconf 79' lang='lat' dir='ltr'><strong>nono</strong></span> <span class='ocrx_word' id='word_1_473' title='bbox 1584 4765 1620 4810; x_wconf 82' lang='lat' dir='ltr'><strong>est</strong></span> 
     </span>
     <span class='ocr_line' id='line_1_44' title="bbox 293 4833 1617 4910; baseline -0.01 -13"><span class='ocrx_word' id='word_1_474' title='bbox 293 4843 386 4897; x_wconf 75' lang='lat' dir='ltr'><strong>doum</strong></span> <span class='ocrx_word' id='word_1_475' title='bbox 401 4846 490 4910; x_wconf 64' lang='grc' dir='ltr'><strong>ὤμω</strong></span> <span class='ocrx_word' id='word_1_476' title='bbox 505 4845 567 4895; x_wconf 87' lang='lat' dir='ltr'><strong>TE:</strong></span> <span class='ocrx_word' id='word_1_477' title='bbox 594 4843 686 4894; x_wconf 74' lang='lat' dir='ltr'><strong>houm</strong></span> <span class='ocrx_word' id='word_1_478' title='bbox 700 4841 790 4906; x_wconf 57' lang='lat' dir='ltr'><strong>&amp;guas</strong></span> <span class='ocrx_word' id='word_1_479' title='bbox 805 4844 926 4891; x_wconf 73' lang='lat' dir='ltr'><strong>cattum</strong></span> <span class='ocrx_word' id='word_1_480' title='bbox 943 4839 963 4890; x_wconf 92' lang='lat'>0</span> <span class='ocrx_word' id='word_1_481' title='bbox 981 4864 1009 4873; x_wconf 93' lang='lat'><em>-</em></span> <span class='ocrx_word' id='word_1_482' title='bbox 1027 4839 1068 4887; x_wconf 87' lang='grc'><strong>44.</strong></span> <span class='ocrx_word' id='word_1_483' title='bbox 1088 4836 1183 4887; x_wconf 80' lang='lat' dir='ltr'><strong>obttruts</strong></span> <span class='ocrx_word' id='word_1_484' title='bbox 1199 4837 1220 4888; x_wconf 87' lang='lat' dir='ltr'>E</span> <span class='ocrx_word' id='word_1_485' title='bbox 1239 4863 1267 4875; x_wconf 91' lang='lat'>-</span> <span class='ocrx_word' id='word_1_486' title='bbox 1285 4836 1511 4889; x_wconf 80' lang='lat' dir='ltr'><strong>ordtoutisatmtsT</strong></span> <span class='ocrx_word' id='word_1_487' title='bbox 1530 4861 1555 4873; x_wconf 95' lang='lat'>-</span> <span class='ocrx_word' id='word_1_488' title='bbox 1575 4833 1617 4885; x_wconf 83' lang='grc'><strong>44.</strong></span> 
     </span>
     <span class='ocr_line' id='line_1_45' title="bbox 294 4909 1617 4985; baseline -0.011 -13"><span class='ocrx_word' id='word_1_489' title='bbox 294 4919 358 4985; x_wconf 71' lang='lat' dir='ltr'><strong>aaa]</strong></span> <span class='ocrx_word' id='word_1_490' title='bbox 375 4920 503 4971; x_wconf 71' lang='lat' dir='ltr'><strong>cuut-</strong></span> <span class='ocrx_word' id='word_1_491' title='bbox 520 4919 595 4983; x_wconf 65' lang='lat' dir='ltr'><strong>adase</strong></span> <span class='ocrx_word' id='word_1_492' title='bbox 610 4914 776 4968; x_wconf 86' lang='lat' dir='ltr'><strong>Gulielmius:</strong></span> <span class='ocrx_word' id='word_1_493' title='bbox 791 4914 975 4978; x_wconf 62' lang='lat' dir='ltr'><strong>museum</strong></span> <span class='ocrx_word' id='word_1_494' title='bbox 990 4913 1054 4972; x_wconf 84' lang='grc' dir='ltr'><strong>ΤΕ;</strong></span> <span class='ocrx_word' id='word_1_495' title='bbox 1072 4910 1332 4976; x_wconf 63' lang='grc' dir='ltr'><strong>ραιαῠῑιῐυίεωο-</strong></span> <span class='ocrx_word' id='word_1_496' title='bbox 1350 4911 1430 4976; x_wconf 71' lang='lat' dir='ltr'><strong>effers]</strong></span> <span class='ocrx_word' id='word_1_497' title='bbox 1447 4909 1617 4972; x_wconf 73' lang='lat' dir='ltr'><strong>esacr-</strong></span> 
     </span>
    </p>
   </div>
   <div class='ocr_carea' id='block_1_6' title="bbox 293 4981 1685 5060">
    <p class='ocr_par' dir='ltr' id='par_1_6' title="bbox 293 4981 1685 5060">
     <span class='ocr_line' id='line_1_46' title="bbox 293 4981 1685 5060; baseline -0.009 -15"><span class='ocrx_word' id='word_1_498' title='bbox 293 4995 335 5045; x_wconf 85' lang='grc'><strong>46.</strong></span> <span class='ocrx_word' id='word_1_499' title='bbox 347 4995 461 5060; x_wconf 58' lang='lat' dir='ltr'><strong>&amp;fossor</strong></span> <span class='ocrx_word' id='word_1_500' title='bbox 475 4992 566 5045; x_wconf 77' lang='lat' dir='ltr'><strong>ultim</strong></span> <span class='ocrx_word' id='word_1_501' title='bbox 582 4991 668 5043; x_wconf 85' lang='lat' dir='ltr'><strong>littera</strong></span> <span class='ocrx_word' id='word_1_502' title='bbox 684 4990 783 5056; x_wconf 90' lang='lat' dir='ltr'><strong>puncto</strong></span> <span class='ocrx_word' id='word_1_503' title='bbox 799 4991 889 5040; x_wconf 86' lang='lat' dir='ltr'><strong>notato</strong></span> <span class='ocrx_word' id='word_1_504' title='bbox 899 4990 934 5049; x_wconf 68' lang='lat' dir='ltr'><strong>T?</strong></span> <span class='ocrx_word' id='word_1_505' title='bbox 953 4987 1076 5052; x_wconf 65' lang='lat' dir='ltr'><strong>delmi</strong></span> <span class='ocrx_word' id='word_1_506' title='bbox 1091 4987 1111 5037; x_wconf 86' lang='lat' dir='ltr'><strong>E</strong></span> <span class='ocrx_word' id='word_1_507' title='bbox 1125 5013 1153 5022; x_wconf 98' lang='lat'>-</span> <span class='ocrx_word' id='word_1_508' title='bbox 1172 4987 1214 5037; x_wconf 86' lang='grc'><strong>44.</strong></span> <span class='ocrx_word' id='word_1_509' title='bbox 1226 4988 1345 5054; x_wconf 69' lang='lat' dir='ltr'><strong>empticus</strong></span> <span class='ocrx_word' id='word_1_510' title='bbox 1354 5011 1392 5024; x_wconf 90' lang='lat'><strong>--</strong></span> <span class='ocrx_word' id='word_1_511' title='bbox 1401 4997 1454 5036; x_wconf 84' lang='lat' dir='ltr'><strong>csse</strong></span> <span class='ocrx_word' id='word_1_512' title='bbox 1469 4981 1551 5034; x_wconf 88' lang='lat' dir='ltr'><strong>hahet</strong></span> <span class='ocrx_word' id='word_1_513' title='bbox 1566 4983 1621 5033; x_wconf 89' lang='lat' dir='ltr'><strong>Pri·</strong></span> <span class='ocrx_word' id='word_1_514' title='bbox 1681 4993 1685 5003; x_wconf 56' lang='lat'>¹</span> 
     </span>
    </p>
   </div>
   <div class='ocr_carea' id='block_1_7' title="bbox 293 5057 1620 5351">
    <p class='ocr_par' dir='ltr' id='par_1_7' title="bbox 293 5057 1620 5351">
     <span class='ocr_line' id='line_1_47' title="bbox 294 5057 1616 5132; baseline -0.01 -14"><span class='ocrx_word' id='word_1_515' title='bbox 294 5066 673 5132; x_wconf 62' lang='lat' dir='ltr'><strong>sessonensium-sa.</strong></span> <span class='ocrx_word' id='word_1_516' title='bbox 692 5062 1178 5126; x_wconf 58' lang='lat' dir='ltr'><strong>mmor-sacramentaria</strong></span> <span class='ocrx_word' id='word_1_517' title='bbox 1198 5085 1226 5098; x_wconf 95' lang='lat'><em>-</em></span> <span class='ocrx_word' id='word_1_518' title='bbox 1245 5057 1616 5114; x_wconf 49' lang='lat' dir='ltr'><strong>assemanum-</strong></span> 
     </span>
     <span class='ocr_line' id='line_1_48' title="bbox 294 5131 1620 5202; baseline -0.011 -9"><span class='ocrx_word' id='word_1_519' title='bbox 294 5141 336 5194; x_wconf 85' lang='grc'><strong>34.</strong></span> <span class='ocrx_word' id='word_1_520' title='bbox 352 5143 658 5196; x_wconf 53' lang='lat' dir='ltr'><strong>Nouem-usseris</strong></span> <span class='ocrx_word' id='word_1_521' title='bbox 673 5138 839 5191; x_wconf 60' lang='grc'><strong>1144441-</strong></span> <span class='ocrx_word' id='word_1_522' title='bbox 863 5138 1089 5190; x_wconf 59' lang='lat' dir='ltr'><strong>aeuum·</strong></span> <span class='ocrx_word' id='word_1_523' title='bbox 1108 5138 1300 5202; x_wconf 64' lang='grc' dir='ltr'><strong>αάνοᾳανσΑΤ</strong></span> <span class='ocrx_word' id='word_1_524' title='bbox 1319 5164 1348 5176; x_wconf 92' lang='lat'><em>-</em></span> <span class='ocrx_word' id='word_1_525' title='bbox 1371 5136 1413 5188; x_wconf 76' lang='grc'><strong>35.</strong></span> <span class='ocrx_word' id='word_1_526' title='bbox 1430 5133 1537 5186; x_wconf 64' lang='lat' dir='ltr'><strong>mutum</strong></span> <span class='ocrx_word' id='word_1_527' title='bbox 1558 5131 1620 5180; x_wconf 77' lang='lat' dir='ltr'><strong>mitt</strong></span> 
     </span>
     <span class='ocr_line' id='line_1_49' title="bbox 293 5205 1620 5351; baseline -0.011 -82"><span class='ocrx_word' id='word_1_528' title='bbox 293 5205 1620 5351; x_wconf 42' lang='lat' dir='ltr'><strong>sszffmg-lcsdmdmhddcddmmmatpmtmld:moratio-</strong></span> 
     </span>
    </p>
   </div>
   <div class='ocr_carea' id='block_1_8' title="bbox 337 5377 1399 5445">
    <p class='ocr_par' dir='ltr' id='par_1_8' title="bbox 337 5377 1399 5445">
     <span class='ocr_line' id='line_1_50' title="bbox 337 5377 1399 5445; baseline 0.007 -7"><span class='ocrx_word' id='word_1_529' title='bbox 337 5386 503 5439; x_wconf 73' lang='lat' dir='ltr'><strong>umoru</strong></span> <span class='ocrx_word' id='word_1_530' title='bbox 1361 5377 1399 5445; x_wconf 86' lang='lat' dir='ltr'><strong>7t</strong></span> 
     </span>
    </p>
   </div>
   <div class='ocr_carea' id='block_1_9' title="bbox 1757 2327 1782 2420">
    <p class='ocr_par' dir='ltr' id='par_1_9' title="bbox 1757 2327 1782 2420">
     <span class='ocr_line' id='line_1_51' title="bbox 1757 2327 1782 2420; baseline 0 0"><span class='ocrx_word' id='word_1_531' title='bbox 1757 2327 1782 2420; x_wconf 69' lang='lat' dir='ltr'><strong>cs</strong></span> 
     </span>
    </p>
   </div>
   <div class='ocr_carea' id='block_1_10' title="bbox 0 0 2010 6148">
    <p class='ocr_par' dir='ltr' id='par_1_10' title="bbox 0 0 2010 6148">
     <span class='ocr_line' id='line_1_52' title="bbox 0 0 2010 6148; baseline 0 0"><span class='ocrx_word' id='word_1_532' title='bbox 0 0 2010 6148; x_wconf 95' lang='lat' dir='ltr'><strong> </strong></span> 
     </span>
    </p>
   </div>
  </div>
 </body>
</html>
