4009 6159
435 2844 464 2940 Q&

700 576 827 644 974
1546 581 1852 647 ORATIO
1898 581 2055 646 PRO
2100 583 2169 648 P.
2213 582 2497 647 SESTIO

701 753 982 818 tissimus
1024 757 1216 835 poeta
1256 771 1372 836 pro
1416 771 1553 826 me:
1611 752 1740 834 egit
1798 750 2175 816 fortissimus
2218 759 2423 827 actor,
2483 771 2613 815 non
2660 752 2865 815 solum
2908 752 3216 834 optimus,
3275 753 3354 816 de

701 866 833 922 me,
878 867 1017 909 cum
1062 864 1286 909 omnes
1327 845 1584 908 ordines
1628 846 2122 921 demonstraret,
2168 853 2477 920 senatum,
2523 846 2771 930 equites
2815 848 3169 922 Romanos,
3213 849 3357 910 uni-

700 960 950 1004 versum
993 939 1301 1022 populum
1347 940 1701 1002 Romanum
1742 949 2102 1003 accusaret:

1125 1033 1469 1096 «Exsulare
1515 1034 1756 1107 sinitis,
1801 1035 1972 1097 sistis
2015 1034 2201 1117 pelli,
2246 1036 2496 1118 pulsum
2540 1035 2891 1119 patimini.»

651 1130 882 1205 sQuae
925 1137 1056 1191 tum
1100 1123 1476 1209 significatio
1521 1127 1713 1191 fuerit
1755 1130 2070 1203 omnium,
2118 1149 2284 1211 quae
2329 1130 2670 1192 declaratio
2707 1130 3049 1195 voluntatis
3093 1131 3172 1194 ab
3216 1133 3359 1193 uni-

698 1241 882 1285 verso
925 1220 1162 1304 populo
1207 1222 1490 1283 Romano
1536 1221 1601 1283 in
1646 1241 1837 1285 causa
1880 1221 2157 1284 bominis
2203 1242 2332 1285 non
2376 1223 2728 1308 popularis,
2790 1224 3090 1307 equidem
3138 1225 3359 1289 audie-

697 1318 876 1391 bam,
922 1316 1284 1378 existimare
1327 1314 1579 1378 facilius
1625 1324 1894 1398 possunt
1937 1318 2049 1399 qui
2094 1315 2451 1381 adfuerunt.

867 1410 1082 1473 LVIlI.
1115 1403 1256 1470 423.
1301 1410 1382 1472 Et
1424 1409 1724 1491 quoniam
1756 1410 1880 1472 huc
1913 1430 2014 1473 me
2056 1413 2347 1493 provexit
2373 1412 2605 1486 oratio,
2648 1411 2873 1475 histrio
2902 1435 3116 1478 casum
3145 1434 3355 1476 meum

696 1507 929 1569 totiens
973 1503 1454 1577 collacrimavit,
1499 1523 1642 1565 cum
1686 1504 1776 1566 ita
1824 1503 2113 1567 dolenter
2156 1516 2371 1588 ageret
2399 1526 2653 1570 causum
2685 1527 2924 1582 meam,
2968 1517 3040 1570 ut
3069 1529 3190 1572 vox
3221 1509 3356 1569 eius

622 1616 676 1661 4ο
695 1600 803 1663 illa
848 1597 1171 1681 praeclara
1214 1596 1490 1660 lacrimis
1534 1597 1980 1679 impediretur:
2041 1618 2252 1682 neque
2298 1606 2561 1683 poetae,
2626 1622 2894 1684 quorum
2943 1622 3061 1683 ego
3106 1622 3358 1684 semper

694 1693 950 1775 ingenia
1009 1690 1238 1765 dilexi,
1301 1691 1569 1772 tempori
1627 1710 1769 1753 meo
1830 1690 2200 1767 defuerunt3
2265 1713 2468 1777 eaque
2529 1695 2803 1776 populus
2862 1698 3180 1758 Romanus
3222 1715 3353 1757 non

695 1786 900 1850 solum
930 1785 1217 1868 ·plausu,
1281 1784 1394 1847 sed
1452 1784 1641 1848 etiam
1701 1786 1939 1866 gemitu
1996 1805 2115 1849 suo
2175 1788 2641 1870 comprobavit:
2697 1796 2907 1851 utrum
2963 1791 3155 1872 igitur
3196 1789 3353 1851 haec

695 1884 1013 1963 Aesopum
1059 1880 1274 1961 potius
1318 1898 1431 1961 pro
1476 1899 1575 1941 me
1620 1888 1728 1942 aut
1759 1880 1993 1942 Attium
2039 1879 2248 1943 dicere
2279 1882 2591 1964 oportuit,
2636 1884 2691 1945 si
2722 1883 3001 1965 populus
3035 1885 3353 1945 Romanus

696 1975 857 2037 liber
899 1982 1091 2047 esset,
1135 1992 1216 2035 an
1261 1972 1584 2054 principes
1630 1973 1945 2036 civitatis?
1994 1973 2383 2036 Nominatim
2428 1996 2567 2037 sum
2612 1977 2965 2059 appellatus
3012 1977 3077 2038 in
3122 1979 3352 2039 Bruto:

622 2087 679 2132 ⁴5
1167 2065 1488 2139 «Tullius,
1535 2066 1647 2149 qui
1693 2067 2044 2129 libertatem
2090 2067 2336 2129 civibus
2382 2068 2823 2132 stabiliverat.»

692 2160 946 2225 Miliens
1005 2168 1363 2224 revocatum
1423 2166 1537 2222 est.
1615 2162 1928 2222 Parumne
1985 2160 2316 2224 videbatur
2373 2163 2647 2245 populus
2692 2165 3012 2226 Romanus
3056 2164 3354 2237 iudicare,

695 2255 759 2318 id
804 2275 841 2317 a
882 2275 984 2318 me
1028 2262 1090 2317 et
1130 2274 1170 2317 a
1213 2261 1435 2316 senatu
1478 2274 1619 2317 esse
1664 2255 2107 2328 constitutum,
2164 2254 2337 2337 quod
2392 2257 2622 2338 perditi
2666 2258 2837 2320 cives
2880 2258 3196 2322 sublatum
3242 2279 3357 2341 per

695 2369 815 2411 nos
877 2347 1419 2412 criminabantur?
1493 2343 1636 2411 424.
1682 2350 2026 2411 Maximum
2085 2368 2235 2412 vero
2294 2350 2516 2431 populi
2558 2352 2826 2413 Romani
2869 2352 3169 2415 iudicium
3213 2354 3355 2415 uni-

695 2442 862 2506 versi
920 2460 1224 2505 consessu
1283 2440 1659 2523 gladiatorio
1706 2441 2092 2505 declaratum
2135 2450 2250 2504 est.
2337 2444 2488 2506 Erat
2531 2445 2696 2507 enim
2745 2465 2974 2508 munus
3020 2446 3354 2528 Scipionis,

619 2536 958 2618 §indignum
1003 2542 1068 2598 et
1109 2555 1188 2598 eo
1231 2536 1374 2618 ipso
1419 2543 1482 2597 et
1522 2535 1632 2599 illo
1680 2535 1757 2612 Q.
1796 2535 2093 2610 Metello,
2138 2536 2239 2599 cui
2284 2536 2569 2599 dabatur.
2637 2537 2706 2599 Id
2754 2546 2961 2601 autem
3007 2540 3353 2623 spectaculi

696 2652 896 2715 genus
939 2637 1105 2706 erat,
1152 2630 1328 2713 quod
1371 2630 1544 2692 omni
1590 2629 1948 2714 frequentia
1990 2638 2181 2712 atque
2226 2630 2399 2692 omni
2445 2649 2675 2711 genere
2716 2632 3045 2697 bominum
3076 2634 3355 2698 celebra-

697 2736 829 2803 tur,
882 2746 1013 2810 quo
1070 2724 1409 2787 multitudo
1470 2725 1740 2787 maxime
1799 2725 2163 2787 delectatur.
2237 2725 2310 2785 In
2369 2724 2537 2788 hunc
2581 2744 2953 2790 consessum
2998 2728 3064 2789 P.
3112 2728 3352 2790 Sestius

694 2822 986 2902 tribpnus
1029 2819 1137 2902 pl„
1183 2838 1326 2880 cum
1371 2826 1588 2899 ageret
1629 2818 1786 2882 nihil
1831 2819 2003 2882 aliud
2050 2819 2117 2881 in
2154 2839 2231 2881 eo
2265 2819 2630 2901 magistratu
2676 2820 2800 2882 nisi
2844 2841 3048 2883 meam
3080 2840 3353 2893 causam,

694 2915 868 2978 venit
926 2923 991 2976 et
1047 2933 1115 2976 se
1172 2912 1413 2996 populo
1458 2911 1668 2986 dedit,
1726 2933 1853 2977 non
1909 2913 2169 2996 plausus
2228 2911 2609 2994 cupiditate,
2678 2912 2788 2977 sed
2832 2923 2903 2977 ut
2943 2914 3067 2997 ipsi
3112 2914 3352 2977 inimici

619 3031 676 3080 25
698 3010 894 3072 nostri
937 3007 1324 3070 voluntatem
1367 3005 1647 3070 universi
1691 3005 1912 3089 populi
1960 3006 2266 3069 viderent.
2342 3007 2567 3079 Venit,
2612 3014 2685 3069 ut
2726 3008 2933 3081 scitis,
2976 3029 3016 3072 a
3058 3009 3353 3072 columna

698 3104 967 3167 Maenia.
1047 3103 1287 3165 Tantus
1344 3108 1440 3163 est
1499 3121 1579 3163 ex
1641 3101 1933 3164 omnibus
1978 3099 2358 3183 spectaculis
2401 3121 2606 3184 usque
2650 3121 2687 3163 a
2733 3102 3083 3185 Capitolio,
3139 3111 3353 3166 tantus

696 3216 775 3259 ex
843 3196 961 3260 sori
1021 3194 1322 3258 cancellis
1380 3195 1642 3277 plausus
1701 3195 2040 3268 excitatus,
2106 3204 2177 3257 ut
2233 3214 2578 3277 numquam
2622 3196 2823 3257 maior
2864 3198 3199 3260 consensio
3244 3204 3355 3259 aut

694 3291 976 3374 apertior
1018 3290 1237 3372 populi
1281 3289 1545 3352 Romani
1591 3290 1869 3352 universi
1917 3287 2115 3351 fuisse
2160 3289 2287 3352 ulla
2329 3289 2394 3351 in
2432 3308 2619 3352 causa
2652 3289 2984 3353 diceretur.
3059 3287 3203 3358 425.
3234 3291 3351 3354 Ubi

696 3393 875 3447 erant
916 3392 1052 3447 tum
1093 3383 1184 3445 illi
1229 3383 1594 3446 contionum
1625 3383 2087 3455 moderatores,
2134 3382 2344 3464 legum
2375 3384 2633 3468 dq-mini,
2678 3385 2907 3447 civium
2940 3387 3351 3469 expulsores?

619 3479 940 3549 analiusne
1000 3485 1096 3542 est
1151 3477 1385 3559 aliquis
1429 3476 1733 3561 improbis
1778 3477 2021 3540 civibus
2065 3477 2403 3559 peculiaris
2447 3477 2757 3572 populus,
2818 3479 2919 3543 cui
2966 3499 3082 3542 nos
3127 3479 3349 3541 offensi

830 3792 879 3840 4.
914 3802 1010 3852 pro
1040 3801 1099 3839 re
1131 3789 1266 3838 coni.
1304 3787 1596 3851 Madvigius
1629 3802 1681 3853 p.
1719 3787 1840 3849 4973
1883 3802 1981 3851 pro
2019 3789 2275 3839 Telamone
2307 3789 2489 3849 (immo
2523 3789 2583 3838 de
2619 3788 2734 3852 Tel.)
2771 3789 2909 3839 coni.
2948 3788 3130 3839 Lamb.
3183 3794 3248 3841 At
3282 3792 3351 3841 ait

697 3867 838 3927 Cic.,
873 3868 933 3915 ut
965 3864 1221 3916 Wesenb.
1259 3878 1310 3928 p.
1343 3865 1407 3915 53
1441 3865 1588 3913 recte
1623 3864 1996 3927 interpretatus
2032 3867 2141 3914 est:
2181 3862 2334 3924 illud,
2373 3863 2518 3928 quod
2552 3866 2708 3928 poeta
2743 3876 2848 3914 non
2883 3865 2943 3913 de
2976 3877 3089 3924 me,
3128 3865 3225 3913 sed
3253 3878 3351 3927 pro
3411 3886 3420 3891 -

699 3956 784 3992 me
818 3941 1038 4003 scripsit,
1077 3942 1226 3989 actor
1258 3940 1328 3989 ita
1361 3939 1478 4002 epit,
1518 3941 1575 3988 ut
1596 3939 1759 3988 etiam
1782 3939 1938 3988 deme
1959 3941 2200 4000 scriptum
2223 3939 2546 3989 videretur.»
2585 3938 2663 3989 Cf.
2691 3940 2851 3989 etiam
2874 3938 3031 3989 Iacob
3067 3953 3120 4002 p.
3146 3941 3259 3990 720.
3291 3966 3344 3980 —

696 4022 875 4067 auctor
908 4018 948 4066 G
986 4043 1042 4052 —
1078 4020 1307 4078 optimus
1339 4015 1378 4063 P
1413 4039 1467 4049 -
1506 4015 1555 4064 2.
1593 4014 1986 4063 demonstrarent
2022 4013 2132 4075 (litt.
2158 4029 2193 4064 n
2216 4017 2337 4064 ante
2372 4020 2391 4064 ι
2425 4014 2707 4079 expuncta)
2743 4015 2781 4063 P
2807 4039 2861 4048 —
2900 4012 2947 4064 4.
2984 4016 3193 4065 anulare
3225 4018 3264 4066 P
3293 4045 3345 4053 —

695 4092 856 4142 sinitis
887 4089 1005 4141 bd:
1042 4090 1303 4140 sinitePG
1332 4114 1386 4124 —
1421 4088 1572 4138 siistis
1604 4090 1700 4138 PG
1725 4113 1779 4123 -
1819 4088 1930 4138 boui
1963 4091 2003 4137 G
2032 4116 2086 4125 —-
2119 4090 2380 4152 patimini
2412 4091 2451 4139 P
2480 4116 2532 4125 --
2573 4090 2619 4139 6.
2644 4087 2912 4138 audiebam
2946 4088 2979 4138 b
3000 4103 3031 4141 c
3067 4090 3149 4155 (cf.
3177 4091 3349 4142 Madv.

698 4181 750 4231 p.
787 4166 930 4230 497):
968 4164 1249 4215 audiebam'
1286 4164 1348 4222 P;
1395 4160 1719 4213 audiebamus
1751 4164 1818 4221 G;
1863 4164 1942 4214 sic
1976 4167 2060 4214 est
2093 4163 2122 4227 g
2156 4164 2221 4215 58
2253 4165 2306 4215 in
2342 4167 2379 4214 P
2413 4165 2637 4213 dicamus
2666 4176 2766 4228 pro
2800 4164 2982 4213 dicam.
3024 4191 3076 4199 —
3117 4166 3164 4215 7.
3202 4168 3356 4215 aesti-

694 4254 842 4291 mare
873 4240 993 4291 cod.
1031 4239 1220 4292 Ursini.
1259 4264 1314 4274 —
1353 4238 1404 4288 8.
1439 4238 1535 4287 huc
1565 4250 1645 4288 me
1678 4239 1801 4288 PG:
1837 4251 1917 4288 me
1947 4238 2042 4289 huc
2075 4237 2171 4290 bo
2209 4266 2263 4275 -
2304 4240 2351 4290 9.
2388 4240 2564 4289 totiens
2596 4242 2662 4290 P:
2702 4240 2843 4289 toties
2874 4239 2975 4290 GO
3003 4267 3056 4277 —-
3094 4241 3356 4290 caulam-u-

696 4317 858 4367 mauu
889 4318 953 4375 P;
987 4314 1394 4365 cunuwrimauit
1418 4315 1461 4362 G
1484 4339 1538 4349 —
1579 4313 1658 4362 40.
1688 4316 1840 4374 poeta
1863 4314 1972 4377 (sic)
1999 4327 2214 4376 quorum
2246 4327 2365 4378 erqo
2398 4327 2590 4378 semper
2620 4315 2823 4378 ingenia
2855 4314 3010 4364 dilexi
3040 4313 3207 4364 babet
3227 4318 3268 4365 A
3294 4342 3347 4352 -

700 4391 778 4441 43.
805 4390 1070 4453 aesophum
1102 4391 1141 4440 P
1169 4417 1222 4426 -
1259 4389 1461 4440 Accitur:
1492 4386 1647 4438 PGO
1676 4414 1731 4423 -
1771 4386 1850 4438 44.
1884 4390 2183 4439 nominatim
2213 4402 2359 4439 sutem
2383 4388 2495 4453 (sic)
2518 4390 2768 4439 --Brnto
2792 4388 3016 4439 habetA
3047 4414 3101 4424 -
3140 4389 3221 4439 46.
3244 4391 3356 4439 mil-

582 4461 587 4472 '
697 4466 821 4516 lim
855 4466 917 4527 P,
951 4465 1110 4516 milies
1142 4466 1211 4525 G,
1256 4464 1434 4514 millies
1465 4464 1506 4513 0
1544 4490 1598 4498 —
1634 4464 1823 4512 Parum
1848 4475 2101 4526 parumne
2133 4467 2173 4512 G
2211 4491 2264 4500 —
2310 4465 2525 4527 populus
2557 4465 2643 4513 Ro.
2683 4461 2996 4514 Lambinus:
3052 4466 3124 4515 .P.
3162 4467 3217 4515 R.
3258 4468 3352 4516 PG

701 4541 796 4605 (sic
826 4541 1054 4605 uterque
1088 4539 1208 4591 cod.
1246 4538 1564 4604 plerumque
1610 4551 1709 4603 per
1749 4551 1938 4589 omnes
1981 4540 2184 4603 casus);
2233 4539 2477 4602 populum
2507 4540 2564 4589 R.
2601 4538 2724 4589 edd.
2760 4541 2887 4590 ante
2918 4540 3254 4591 Lambinum.
3294 4566 3348 4576 —

699 4615 782 4666 48.
816 4614 1100 4665 mammam
1140 4616 1238 4666 PG
1280 4615 1362 4678 (cl.
1399 4613 1657 4665 Wesenb.
1695 4627 1746 4679 p.
1785 4614 1897 4676 67):
1953 4616 2178 4666 maxime
2222 4616 2338 4675 00,
2382 4615 2525 4678 quod
2561 4613 2796 4679 praefert
2828 4615 3166 4667 Hermannus
3200 4629 3253 4681 p.
3291 4616 3348 4665 9:

702 4692 949 4755 «Maqna,
993 4695 1163 4749 tanta,
1210 4691 1443 4740 maoeima
1480 4689 1673 4739 iudicia
1714 4689 1816 4739 dici
1863 4703 2021 4740 nemo
2062 4691 2292 4753 ignorat:
2343 4703 2485 4740 nunc
2516 4692 2697 4740 tamen
2729 4689 2938 4754 pondus
2972 4691 3265 4741 sententiae
3300 4691 3352 4741 in

701 4766 916 4816 :nucem
956 4766 1119 4828 inest,
1157 4767 1302 4831 quod
1347 4766 1542 4816 misere
1585 4763 1889 4828 langueret,
1936 4766 1980 4816 si
2023 4766 2265 4816 iudicium
2297 4778 2512 4830 quoque
2544 4765 2733 4828 insigni
2766 4763 3020 4815 attributo
3055 4764 3351 4826 praeditum

701 4844 869 4902 esset3
905 4842 986 4892 sin
1018 4842 1244 4891 mansione
1275 4839 1492 4903 legeris,
1527 4852 1688 4891 suum
1722 4840 1916 4904 cuique
1949 4840 2161 4905 pondus
2183 4840 2497 4891 constabit.»
2528 4870 2581 4880 -
2617 4842 2837 4892 nemersi
2870 4840 3206 4892 Schuetzius:
3242 4841 3353 4890 uno·-

701 4931 840 4970 verso
861 4916 1041 4976 codd..
1078 4930 1238 4981 quem
1260 4915 1543 4966 lectionem
1567 4914 1806 4967 defendit
1824 4915 2119 4979 Seyffertus
2143 4929 2196 4980 p.
2224 4916 2313 4976 653
2348 4920 2407 4967 at
2426 4930 2477 4966 v.
2505 4917 2637 4967 intra
2660 4930 2711 4966 v.
2737 4917 2801 4967 25
2826 4918 2881 4966 et
2903 4928 2955 4980 p.
2980 4915 3095 4976 976,
3116 4914 3228 4965 4.-
3269 4916 3347 4966 49.

701 4993 1064 5045 consensuPG
1101 5019 1156 5031 —
1193 4989 1639 5042 erat--dabatur
1671 4989 1835 5041 habet
1867 4993 1991 5040 Α-
2030 4990 2433 5041 οηᾶηιωηαεᾼ-
2470 4993 2554 5042 20.
2589 4997 2725 5043 eteo
2757 4995 2823 5042 A:
2862 4997 2993 5042 steo
3026 4993 3082 5052 P,
3118 4996 3275 5041 osteo
3310 4995 3349 5040 G

705 5094 757 5105 -
787 5070 845 5131 Q.
882 5079 991 5117 om.
1018 5069 1060 5116 A
1094 5067 1262 5127 recte,
1300 5068 1360 5115 ut
1392 5067 1577 5116 censet
1607 5065 1781 5117 Madv.
1809 5078 1861 5129 p.
1888 5065 2004 5117 498.
2036 5089 2092 5102 —
2131 5067 2249 5128 quoi
2282 5062 2397 5118 PG¹
2435 5093 2489 5103 —
2527 5067 2609 5118 22.
2644 5080 2932 5117 consensum
2967 5070 3056 5119 M.
3092 5069 3147 5118 P.
3181 5069 3353 5119 sestius

705 5145 798 5194 PG
834 5140 949 5206 (sed
982 5141 1035 5191 in
1066 5142 1107 5191 P
1138 5143 1323 5193 vetere
1356 5152 1519 5191 manu
1550 5153 1829 5191 comm
1862 5152 2024 5202 corr„
2059 5142 2111 5190 in
2147 5142 2189 5190 G
2221 5142 2292 5192 Μ.
2330 5143 2578 5206 punctata
2613 5142 2711 5205 est)
2748 5170 2802 5178 —
2839 5142 2922 5193 24.
2957 5144 3091 5193 venit
3121 5148 3167 5193 et
3198 5156 3249 5193 se
3281 5144 3346 5192 P:

701 5219 931 5283 epitom
961 5218 1004 5267 G
1039 5239 1095 5252 —
1131 5216 1215 5267 25.
1248 5216 1388 5267 uenit
1417 5216 2041 5280 adfflcolmnnammenia
2072 5216 2235 5267 habet
2266 5221 2310 5269 A
2343 5244 2398 5255 ·-
2435 5232 2471 5268 a
2501 5218 2735 5269 columma
2764 5218 2971 5269 Maenia
3004 5219 3126 5267 PG:
3162 5217 3232 5266 ad
3261 5230 3350 5266 co-

701 5297 927 5347 sumam
944 5292 1200 5348 Maeniam
1219 5293 1254 5343 S
1271 5292 1330 5344 Ο.
1369 5291 1446 5345 Cf.
1471 5290 1649 5344 Iacob.
1676 5304 1729 5358 p.
1751 5291 1838 5342 724
1870 5295 1926 5344 et
1946 5293 2133 5346 Herm.
2154 5306 2208 5358 p.
2230 5295 2312 5345 44.
2337 5319 2388 5332 -
2418 5294 2501 5345 27.
2526 5290 2841 5346 consessio?
2859 5317 2914 5331 —
2941 5290 3022 5343 30.
3046 5291 3269 5355 ἄορνοὸίε
3289 5292 3345 5342 Ρ.
