4009 6159
385 573 448 641 806
751 570 756 584 “
800 572 954 641 ORATIO
975 575 1056 641 rtto
1076 574 1113 639 l..
1134 571 1291 640 FLACCO

386 768 469 834 quae
488 764 592 830 usque
613 743 735 809 adhoc
755 751 881 828 tempus
900 744 1090 819 honoribus,
1112 744 1273 826 imperiis,
1300 763 1405 807 rerum
1426 750 1585 828 gestarum
1613 744 1716 828 gloria

386 844 569 906 continuata
589 838 781 923 permansit,
803 858 938 921 cumque
959 838 999 902 ab
1021 838 1081 901 hac
1102 837 1235 921 perenni
1257 845 1497 923 contestataque
1510 838 1627 903 virtute
1648 860 1716 905 ma·

385 936 490 999 iorum
517 951 582 997 non
608 932 704 996 modo
725 952 789 995 non
811 930 1053 1015 degeneraverit
1072 933 1108 995 L.
1130 932 1279 1009 Flaccus,
1309 932 1382 1008 sed,
1412 933 1445 995 id
1467 931 1555 1017 quod
1576 934 1715 998 maxime

384 1030 499 1093 llorere
526 1026 560 1091 in
585 1024 711 1111 generis
738 1026 789 1089 sni
811 1025 913 1108 gloria
933 1026 1070 1101 viderat,
1101 1025 1229 1090 laudem
1250 1026 1370 1110 patriae
1388 1025 1422 1089 in
1443 1025 1621 1091 libertatem
1643 1027 1716 1091 rin-

361 1120 540 1186 edicandae
561 1126 688 1205 praetor
708 1118 877 1185 adamarit:
901 1119 935 1182 in
956 1118 1018 1183 hoc
1039 1138 1098 1202 ego
1120 1139 1175 1184 reo
1198 1139 1239 1184 ne
1261 1119 1348 1203 qnod
1369 1120 1583 1203 perniciosum
1606 1140 1714 1185 exem-

385 1215 474 1301 plum
492 1214 660 1299 prodatur,
682 1214 920 1298 pertimescam,
942 1213 976 1277 in
990 1233 1070 1297 qno,
1093 1213 1188 1277 etiam
1205 1213 1233 1276 si
1247 1212 1325 1297 quid
1339 1220 1492 1288 errasset,
1513 1234 1624 1279 omnes
1636 1214 1714 1279 boni

385 1308 597 1375 conivendum
625 1327 696 1371 esse
726 1307 975 1371 arbitrarentur?
1018 1303 1071 1369 26.
1093 1306 1189 1383 Quod
1211 1307 1341 1393 quidem
1362 1326 1422 1391 ego
1443 1326 1510 1371 non
1532 1307 1628 1373 modo
1648 1329 1714 1373 non

385 1402 525 1489 postello,
548 1400 606 1467 sed
627 1408 752 1477 contra,
774 1400 911 1477 iudices,
932 1420 990 1466 vos
1013 1421 1070 1465 oro
1090 1408 1123 1465 et
1136 1400 1291 1476 obtestor,
1314 1410 1350 1465 ut
1363 1408 1461 1467 totam
1475 1421 1603 1466 causam
1617 1420 1714 1486 quam

386 1498 524 1562 maxime
537 1497 666 1561 intentis
681 1496 794 1570 oeulis,
815 1502 852 1559 ut
864 1496 966 1570 aiunt,
987 1495 1139 1559 acerrime
1153 1495 1423 1579 contemplemini.
1455 1494 1547 1559 Nihil·
1557 1494 1714 1578 religione

348 1598 549 1665 totestaturn,
581 1588 662 1653 nihil
690 1589 823 1653 veritate
854 1588 1038 1665 fundatum,
1071 1588 1151 1653 nihil
1173 1589 1284 1654 dolore
1305 1608 1509 1675 expressum,
1541 1596 1714 1674 contraque

386 1685 495 1749 omnia
513 1692 664 1767 corrupta
683 1681 833 1759 libidine,
855 1682 1034 1759 iracundia,
1063 1682 1186 1759 studio,
1207 1684 1324 1767 pretio,
1344 1685 1487 1768 periurio
1508 1682 1714 1767 reperientur.

470 1780 542 1843 ΧΠ.
564 1774 616 1841 27.
636 1776 764 1840 Etenim
789 1778 853 1841 iarn
879 1776 1029 1841 universa
1060 1777 1194 1841 istorum
1222 1778 1348 1860 cognita
1375 1778 1547 1863 cupiditate
1566 1774 1714 1841 accedam

385 1872 426 1937 ed
448 1871 589 1955 singulae
610 1868 758 1955 querelas
781 1871 1080 1955 criminationesque
1095 1870 1296 1936 Graeconrm.
1328 1870 1447 1937 Classis
1468 1871 1598 1935 nomine
1618 1890 1715 1954 pecu·

386 1968 472 2033 niam
493 1965 671 2031 civitatibus
692 1964 878 2048 imperatam
899 1971 1092 2049 queruntur,
1121 1966 1210 2050 quod
1230 1985 1290 2030 nos
1310 1965 1448 2042 lactum,
1475 1966 1614 2042 iudices,
1640 1986 1714 2029 con·

349 2059 520 2127 stlitemur.
553 2058 617 2124 Sed
639 2060 667 2123 si
686 2058 758 2123 lroc
769 2057 888 2122 crimen
910 2065 972 2135 est,
994 2060 1106 2123 autin
1128 2079 1168 2125 eo
1184 2067 1250 2136 est,
1273 2060 1361 2145 qnod
1381 2080 1447 2127 non
1467 2060 1593 2127 licuerit
1613 2060 1715 2144 impe·

295 2158 300 2169 '
386 2175 472 2231 rere,
494 2161 549 2219 ant
569 2152 604 2217 in
625 2173 681 2228 eo,
705 2153 794 2237 quod
815 2171 881 2216 non
903 2172 983 2237 opus
1005 2153 1102 2218 luerit
1122 2154 1275 2229 navibus,
1303 2155 1412 2219 autin
1435 2174 1491 2232 eo,
1516 2154 1606 2240 quod
1626 2154 1715 2219 nulla

384 2248 446 2313 hoe
466 2253 612 2332 praetore
634 2247 746 2327 clcsqis
767 2247 932 2330 navigarit.
966 2248 1109 2313 Licuisse
1121 2255 1159 2313 ut
1179 2248 1356 2331 intelligas,
1377 2268 1552 2333 cognosce,
1572 2248 1649 2333 quid
1663 2268 1714 2313 me

386 2342 518 2407 consule
545 2347 674 2407 senatus
700 2342 892 2417 decreverit,
923 2362 995 2407 cum
1017 2342 1147 2426 quidem
1168 2342 1250 2407 nihil
1271 2362 1291 2406 a
1312 2344 1528 2427 superioribus
1549 2344 1714 2409 continuo·

384 2456 456 2500 rum
476 2428 631 2500 annorum
646 2434 783 2501 decretis
799 2434 979 2501 decesserit.
1002 2436 1143 2501 Seuerus
1161 2456 1354 2503 correvum.
1375 2438 1559 2503 Proximum
1572 2444 1623 2503 est
1636 2457 1714 2521 ergo

348 2539 438 2606 aeut,
460 2549 541 2614 opus
561 2528 656 2594 luerit
676 2530 777 2595 classe
799 2550 915 2607 necne,
945 2550 1145 2615 quaeramus.
1185 2532 1296 2596 Utrum
1317 2532 1414 2614 igitur
1433 2532 1496 2597 lroc
1517 2532 1629 2598 Graeci
1651 2542 1714 2599 sta-

251 2639 257 2668 *
384 2630 477 2707 tuent
496 2631 552 2688 aut
572 2623 657 2687 ullae
680 2632 809 2688 exterae
831 2624 993 2699 nationes,
1017 2643 1057 2688 en
1075 2625 1173 2689 vestri
1187 2633 1361 2709 praetores,
1383 2625 1481 2690 vestri
1495 2625 1603 2703 duces,
1616 2628 1713 2693 vestri

246 2702 263 2734 ”
383 2698 617 2804 imperatores?
648 2718 808 2802 Equidem
830 2718 996 2792 existimo,
1019 2719 1052 2781 in
1074 2720 1142 2783 eius
1164 2719 1250 2783 modi
1270 2720 1400 2802 regione
1421 2727 1518 2805 atque
1539 2723 1714 2804 provincia,

384 2834 467 2899 quae
487 2812 567 2877 mari
589 2812 708 2888 cincta,
736 2811 884 2896 portibus
907 2810 1074 2888 distincta,
1102 2813 1216 2877 insulis
1238 2813 1431 2879 circumdata
1452 2821 1553 2890 esset,
1574 2834 1642 2881 uon
1661 2836 1714 2881 so·

383 2908 450 2973 lum
482 2906 650 2990 praesidii,
682 2906 740 2971 sed
776 2906 871 2971 etiam
903 2906 1038 2973 ornandi
1070 2907 1193 2992 imperii
1229 2927 1325 2973 eausa
1359 2907 1572 2991 navigandum
1603 2910 1713 2975 luisse.

346 3000 437 3067 sae.
458 3001 544 3065 llaec
573 3000 660 3065 enim
687 3001 768 3067 ratio
789 3021 827 3066 ac
849 3000 1035 3084 magnitudo
1056 3004 1235 3066 animorum
1254 3003 1288 3065 in
1310 3001 1481 3066 maioribus
1502 3004 1620 3068 nostris
1640 3004 1713 3080 luit,

384 3104 430 3173 ut,
453 3116 525 3160 cum
546 3094 581 3159 in
601 3095 731 3179 priuatis
749 3096 844 3161 rebus
859 3096 990 3180 suisque
1005 3096 1193 3179 sumptibus,
1208 3096 1339 3159 minimo
1354 3098 1510 3172 contenti,
1525 3098 1712 3163 tenuissimo

383 3190 471 3255 cultu
491 3190 650 3263 viverent,
678 3189 713 3255 in
739 3191 873 3273 imperio
894 3196 990 3273 atque
1011 3191 1046 3255 in
1068 3190 1197 3274 publica
1217 3190 1371 3273 dignitate
1392 3192 1498 3255 omnia
1517 3191 1558 3256 ad
1581 3193 1713 3277 gloriam

383 3284 649 3369 splendoremque
671 3290 866 3349 recocarent.
900 3284 1072 3359 Quaeritur
1092 3285 1177 3348 eninr
1199 3286 1233 3349 in
1252 3303 1289 3347 re
1311 3284 1487 3350 domestica
1499 3287 1712 3351 continentiae

383 3377 471 3451 laus,
492 3376 527 3438 in
549 3374 677 3458 publica
697 3377 867 3460 dignitatis.
902 3376 996 3453 Quod
1015 3379 1044 3441 si
1058 3381 1153 3444 etiam
1169 3378 1319 3462 praesidii
1333 3398 1428 3445 causa
1443 3380 1576 3445 classem
1589 3380 1711 3457 hahuit,

346 3472 457 3555 eequis
479 3470 539 3534 erit
559 3475 623 3533 mm
645 3470 794 3554 iniquus,
817 3472 872 3553 qui
890 3472 1129 3554 reprehendat?
1161 3472 1248 3537 Nulli
1269 3481 1361 3537 erant
1381 3475 1569 3557 praedones.
1602 3476 1710 3553 Quint

383 3563 490 3628 nullos
516 3562 585 3627 iore
616 3565 689 3647 quis
717 3573 878 3647 praestare
904 3569 1051 3649 poterat?
1088 3567 1222 3642 llinuis,
1249 3568 1369 3651 inquit,
1399 3568 1532 3651 gloriam
1556 3571 1711 3655 Pompeii.

384 3655 435 3723 29.
457 3658 557 3721 Immo
579 3664 614 3722 tu
634 3676 732 3742 auges
753 3659 942 3725 molestiam.
977 3659 1036 3724 llle
1051 3662 1137 3725 enim
1151 3661 1268 3727 classes
1283 3662 1496 3746 praedonum,
1519 3664 1623 3739 urbes,
1637 3685 1711 3748 por-

383 3760 452 3827 tus,
473 3752 675 3834 receptacula
696 3753 841 3830 sustulit;
869 3773 980 3837 pacem
1001 3755 1191 3821 maritimam
1211 3777 1334 3821 summa
1353 3758 1470 3821 virtute
1491 3764 1588 3843 atque
1609 3759 1712 3823 incre·

384 3846 476 3910 dilsili
497 3845 658 3915 celeritate
681 3846 837 3913 coniecit:
859 3847 940 3912 illud
962 3870 1038 3913 vero
1060 3869 1166 3934 neque
1187 3852 1328 3935 suscepit
1346 3871 1452 3935 neque
1472 3852 1635 3937 suscipere
1655 3854 1711 3917 de·

346 3941 466 4015 esbuit,
495 3947 549 4015 ut,
579 3940 606 4004 si
635 3960 699 4023 qua
728 3943 854 4026 uspiam
882 3943 1029 4009 navicula
1050 3944 1247 4027 praedonum
1268 3946 1482 4030 apparuisset,
1514 3947 1711 4013 accusandus

383 4034 553 4099 rideretur.
585 4035 697 4119 ltaque
718 4034 788 4119 ipse
810 4037 844 4101 in
865 4038 957 4112 Asia,
978 4059 1049 4102 cum
1071 4039 1178 4103 omnia
1199 4041 1262 4104 iam
1283 4040 1367 4105 bella
1380 4048 1464 4106 terra
1477 4043 1621 4128 marique
1636 4063 1711 4108 con·

383 4127 527 4203 iecisset,
556 4127 690 4195 classem
717 4137 822 4193 mmen
852 4131 954 4195 isdem
975 4131 1045 4196 istis
1067 4131 1246 4197 civitatibus
1267 4134 1441 4224 imperarit.
1481 4135 1574 4212 Quod
1595 4138 1623 4201 si
1643 4145 1711 4202 tum

384 4222 494 4286 statuit
522 4242 604 4306 opus
634 4242 720 4299 esse,
753 4244 824 4287 cum
854 4226 956 4308 ipsius
983 4227 1159 4310 praesentis
1180 4227 1311 4292 nomine
1332 4235 1400 4292 tuta
1420 4228 1528 4294 omnin
1549 4238 1582 4293 et
1601 4239 1712 4316 pacata

384 4333 456 4379 esse
475 4322 639 4398 poterant,
660 4317 752 4401 quid,
775 4338 846 4383 curn
867 4319 923 4383 ille
946 4320 1149 4396 decessisset,
1170 4321 1284 4385 Flacco
1304 4322 1494 4386 existimatis
1508 4324 1712 4390 statuendum

347 4417 418 4475 teet
437 4408 616 4475 faciendum
638 4408 766 4475 finisset
808 4412 895 4477 lllll.
917 4410 969 4478 30.
992 4414 1100 4491 Quint
1122 4434 1182 4479 nos
1201 4415 1256 4479 hic
1277 4435 1383 4481 nonne
1404 4416 1474 4500 ipso
1488 4417 1641 4501 Pompeio
1654 4437 1712 4482 au-

384 4510 470 4568 ctore
493 4502 601 4569 Silano
623 4509 656 4569 et
676 4505 809 4571 Murena
830 4508 1012 4573 consulibus
1034 4508 1248 4585 decrevimus,
1271 4517 1309 4573 ut
1328 4510 1438 4575 classis
1459 4510 1494 4574 in
1515 4511 1607 4577 ltalia
1621 4512 1711 4577 navi-

449 4673 472 4723 t.
491 4672 603 4735 supereo
619 4671 679 4723 cod.
692 4672 718 4723 s.
730 4672 843 4725 Victoris
855 4676 1025 4728 etFeernne:
1043 4677 1143 4740 teperti
1158 4677 1215 4739 ST;
1233 4678 1339 4742 tmperic
1354 4681 1377 4729 A
1390 4705 1418 4715 -
1436 4678 1460 4727 2.
1472 4682 1639 4743 contemtoque
1654 4681 1707 4731 S—

382 4746 407 4797 3.
425 4762 476 4798 coc
490 4749 553 4813 post
567 4748 640 4798 modo
656 4749 741 4799 oms
758 4775 785 4786 -
804 4749 991 4815 degecmocertt
1007 4754 1096 4804 Sl'lz
1114 4753 1272 4818 depenerent
1287 4754 1400 4805 ΗΟ·
1418 4754 1461 4805 sed
1475 4753 1503 4803 td
1518 4755 1585 4818 qaod
1599 4756 1711 4807 nescisne

381 4823 408 4886 pt.
427 4822 455 4872 te
474 4822 572 4885 percis
591 4822 807 4887 nectutem:
829 4826 1604 4894 udqsodquommcctmert.tcpecertsestptortom8;
1626 4832 1711 4884 seete

382 4897 1708 4970 moccense.pmrosotptoecmrsno-t.toocen1elucens-epraeterlrosps-

382 4972 615 5024 odmwedl—
630 4985 691 5037 erqo
707 4975 765 5025 S—
781 4976 1014 5037 mucesce-
1033 4978 1253 5041 suspensos.
1272 4977 1392 5042 crete.
1408 5004 1436 5015 -
1454 4979 1632 5046 ttprcstcre]
1647 4985 1711 5031 tern-

379 5048 563 5113 porepr.s-
583 5048 1368 5116 te.ceceseracs;atcecetsn-et.ecsot(ter1rn-
1385 5053 1557 5118 nemesus
1571 5056 1629 5109 ST:
1645 5070 1710 5120 pcr-

381 5121 610 5175 teourAFLO-
629 5123 754 5190 &dccccl
771 5125 964 5179 &edoctos-
983 5130 1167 5192 rectem
1186 5155 1215 5166 -
1233 5128 1591 5192 commutescat
1607 5132 1710 5183 schue-

382 5198 458 5248 tzlus.
472 5222 500 5234 —
520 5198 580 5261 ecte
596 5198 651 5261 qno
666 5198 747 5251 cattos
761 5201 816 5265 [ore
827 5206 942 5265 preston
958 5205 975 5255 S
992 5204 1066 5269 (quid
1081 5218 1098 5257 a
1113 5217 1195 5259 mauu
1210 5216 1267 5257 sec.
1285 5217 1420 5274 superser.
1439 5205 1500 5271 est.)
1519 5232 1547 5245 -
1565 5205 1607 5259 38.
1623 5208 1711 5259 mesta

382 5272 979 5339 om.S-lt.SvltocoSA-luttctids.
