4009 6159
389 549 472 620 usas
783 555 1034 624 omnorno
1057 558 1313 628 conianolo

389 731 445 788 aut
464 730 585 808 patrem
607 727 689 801 eius,
712 725 739 789 si
761 727 908 803 vixisset,
930 749 996 792 non
1016 728 1113 794 fuisse
1134 729 1297 794 facturum.
1332 732 1412 795 Nam
1434 731 1553 815 Opimii
1575 735 1704 820 quidem

236 817 250 899 ‚l
298 842 313 918 3
388 819 549 884 calamitas
576 819 695 884 utinam
717 841 758 884 ex
785 821 950 886 hominum
972 825 1122 888 memoria
1142 832 1251 908 posset
1272 825 1382 888 evellii
1411 825 1533 890 Vulnus
1555 828 1634 916 illud
1655 831 1702 894 rei

277 914 281 941 ²
386 914 545 996 publicae,
567 913 704 978 dedecus
723 916 820 979 huius
834 917 976 1001 imperii,
999 917 1160 1002 turpitudo
1175 919 1286 1002 populi
1302 920 1450 996 Romani,
1471 941 1537 985 non
1551 922 1702 988 iudicium

386 1007 560 1089 putandum
590 1016 647 1072 est.
693 1009 794 1087 Quam
825 1012 908 1075 enim
938 1013 985 1075 illi
1014 1013 1152 1086 iudices,
1186 1014 1212 1076 si
1241 1012 1361 1075 iudices
1390 1022 1423 1077 et
1443 1035 1507 1078 non
1528 1015 1701 1097 parricidae

359 1101 504 1184 epatriae
525 1101 708 1166 nominandi
726 1110 816 1179 sunt,
838 1106 1013 1188 graviorem
1036 1114 1207 1189 potuerunt
1221 1108 1267 1170 rei
1288 1106 1431 1190 publicae
1449 1109 1593 1192 infligere
1611 1131 1702 1176 secu-

383 1197 459 1271 rim,
484 1215 579 1279 quam
601 1218 672 1261 cum
695 1198 786 1262 illum
807 1220 824 1262 e
847 1200 972 1264 civitate
995 1201 1172 1275 eiecerunt,
1195 1201 1250 1284 qui
1273 1209 1398 1284 praetor
1418 1198 1566 1281 finitimo,
1589 1206 1701 1269 consul

383 1290 557 1355 domestico
586 1291 672 1356 bello
701 1313 767 1357 rem
795 1294 953 1377 publicam
983 1295 1155 1358 liberarat?
1202 1289 1252 1356 7t.
1274 1297 1315 1357 At
1346 1315 1404 1378 ego
1432 1296 1525 1361 nimis
1553 1318 1700 1382 magnum

380 1383 568 1451 beneficium
589 1387 709 1450 Plancii
729 1387 812 1452 facio
835 1396 882 1464 et,
913 1397 949 1452 ut
968 1388 1033 1463 nis,
1060 1387 1093 1450 id
1115 1388 1219 1452 verbis
1241 1407 1418 1472 exaggero:
1440 1391 1532 1473 qnasi
1554 1412 1628 1455 vero
1649 1401 1700 1454 me

380 1486 436 1544 tuo
465 1481 615 1544 arbitratu
643 1488 676 1545 ct
702 1501 766 1544 non
795 1503 866 1547 meo
889 1488 1011 1565 gratum
1032 1502 1102 1546 esse
1124 1488 1274 1565 oporteat
1320 1482 1431 1559 «Quod
1460 1483 1551 1547 istius
1579 1491 1700 1548 mamm

344 1575 566 1639 tomeritumul
588 1575 692 1659 inquit
715 1596 774 1638 can
796 1577 871 1658 quia
892 1585 923 1640 te
945 1596 1010 1640 non
1025 1576 1223 1659 iugulavit‘t»
1248 1577 1347 1640 Immo
1363 1597 1453 1654 vero,
1475 1577 1551 1661 quia
1565 1576 1698 1661 iugulari
1821 1612 1826 1622 ·

379 1689 493 1752 passus
518 1690 583 1734 non
611 1678 669 1734 est
707 1669 780 1745 Quo
806 1669 936 1754 quidem
965 1678 999 1735 tu
1023 1671 1111 1746 loco,
1140 1669 1244 1744 Cassi,
1275 1672 1367 1734 etiam
1389 1671 1531 1755 purgasti
1552 1670 1698 1734 inimicos

378 1785 468 1830 meos
500 1783 652 1847 meaeque
683 1764 766 1828 vitae
796 1763 900 1828 nullas
927 1764 966 1827 ab
996 1763 1059 1828 illis
1080 1764 1212 1828 insidias
1232 1763 1331 1828 fuisse
1353 1764 1469 1830 dixisti.
1508 1762 1618 1827 Posuit
1638 1761 1697 1826 hoc

377 1858 463 1923 idem
483 1857 674 1923 Laterensis.
717 1857 820 1935 Quam
842 1858 883 1920 olr
904 1876 969 1920 rem
991 1858 1086 1942 paulo
1108 1865 1182 1940 post
1203 1857 1242 1921 de
1263 1859 1323 1923 isto
1344 1859 1436 1944 plura
1457 1858 1577 1923 dicam:
1604 1857 1643 1920 de
1665 1865 1696 1921 te

379 1961 498 2018 tantum
519 1953 665 2037 requiro,
694 1961 799 2016 utrum
828 1959 920 2036 putes
942 1950 1049 2014 odium
1071 1951 1104 2014 in
1126 1971 1175 2014 me
1196 1951 1356 2016 mediocre
1377 1953 1576 2017 inimicorum
1596 1951 1695 2016 fuisse

339 2060 418 2107 ts—
440 2047 526 2133 quod
547 2045 609 2110 fuit
629 2045 766 2109 ullorum
787 2065 937 2131 umquam
959 2045 1162 2108 barbarorum
1185 2053 1248 2109 tam
1270 2048 1405 2112 immane
1427 2068 1464 2111 ao
1486 2055 1548 2112 mm
1568 2045 1694 2110 crudele

375 2143 410 2205 in
437 2140 583 2207 hostem?
604 2172 647 2187 -
675 2159 716 2202 an
744 2139 843 2203 fuisse
872 2143 905 2202 in
927 2139 966 2202 iis
988 2139 1127 2224 aliquem
1149 2148 1204 2204 aut
1224 2140 1326 2205 famae
1348 2148 1464 2205 metum
1487 2148 1542 2204 aut
1562 2159 1693 2222 poenae,

375 2254 511 2318 quorum
531 2233 636 2299 vidisti
657 2239 725 2297 toto
746 2232 802 2296 illo
825 2253 906 2297 anno
927 2233 1044 2298 ferrum
1066 2235 1098 2298 in
1120 2233 1204 2311 foro,
1227 2237 1383 2299 flammam
1406 2237 1438 2298 in
1461 2235 1609 2310 delubris,
1631 2235 1693 2298 vim

373 2329 408 2392 iu
428 2336 496 2396 tota
515 2330 593 2394 urbe
614 2328 756 2391 versant
786 2328 848 2390 nisi
869 2327 949 2391 forte
971 2329 1131 2392 existimas
1154 2350 1209 2402 eos
1231 2330 1348 2396 idcirco
1370 2331 1451 2394 ritae
1472 2349 1560 2394 meae
1581 2348 1694 2412 peper-

373 2425 471 2501 cisse,
500 2423 589 2508 quod
616 2423 656 2486 de
682 2424 786 2488 reditu
814 2443 885 2486 meo
905 2424 986 2487 nihil
1008 2424 1163 2488 timerent.
1206 2427 1247 2490 Et
1268 2445 1460 2509 quemquam
1481 2433 1574 2508 putas
1596 2423 1693 2486 fuisse

333 2525 436 2585 aotam
457 2519 641 2596 excordem,
665 2519 720 2603 qni
742 2518 822 2583 rivis
843 2518 895 2582 his
916 2525 1019 2581 stante
1041 2517 1118 2580 urbe
1141 2523 1173 2580 ct
1194 2517 1282 2583 curia
1295 2519 1468 2582 rediturum
1483 2539 1543 2593 me,
1568 2518 1595 2581 si
1609 2518 1693 2580 rive-

371 2633 447 2692 rem,
469 2633 535 2678 non
551 2617 697 2698 putarct‘l
721 2612 824 2690 Quam
845 2614 886 2676 ob
908 2632 974 2675 rem
994 2631 1061 2674 non
1084 2611 1180 2675 debes
1202 2614 1229 2677 is
1250 2613 1346 2676 homo
1369 2618 1401 2676 et
1421 2612 1448 2677 is
1470 2611 1547 2674 civis
1569 2611 1693 2694 praedi·

371 2729 442 2773 care
469 2709 567 2773 vitam
592 2728 710 2784 meam,
739 2727 821 2793 quae
842 2703 991 2770 fidelitate
1014 2704 1188 2769 amicorum
1210 2714 1395 2771 conservata
1418 2705 1472 2781 sit,
1494 2704 1691 2768 inimicorum

371 2802 526 2867 modestia
546 2820 611 2865 non
632 2822 703 2865 csse
725 2802 903 2887 appetitam.

452 2897 555 2960 XXX.
576 2893 628 2961 72.
649 2895 857 2981 Respondebo
880 2894 935 2958 tihi
958 2914 1059 2969 nuuc,
1089 2895 1287 2971 Laterensis,
1316 2896 1419 2959 minus
1441 2895 1574 2959 fortasse
1596 2894 1691 2957 velie·

331 2997 507 3066 ttmcntcr,
529 3010 626 3075 quam
646 2991 702 3056 abs
723 2997 755 3055 te
777 3010 848 3054 sum
869 2997 1073 3072 provocatus,
1096 2989 1153 3053 scd
1174 2989 1315 3074 profecto
1336 3010 1396 3054 ncc
1411 2986 1609 3053 considerate
1632 2988 1690 3051 mi-

367 3106 428 3149 nus
456 3103 515 3149 nec
541 3084 648 3149 minus
674 3085 785 3148 amice.
827 3086 907 3146 Nam
934 3083 1069 3167 primum
1097 3082 1156 3147 fuit
1176 3083 1256 3147 illud
1277 3085 1436 3169 asperius,
1469 3103 1519 3146 me
1542 3101 1625 3166 quac
1650 3081 1689 3145 de

251 3161 266 3266 l
366 3180 493 3244 Plancio
515 3178 653 3243 dicerem
673 3178 800 3243 mentiri
821 3185 854 3241 et
873 3177 1023 3259 temporis
1038 3196 1132 3240 causa
1145 3175 1274 3259 fingere.
1307 3177 1434 3242 Scilicet
1447 3175 1542 3240 homo
1557 3175 1686 3259 sapiens

367 3273 559 3356 excogitari,
588 3292 683 3357 qnam
711 3272 751 3336 cb
779 3292 845 3334 rem
866 3270 991 3334 viderer
1011 3271 1157 3334 maximis
1178 3267 1323 3336 beneficii
1346 3257 1685 3345 vinculis'obstriotns,

367 3387 438 3432 cum
458 3365 539 3430 liber
559 3385 662 3429 casem
683 3372 715 3430 et
732 3366 865 3429 solutus.
899 3363 984 3441 Quid
999 3364 1104 3428 enimi
1126 3364 1204 3427 milri
1219 3364 1259 3427 ad
1275 3364 1509 3430 defendendum
1523 3362 1685 3426 Plancium

329 3473 478 3546 soporum
504 3459 636 3535 multae,
663 3479 773 3544 parum
799 3461 902 3523 iustae
924 3457 1175 3522 necessitudines
1197 3464 1285 3523 erant
1305 3458 1547 3534 familiaritatis,
1575 3457 1687 3522 ricini·

365 3556 455 3630 tatis,
483 3554 586 3638 patris,
604 3554 782 3619 amicitiae?
804 3573 886 3637 quac
907 3552 934 3616 si
955 3572 1020 3615 non
1043 3559 1165 3628 essent,
1187 3573 1332 3629 vererer,
1354 3555 1468 3628 credo,
1489 3575 1531 3616 ne
1553 3554 1687 3636 turpiter

243 3684 258 3732 :t
365 3648 519 3723 facerem,
547 3648 574 3710 si
601 3646 664 3736 lma
686 3647 854 3731 splendore
876 3654 909 3711 et
928 3645 988 3709 hac
1010 3645 1161 3728 dignitate
1182 3644 1343 3724 hominem
1365 3646 1578 3713 defenderem.
1613 3648 1686 3710 Fin-

366 3742 468 3825 genda
488 3741 567 3806 milri
588 3741 650 3805 fuit
662 3743 808 3807 videlicet
830 3735 925 3807 cans‘a
945 3731 1109 3823 peracuta,
1131 3748 1168 3805 ut
1189 3742 1234 3817 ei,
1257 3761 1353 3827 quem
1368 3741 1445 3805 milri
1462 3740 1577 3804 debere
1592 3760 1686 3825 opor-

366 3845 461 3913 teret,
491 3855 549 3919 ego
577 3856 627 3899 mc
657 3837 763 3900 omnia
791 3835 904 3900 debere
926 3834 1075 3899 dicerem.
1110 3835 1151 3898 lt
1173 3834 1206 3899 id
1228 3836 1323 3900 etiam
1346 3835 1480 3921 gregarii
1501 3836 1617 3900 milites
1639 3835 1685 3899 fa-

328 3931 453 3999 asoinnt
472 3929 578 4004 inriti,
605 3936 641 3993 nt
667 3949 814 3996 coronam
835 3929 910 3993 dent
931 3929 1061 3993 civicam
1083 3935 1116 3992 et
1136 3949 1171 3993 se
1193 3929 1232 3992 ab
1254 3930 1362 4014 aliquo
1385 3936 1524 3994 servatos
1541 3950 1617 4006 ¹esse
1637 3929 1684 3992 fa-

364 4031 505 4089 teantur:
527 4043 592 4086 non
615 4043 678 4108 quo
701 4030 792 4108 turpe
813 4024 855 4087 sit
876 4029 1053 4106 protectum
1074 4024 1108 4086 in
1130 4023 1197 4086 acic
1219 4044 1260 4087 ex
1280 4021 1421 4088 hostium
1441 4022 1586 4087 manibus
1605 4023 1683 4106 eripi

364 4151 407 4167 -
426 4138 500 4182 nam
521 4116 555 4183 id
577 4117 718 4182 accidere
739 4117 800 4181 nisi
821 4116 896 4181 forti
917 4117 984 4180 viro
1008 4123 1040 4180 et
1061 4117 1214 4200 pugnanti
1231 4117 1404 4181 comminus
1419 4136 1484 4180 non
1505 4122 1611 4200 potest
1630 4145 1682 4192 -·,

363 4212 418 4276 sed
440 4232 519 4276 onus
539 4210 683 4276 beneficii
704 4210 926 4286 reformidant,
947 4212 1034 4295 quod
1053 4230 1256 4294 permagnum
1278 4217 1326 4275 est
1346 4211 1450 4275 alieno
1467 4210 1582 4275 debere
1598 4209 1682 4274 idem

363 4305 450 4390 qnod
470 4306 603 4391 parenti.
644 4302 696 4369 73.
717 4307 802 4389 Ego,
824 4325 896 4368 cnm
917 4305 1014 4369 ceteri
1033 4324 1107 4369 vera
1128 4301 1295 4380 beneficia,
1318 4305 1413 4370 etiam
1429 4304 1567 4382 minora,
1590 4302 1682 4368 dissi·

423 4662 447 4711 l.
465 4659 606 4722 meurs
624 4682 652 4694 —
670 4657 797 4720 &popul
814 4658 852 4724 u]
871 4659 953 4721 pur
971 4685 998 4695 -
1017 4659 1210 4710 taediumT-
1228 4659 1252 4711 l.
1271 4660 1308 4710 illi
1324 4660 1350 4710 in
1368 4657 1388 4710 E
1405 4659 1615 4726 superscriptum
1628 4662 1678 4713 est.

360 4733 1679 4802 *dioecesem-6.mmutom.T—preeterl-lapillorum-Atecotti·
1759 4779 1761 4782 Α

356 4807 513 4871 misitsed
527 4805 633 4869 amful:
650 4805 853 4858 Atestmutmts
867 4821 912 4872 epo
929 4807 978 4859 EO
996 4835 1025 4844 -
1043 4809 1068 4860 8.
1083 4809 1184 4872 planca
1205 4811 1255 4863 TE
1271 4835 1295 4848 ·-
1316 4811 1356 4862 ra.
1373 4811 1521 4875 perdoceat
1537 4810 1566 4862 dc
1582 4809 1678 4876 (paor)

355 4883 484 4935 lstoTE:
507 4881 849 4945 uuopauupouo-
876 4883 1118 4936 ss.umau0r-
1146 4881 1542 4952 lecticarii-pasch
1569 4885 1679 4937 luutte

355 4956 1675 5024 nur—at.eeecnoecsuauosr-sc.q1ur-23.mcesucrn-aupeeamr—

354 5032 395 5083 26.
412 5031 538 5096 ΜΝ
553 5031 615 5082 TE:
633 5031 757 5094 ittudsutt
772 5032 793 5082 0
811 5056 838 5067 -
857 5032 898 5083 28.
916 5034 1005 5085 otucltc
1022 5037 1042 5088 Ε
1060 5061 1087 5073 -
1106 5035 1211 5088 30-32.
1228 5036 1574 5101 cameracum-amec
1589 5033 1676 5086 om.T

356 5105 1631 5177 -33.mutaserE:petmtut0-c]ear-al.lttc--saucnturhanetn-t¹

354 5181 523 5234 mumu-
547 5181 587 5232 35.
606 5181 789 5233 eudemum:
813 5183 980 5246 nepum&
1002 5185 1051 5236 etot
1070 5185 1225 5238 dotcamdc
1245 5186 1547 5241 suaconlceturao-
1571 5185 1612 5238 37,
1630 5199 1676 5238 ec·

351 5255 1255 5327 cumr-concauur:comtuusse-ae.ocra]usrocr.
1492 5282 1495 5290 ·
