4009 6159
372 561 456 629 tiss
711 563 864 630 ORATIO
890 562 969 628 PRO
993 564 1029 625 T.
1051 560 1176 626 ANNIO
1199 560 1354 626 MILONE

372 735 428 799 ille
449 735 489 798 ad
513 735 570 798 Cn.
592 734 776 818 Pompeium
798 732 1053 798 interficiendum
1075 732 1260 806 collocarat:
1283 738 1407 794 extorta
1429 736 1478 792 est
1492 724 1701 792 eiconlitenti

375 830 439 893 sica
460 830 500 892 de
522 828 684 902 manibus:
707 828 810 891 caruit
830 826 899 890 loro
920 835 1032 910 postea
1051 827 1234 908 Pompeius,
1258 825 1359 887 caruit
1380 832 1501 898 senatu,
1523 822 1623 885 caruit
1643 843 1702 905 pu·

374 923 474 998 blico:
496 923 593 985 ianua
615 941 649 984 se
672 942 709 984 ac
730 921 914 1004 parietibus,
937 941 1002 983 non
1024 921 1093 982 iure
1117 921 1220 1002 legum
1236 918 1488 1001 iudiciorumque
1502 917 1592 980 texit.
1620 918 1702 982 Num

375 1035 457 1099 quae
486 1017 606 1098 rogatio
635 1015 715 1089 lata,
744 1037 820 1079 num
843 1035 924 1098 quae
950 1034 1033 1077 nova
1058 1015 1201 1097 quaestio
1224 1013 1349 1076 decreta
1372 1016 1441 1075 est?
1486 1007 1535 1073 t9.
1556 1010 1666 1095 Atqui(
1676 1011 1704 1074 si

269 1167 286 1197 ,
317 1157 321 1165 ..
352 1115 444 1184 ires,
466 1109 493 1170 si
515 1109 581 1183 uir,
605 1110 632 1172 si
654 1118 778 1192 ternpus
799 1109 901 1172 ullum
916 1093 1149 1262 dignumluitp
1167 1113 1251 1169 certe
1265 1105 1343 1168 baec
1359 1105 1390 1167 in
1407 1105 1462 1168 illa
1476 1125 1569 1170 causa
1584 1126 1707 1169 summa

127 1144 205 1268 ὦ
231 1225 240 1249 .
266 1159 355 1267 ὦ
376 1202 483 1266 omnia
504 1201 650 1266 inerunt:
673 1203 839 1265 insidiator
860 1210 928 1266 erat
948 1204 982 1265 in
1003 1200 1073 1263 loro
1097 1222 1133 1264 co
1148 1201 1269 1263 locatus
1293 1206 1389 1283 atque
1412 1199 1444 1261 in
1461 1200 1619 1264 vestibulo
1635 1202 1706 1283 ipso

376 1303 523 1372 senatus:
556 1296 586 1358 ei
613 1296 680 1358 viro
713 1303 819 1359 autem
848 1317 932 1359 mors
961 1296 1147 1378 parabatur,
1181 1294 1269 1356 cuius
1299 1294 1331 1355 in
1354 1292 1420 1355 vita
1441 1294 1600 1357 nitebatur
1620 1293 1706 1356 salus

378 1390 531 1464 civitatis:
561 1409 600 1452 eo
629 1409 724 1470 porro
753 1391 799 1453 rei
826 1390 972 1473 publicae
995 1381 1155 1472 tempore,
1186 1407 1268 1471 quo,
1297 1387 1323 1450 si
1348 1408 1428 1450 unus
1451 1388 1504 1451 ille
1528 1385 1706 1461 occidisset,

377 1502 443 1546 non
464 1483 543 1546 baec
567 1482 669 1545 solum
693 1483 821 1558 civitas,
844 1485 899 1546 sed
923 1490 1032 1566 gentes
1052 1503 1161 1547 omnes
1184 1482 1415 1545 concidissent:
1437 1482 1498 1544 nisi
1513 1500 1533 1540 v
1570 1499 1607 1553 o,
1631 1481 1706 1563 quia

342 1588 369 1636 10
378 1577 519 1662 perlecta
540 1597 590 1641 res
612 1598 677 1640 non
701 1586 767 1651 est,
796 1597 861 1640 non
883 1576 944 1640 luit
965 1576 1159 1660 poenienda,
1189 1575 1322 1657 proinde
1345 1576 1436 1658 quasi
1465 1499 1705 1648 exidblrerum,

193 1655 213 1745 ’Ξ
276 1719 281 1741 .
378 1691 442 1736 non
463 1669 630 1734 bominum
652 1671 784 1734 consilia
805 1672 928 1753 legibus
949 1670 1160 1758 vindicentur.
1193 1669 1298 1731 Minus
1321 1668 1492 1732 dolendum
1513 1668 1572 1732 luit
1591 1691 1625 1733 re
1640 1688 1705 1732 non

378 1763 533 1848 perlecta,
563 1763 619 1827 sed
649 1764 862 1846 poeniendum
894 1772 979 1827 certe
1008 1763 1109 1825 nihilo
1136 1764 1250 1826 minus.
1293 1759 1345 1824 20.
1368 1762 1523 1837 Quotiens
1546 1784 1605 1846 ego
1627 1764 1704 1848 ipse,

188 1750 214 1780 μ

271 1936 273 1938 Ψ
378 1857 516 1932 iudices,
538 1877 580 1920 ex
601 1861 634 1921 P.
658 1858 760 1922 Clodii
783 1859 854 1921 telis
875 1857 909 1920 'et
931 1879 972 1919 ex
994 1858 1132 1921 cruentis
1152 1857 1222 1919 eius
1238 1856 1381 1918 manibus
1397 1857 1511 1938 effugii
1536 1859 1705 1940 exquibus

228 1917 297 2037 t}
365 1947 405 2036 (si
428 1971 565 2014 menon
588 1952 639 2014 vel
661 1971 732 2015 mea
753 1952 804 2016 vel
825 1951 1038 2036 reipublicae
1059 1951 1184 2037 fortuna
1207 1939 1382 2032 servasset)
1414 1952 1485 2033 quis
1513 1952 1640 2014 tandem
1666 1951 1706 2013 de

177 2045 281 2135 ᾆξ’-
342 2045 509 2108 ttinteritu
531 2064 602 2108 meo
619 2046 838 2128 quaestionem
859 2046 1008 2108 tulisset?
1052 2045 1135 2108 Vlll.
1158 2043 1220 2106 Sed
1242 2043 1330 2106 stulti
1349 2065 1467 2118 sumus,
1490 2045 1544 2128 qui
1560 2047 1706 2118 Drusum,

178 2133 217 2171 “⁴
247 2151 251 2160 ·
378 2141 434 2223 qui
460 2137 661 2214 Africanum,
692 2140 891 2224 Pompeium,
919 2145 1045 2202 nosmet
1073 2139 1159 2222 ipsos
1189 2158 1260 2200 cum
1290 2138 1323 2199 P.
1347 2137 1456 2200 Clodio
1487 2137 1630 2202 conferre
1651 2158 1706 2202 au·

378 2233 519 2296 deamus.
559 2233 750 2296 Tolerabilis
777 2232 906 2298 luerunt
932 2233 1004 2295 illa:
1034 2235 1068 2295 P.
1093 2231 1195 2294 Clodii
1216 2238 1347 2294 mortem
1371 2250 1475 2315 aequo
1498 2233 1602 2295 animo
1624 2231 1707 2296 terre

378 2347 472 2389 nemo
493 2332 609 2408 potest.
643 2326 745 2408 Luget
764 2335 910 2401 senatus,
932 2334 1053 2389 maeret
1074 2333 1224 2408 equester
1237 2326 1335 2399 ordo,
1356 2333 1423 2388 tota
1437 2326 1548 2388 civitas
1564 2325 1706 2390 conlecta

379 2419 469 2483 senio
498 2427 563 2493 est,
594 2419 743 2502 squalent
771 2420 962 2504 municipia,
990 2419 1182 2482 afflictantur
1203 2419 1365 2492 coloniae,
1394 2420 1460 2500 agri
1483 2419 1621 2502 denique
1644 2418 1704 2501 ipsi

342 2519 442 2576 uiam
456 2507 643 2586 beneficum,
659 2521 721 2576 tam
741 2514 921 2588 salutarem,
937 2521 1000 2576 tam
1016 2521 1214 2576 mansuetum
1230 2512 1331 2576 civem
1347 2512 1536 2576 desiderant.
1570 2509 1621 2574 Tl.
1635 2515 1705 2576 Non

377 2607 438 2670 luit
467 2625 504 2688 qa
532 2625 643 2679 causa,
677 2607 811 2681 iudices,
834 2607 992 2690 proiecto,
1016 2627 1081 2670 non
1103 2606 1178 2679 suit,
1214 2626 1269 2668 cur
1291 2606 1350 2668 sibi
1373 2617 1515 2670 censeret
1537 2609 1704 2693 Pompeius

379 2701 596 2784 quaestionem
624 2699 805 2774 terendam,
835 2701 892 2764 sed
920 2700 1015 2764 bomo
1038 2703 1163 2784 sapiens
1186 2709 1281 2783 atque
1304 2701 1368 2763 alta
1390 2709 1429 2762 et·
1443 2702 1546 2764 divina
1568 2702 1704 2785 quadem

379 2888 501 2963 Ionem:
529 2887 563 2950 in
590 2888 750 2953 communi
777 2888 918 2952 omnium
940 2888 1060 2952 laetitia
1083 2889 1109 2950 si
1133 2889 1228 2951 etiam
1249 2889 1319 2970 ipse
1341 2888 1509 2971 gauderet,
1538 2891 1643 2954 timuit
1664 2909 1704 2954 ne

341 2982 541 3048 ”videretur
560 2977 713 3045 infirmior
733 2977 811 3044 fides
833 2982 1054 3045 reconciliatae
1076 2984 1211 3066 gratiae:
1233 2982 1332 3046 multa
1348 2983 1442 3044 etiam
1458 2983 1518 3046 alia
1533 2984 1625 3057 vidit,
1649 2985 1704 3048 sed

377 3073 458 3138 illud
480 3074 635 3149 maxime,
659 3074 802 3157 quamvis
824 3076 971 3138 atrociter
992 3077 1062 3158 ipse
1085 3076 1223 3150 tulisset,
1246 3097 1303 3138 vos
1325 3085 1429 3139 tamen
1448 3077 1571 3142 sortiter
1584 3079 1705 3142 iudica·

377 3174 475 3232 turos.
509 3167 622 3252 Itaque
644 3166 763 3250 delegit
785 3189 826 3231 ex
841 3170 1072 3234 florentissimis
1087 3170 1250 3234 ordinibus
1265 3171 1335 3253 ipsa
1350 3171 1477 3245 lumina,
1500 3192 1605 3254 neque
1619 3192 1704 3247 vero,

379 3262 464 3345 quod
494 3281 560 3324 non
592 3261 671 3324 nulli
705 3262 867 3337 dictitant,
899 3268 1033 3328 secrevit
1061 3266 1094 3328 in
1116 3264 1272 3332 iudicibus
1295 3265 1436 3347 legendis
1458 3267 1576 3328 amicos
1598 3286 1711 3342 meos:

378 3377 485 3440 neque
507 3356 592 3420 enim
613 3356 674 3419 boc
695 3357 846 3439 cogitavit
867 3359 917 3421 vir
938 3358 1148 3433 iustissimus,
1169 3379 1276 3440 neque
1299 3359 1331 3420 in
1353 3358 1446 3421 bonis
1466 3360 1543 3423 viris
1564 3361 1705 3445 legendis

341 3451 410 3514 :oid
432 3450 561 3533 assequi
582 3449 754 3534 potuisset,
777 3451 871 3514 etiam
894 3453 922 3515 si
944 3454 1092 3536 cupisset.
1136 3455 1205 3515 Non
1227 3454 1311 3514 enim
1334 3472 1402 3515 mea
1424 3453 1523 3536 gratia
1544 3454 1705 3518 familiari·

378 3543 493 3607 tatibus
515 3545 712 3618 continetur,
742 3564 825 3627 quae
852 3545 915 3608 late
937 3555 1045 3629 patere
1067 3566 1131 3609 nou
1153 3555 1305 3630 possunt,
1334 3555 1500 3629 propterea
1522 3548 1609 3630 quod
1631 3567 1704 3611 con-

378 3638 563 3702 suetudines
591 3638 691 3700 rictus
722 3658 787 3700 non
809 3649 942 3722 possunt
963 3660 1033 3702 esse
1056 3661 1126 3703 cum
1149 3640 1271 3714 multis;
1300 3640 1355 3702 sed
1378 3642 1404 3702 si
1428 3640 1504 3723 quid
1526 3660 1703 3722 possumus,

378 3753 419 3796 ex
441 3751 480 3795 eo
502 3750 687 3813 possumus,
711 3731 796 3815 quod
819 3752 869 3795 res
893 3734 1022 3815 publica
1044 3754 1101 3797 nos
1117 3734 1283 3797 coniunxit
1302 3754 1373 3796 cum
1394 3733 1503 3796 bouis:
1526 3755 1567 3798 ex
1588 3734 1703 3818 quibus

377 3826 432 3890 ille
462 3846 534 3888 cum
556 3825 693 3908 optimos
718 3827 803 3889 viros
834 3826 952 3909 legeret
974 3827 1072 3911 idque
1094 3829 1230 3892 maxime
1256 3829 1296 3892 ad
1322 3826 1413 3891 iidem
1436 3847 1524 3891 suam
1546 3827 1703 3912 pertinere

339 3919 597 3992 uarhitmretur,
626 3939 691 3982 non
718 3921 823 4000 potuit
848 3920 953 4004 legere
983 3942 1049 3984 non
1078 3922 1331 3986 studiososmei.
1375 3920 1424 3984 44.
1448 3921 1544 3997 Quod
1566 3942 1640 3985 vero
1662 3928 1703 3997 te,

317 4027 320 4030 ’
377 4016 412 4078 L.
435 4014 570 4087 Domiti,
592 4010 667 4075 buic
689 4015 868 4096 quaestioni
890 4036 1038 4099 praeesse
1061 4017 1198 4079 maxime
1212 4015 1332 4089 voluit,
1355 4015 1432 4081 nihil
1448 4014 1604 4098 quaesivit
1617 4014 1703 4078 aliud

377 4110 438 4174 nisi
458 4106 630 4181 iustitiam,
652 4107 852 4188 gravitatem,
876 4110 1121 4184 humanitatem,
1145 4107 1247 4174 fidem.
1281 4109 1368 4171 Tulit
1387 4117 1423 4172 ut
1437 4109 1633 4172 consularem
1648 4128 1705 4172 ne·

378 4223 467 4271 cesse
489 4209 589 4275 esset,
612 4202 725 4277 credo,
747 4204 831 4286 quod
854 4205 1033 4287 principum
1055 4224 1170 4266 munus
1193 4223 1263 4266 esse
1284 4202 1418 4266 ducebat
1439 4203 1585 4266 resistere
1608 4209 1638 4264 et
1658 4201 1703 4264 le-

376 4299 464 4363 vitati
491 4294 703 4359 multitudinis
733 4303 765 4359 et
793 4297 988 4379 perditorum
1011 4297 1189 4361 temeritati.
1222 4297 1271 4359 Ex
1293 4296 1511 4360 consularibus
1534 4305 1564 4360 te
1587 4297 1704 4360 crearit

432 4583 455 4631 4.
472 4578 703 4645 interficiundumlt
717 4604 744 4613 -
763 4583 854 4627 emeris
866 4579 885 4628 T
897 4603 925 4613 -
944 4577 967 4626 ei
983 4578 1046 4628 TE:
1066 4591 1119 4628 om.
1133 4577 1176 4627 80
1190 4603 1214 4613 —
1234 4577 1258 4626 4.
1275 4577 1404 4639 pompeius
1419 4578 1499 4628 TES:
1519 4577 1563 4628 Ca.
1576 4577 1703 4640 Pompeius

376 4659 514 4720 Olerrore
531 4655 645 4720 typogr.)
667 4678 692 4691 -
713 4653 737 4703 6.
755 4653 816 4716 ipso]
834 4654 877 4704 ilio
893 4654 913 4703 Τ
932 4680 959 4690 -
978 4653 1003 4705 8,
1022 4652 1058 4716 eo]
1076 4653 1098 4702 ei
1115 4654 1133 4701 T
1153 4678 1179 4686 -
1199 4653 1323 4702 cecidisset
1340 4653 1359 4702 E
1378 4679 1405 4688 -
1425 4655 1465 4703 40.
1482 4654 1620 4715 poenienda
1637 4654 1703 4716 Pey-

375 4746 471 4785 ronus:
486 4731 636 4794 poenitenda
646 4731 680 4788 T:
695 4729 824 4791 puniendo
841 4729 910 4779 ESO
924 4756 951 4765 -
967 4729 1072 4789 proinde
1084 4727 1163 4776 TES:
1181 4727 1283 4788 perinde
1295 4727 1315 4776 0
1329 4753 1355 4762 -
1376 4728 1415 4776 44.
1428 4729 1590 4789 poeniendum
1601 4730 1702 4791 Peyro-

375 4821 441 4859 nus:
456 4806 623 4869 poeniendum
633 4805 667 4864 E:
683 4805 837 4867 maenius
847 4806 867 4855 T
877 4805 919 4854 80
931 4831 957 4840 -
971 4803 1169 4853 nichilhominus
1180 4803 1199 4850 T
1213 4829 1240 4838 -
1255 4803 1370 4864 Quotiens
1380 4803 1441 4853 TE:
1462 4805 1559 4866 Quoties
1570 4805 1588 4854 E
1603 4830 1629 4839 -
1642 4815 1701 4866 erqo

375 4885 441 4935 T-
464 4880 504 4931 ll.
521 4880 638 4930 edente
654 4880 889 4930 eunomus-
915 4880 954 4929 45.
973 4879 1123 4940 questionem
1141 4877 1189 4928 TE
1207 4902 1233 4910 —
1263 4877 1303 4928 to.
1322 4878 1359 4941 P]
1375 4877 1454 4928 Publii
1471 4879 1490 4928 E
1509 4904 1535 4914 -
1564 4880 1603 4928 il.
1622 4891 1700 4940 oeque

375 4958 460 5010 animo
475 4958 541 5019 serre
557 4969 628 5004 nano
644 4955 678 5004 T:
696 4966 768 5003 neue
784 4965 864 5014 oeque
881 4953 967 5002 auimo
981 4953 1048 5015 ferre
1065 4953 1101 5004 E:
1120 4965 1200 5018 oeque
1216 4953 1300 5001 animo
1316 4965 1387 5016 seme
1402 4953 1470 5016 serre
1486 4955 1527 5005 SO
1537 4981 1563 4990 -
1583 4956 1623 5005 at.
1639 4968 1701 5016 pro-

373 5035 449 5098 fecto,
467 5045 518 5081 ace
532 5030 581 5093 fuit
597 5028 755 5091 Madvigius:
774 5029 886 5091 profecto
901 5042 950 5077 eoo
966 5028 1015 5089 fuit
1032 5028 1051 5075 0
1065 5052 1092 5061 —
1112 5027 1152 5076 44.
1172 5027 1335 5089 quaestiorem
1351 5027 1414 5076 T—
1431 5028 1471 5078 43.
1489 5029 1561 5078 ilium
1576 5028 1621 5078 sibi
1638 5029 1698 5078 TE:

374 5109 420 5161 sibi
435 5108 506 5157 ilium
521 5107 556 5165 03
573 5103 620 5154 sibi
636 5117 690 5155 om.
708 5105 725 5153 S
744 5129 772 5140 -
794 5104 835 5153 27.
853 5117 887 5153 ere
903 5103 985 5152 TES:
1009 5115 1022 5152 e
1039 5103 1058 5153 0
1078 5128 1104 5137 -
1124 5103 1164 5152 48.
1183 5102 1274 5151 amicos
1290 5103 1473 5152 mensuum:
1489 5103 1595 5167 topeodis
1610 5115 1663 5152 om.
1681 5104 1701 5152 T

377 5212 404 5221 -
424 5182 464 5233 34.
479 5186 614 5245 propterea
635 5180 813 5242 quod--cum
831 5178 917 5228 moitis
933 5189 1028 5241 sapere
1046 5175 1169 5228 uidentur
1185 5175 1307 5228 sedulum
1324 5180 1508 5229 annotatorem
1524 5177 1603 5229 Balio
1619 5177 1699 5228 Sciret.

374 5259 497 5322 spese
515 5255 562 5318 ru,
581 5268 608 5320 μ.
627 5254 684 5307 roo.
704 5281 731 5290 -
750 5253 792 5303 ae.
810 5253 881 5303 urna
897 5266 951 5303 om.
970 5253 998 5302 r.
