4009 6159
385 520 468 592 4082
802 528 953 596 ORATIO
975 530 1018 594 ΙΝ
1039 529 1074 596 Ι..
1095 530 1275 598 PISONEM

383 691 435 760 ti.
456 698 527 761 Nou
548 696 662 762 serrem
683 699 812 765 omuino
834 699 983 775 moleste,
1015 701 1043 765 si
1071 701 1116 764 ita
1143 699 1325 776 accidisset,
1359 700 1416 764 sed
1437 699 1471 764 id
1491 705 1596 766 nmen
1617 711 1702 768 esset

381 788 563 856 humanum.
605 792 647 855 Μ.
668 793 851 868 Marcellus,
880 795 936 878 qui
957 802 1005 858 ter
1025 795 1135 858 consul
1156 795 1234 871 init,
1264 815 1387 859 summa
1406 795 1538 871 virtute,
1569 796 1699 880 pietate,

383 883 481 966 gloria
494 884 639 960 militari,
662 887 757 971 pariit
776 887 809 950 in
832 889 925 951 mari:
948 890 1003 973 qui
1025 895 1130 952 minen
1151 889 1191 953 ob
1213 889 1361 952 virtutem
1384 887 1418 952 in
1439 888 1541 972 gloria
1555 898 1587 954 et
1606 891 1702 956 lande

382 978 469 1041 vivit.
511 979 548 1042 ln
568 979 695 1044 fortuna
716 982 853 1066 quadarn
875 983 998 1058 catilla
1019 1002 1121 1059 mors,
1146 1003 1211 1047 nun
1233 983 1267 1046 in
1288 1001 1392 1066 poena
1413 985 1565 1067 putanda.
1610 986 1716 1070 Quae,

210 1111 214 1119 ,
357 1076 431 1134 test
451 1070 547 1154 igitur
567 1077 693 1157 poena?
717 1075 802 1168 qpod
826 1077 1037 1161 supplicium?
1059 1095 1141 1168 quae
1157 1079 1255 1141 saxa‘l
1277 1095 1359 1166 quae
1382 1080 1515 1140 cruces?
1536 1079 1615 1143 Esse
1637 1080 1701 1144 duo

182 3518 207 3627 i

181 3614 243 3669 tt*

381 1165 478 1230 duces
500 1167 533 1229 in
555 1169 725 1252 provinciis
747 1170 855 1253 populi
877 1170 1028 1244 Romani,
1048 1171 1165 1235 babere
1188 1171 1362 1245 exercitus,
1390 1170 1543 1254 appellari
1564 1173 1701 1257 impera-

381 1265 486 1336 tores;
506 1259 620 1326 borum
634 1262 769 1326 alterum
791 1263 837 1326 sic
858 1263 956 1328 fuisse
978 1264 1168 1328 infrenatum
1190 1265 1383 1328 conscientia
1403 1263 1557 1329 scelerum
1573 1274 1605 1330 et
1617 1266 1702 1331 frau-

381 1354 469 1418 dium
494 1375 640 1446 suarum,
671 1364 708 1420 ut
737 1377 778 1420 ex
805 1377 844 1421 ea
869 1360 1047 1440 provincia,
1083 1378 1165 1443 quae
1195 1358 1291 1421 fuerit
1312 1359 1459 1422 omnibus
1480 1378 1545 1422 una
1566 1361 1702 1425 maxime

381 1439 592 1533 triumphalis,
624 1451 744 1515 nullam
771 1453 812 1515 sit
840 1452 880 1515 ad
908 1460 1053 1516 senatum
1081 1452 1219 1516 litteram
1246 1454 1370 1516 mittere
1401 1472 1505 1516 ausus.
1560 1455 1609 1518 Ex
1638 1476 1702 1540 qua

343 1543 543 1628 roprovincia
564 1546 657 1609 modo
678 1543 728 1608 vir
750 1545 835 1608 omni
857 1545 1010 1628 dignitate
1032 1546 1268 1621 ornatissimus,
1295 1547 1330 1609 L.
1347 1548 1549 1630 Torquatus,
1580 1552 1700 1632 magnis

378 1636 472 1700 rebus
494 1638 592 1722 gestis
614 1659 664 1702 me
685 1636 840 1702 referente
862 1639 901 1701 ab
922 1647 1035 1704 senatu
1055 1642 1228 1724 imperator
1248 1647 1298 1704 est
1318 1640 1512 1724 appellatus,
1542 1640 1628 1706 unde
1649 1642 1701 1707 bis

378 1731 488 1815 paucis
508 1733 600 1798 annis
622 1733 677 1796 Cn.
698 1731 899 1808 Dolabellae,
928 1733 962 1796 C.
985 1734 1148 1809 Curionis,
1169 1736 1212 1798 M.
1233 1734 1355 1798 Luculli
1377 1734 1567 1799 iustissimos
1589 1738 1700 1800 trium-

377 1825 459 1907 pbos
481 1825 633 1901 vidimus,
655 1846 696 1889 ex
717 1846 756 1890 ea
776 1835 807 1890 te
827 1829 1017 1910 imperatore
1032 1830 1217 1893 nuntiusad
1234 1836 1378 1894 senatum
1393 1827 1506 1892 allatus
1521 1832 1700 1896 estnullus.

378 1915 430 1982 ie.
451 1921 500 1983 Ab
521 1919 619 1984 altero
641 1920 753 1986 allatae
774 1921 917 1996 litterae,
947 1922 1112 1998 recitatae,
1146 1924 1279 1989 relatum
1307 1921 1348 1986 ad
1377 1929 1531 1987 senatum.
1574 1927 1614 1991 ni
1642 1928 1701 1990 im·

342 2028 370 2078 tt
380 2014 544 2080 mortales!
567 2014 642 2080 idne
664 2035 722 2098 ego
745 2023 903 2098 optarem,
923 2026 960 2080 ut
979 2016 1127 2082 inimicus
1148 2037 1238 2082 meus
1261 2037 1315 2092 ea,
1337 2035 1403 2098 qua
1421 2037 1516 2082 nemo
1538 2040 1699 2105 umquam,

379 2109 551 2192 ignominia
580 2113 768 2174 notaretur?
801 2118 836 2174 ut
863 2118 991 2174 senatus
1013 2112 1057 2186 is,
1089 2111 1200 2194 quiin
1223 2131 1292 2174 eam
1313 2111 1376 2174 iam
1398 2110 1603 2194 benignitatis
1625 2136 1699 2180 con·

379 2202 578 2269 suetudinem
606 2204 710 2280 uenit,
743 2211 780 2268 ut
805 2224 879 2281 eos,
912 2205 968 2289 qui
1001 2205 1084 2268 bene
1113 2224 1179 2268 rem
1207 2204 1366 2288 publicam
1396 2206 1569 2288 gesserint,
1605 2210 1698 2274 noris

377 2297 551 2361 bonoribus
571 2294 688 2361 afficiat
717 2305 750 2364 et
776 2317 907 2362 numero
929 2299 1051 2364 dierum
1080 2307 1112 2364 et
1132 2319 1248 2383 genere
1268 2299 1453 2372 verborum,
1486 2297 1583 2364 buius
1605 2303 1700 2366 unius

378 2391 491 2457 littaris
518 2391 736 2456 nuntiantibus
764 2412 828 2457 non
850 2393 1009 2468 crederet,
1041 2393 1275 2478 postulantibus
1302 2393 1495 2475 denegaret?
1538 2394 1610 2456 XX.
1642 2395 1700 2460 llis

341 2501 438 2569 ioego
459 2486 552 2550 rebus
573 2506 703 2570 pascor,
731 2485 782 2550 bis
811 2486 966 2563 delector,
997 2487 1048 2551 bis
1075 2487 1237 2571 perfruor:
1268 2486 1355 2571 quod
1377 2487 1416 2550 de
1437 2486 1526 2550 vobis
1546 2487 1600 2551 bic
1621 2491 1699 2554 ordo

379 2581 525 2665 opinatur
545 2600 611 2645 non
633 2601 723 2645 secus
745 2601 782 2647 ac
803 2580 843 2644 de
864 2581 1026 2646 acerrimis
1049 2572 1323 2682 hostibus;(qund
1347 2601 1402 2644 vos
1417 2581 1540 2662 equites
1555 2584 1699 2663 Romani,

378 2673 463 2759 quod
479 2675 573 2740 ceteri
588 2675 734 2750 ordines,
757 2674 843 2759 quod
866 2682 979 2738 cuncta
999 2676 1110 2739 civitas
1133 2667 1225 2783 σω
1243 2677 1329 2759 quod
1350 2694 1444 2737 nemo
1465 2675 1583 2752 bonus,
1605 2699 1699 2744 nemo

378 2768 516 2853 denique
546 2768 624 2832 civis
654 2774 716 2844 est,
750 2770 805 2853 qui
834 2769 928 2832 modo
958 2790 991 2832 se
1019 2770 1120 2833 civem
1149 2791 1218 2834 esse
1248 2769 1444 2844 meminerit,
1478 2770 1535 2852 qui
1555 2791 1613 2836 vos
1635 2794 1699 2838 non

378 2863 477 2927 oculis
498 2862 614 2946 fugiat,
643 2864 773 2928 auribus
795 2870 939 2949 respuat,
960 2865 1066 2928 animo
1087 2874 1289 2948 aspernetur,
1318 2863 1535 2929 recordatione
1557 2865 1697 2951 denique

340 2957 448 3041 etipsa
469 2957 649 3024 consulatus
670 2959 766 3022 vestri
786 2957 1015 3043 perhorrescat
1058 2956 1109 3022 46.
1137 2959 1223 3022 Haec
1244 2977 1303 3041 ego
1325 2977 1451 3042 semper
1471 2956 1512 3022 de
1532 2960 1620 3026 vobis
1642 2982 1698 3028 ex·

376 3051 488 3133 petivi,
510 3051 589 3117 baec
611 3053 733 3136 optavi,
765 3052 843 3116 baec
865 3059 1011 3136 precatus
1033 3074 1112 3116 sum.
1166 3053 1260 3116 Plura
1281 3053 1375 3117 etiam
1396 3052 1580 3116 acciderunt
1602 3076 1700 3139 qnam

377 3146 500 3210 vellem.
542 3149 621 3211 Nam
641 3155 679 3211 ut
698 3147 882 3212 amitteretis
905 3148 1094 3224 exercitum,
1115 3167 1289 3231 numquam
1309 3147 1439 3211 hercule
1462 3149 1588 3230 optavi:
1619 3150 1700 3216 illud

377 3240 472 3302 etiam
493 3241 607 3305 accidit
627 3249 752 3328 praeter
773 3250 914 3324 optatum
929 3262 1052 3317 meum,
1074 3243 1129 3306 sed
1145 3242 1237 3305 valde
1252 3261 1292 3336 px
1307 3241 1478 3306 voluntate.
1521 3242 1600 3308 blibi
1615 3247 1700 3309 enim

376 3354 548 3418 numquam
569 3338 691 3400 veniret
711 3335 745 3398 in
759 3342 897 3400 mentem
917 3335 1055 3399 furorem
1071 3343 1103 3399 et
1123 3335 1278 3399 insaniam
1300 3343 1411 3419 optare
1425 3335 1530 3410 vobis,
1552 3337 1585 3400 in
1602 3358 1698 3421 quam

339 3427 540 3492 acincidistis.
571 3431 669 3514 Atqui
682 3428 742 3495 tuit
756 3431 937 3513 optandum.
973 3431 1025 3492 ble
1047 3438 1152 3493 tamen
1173 3428 1297 3512 fugerat
1319 3430 1449 3493 deorum
1470 3430 1695 3495 immortalium

376 3522 433 3610 bas
455 3541 525 3586 esse
545 3523 579 3588 in
600 3524 712 3610 impios
733 3531 766 3588 et
786 3525 1018 3588 consceleratos
1039 3542 1159 3608 poenas
1181 3523 1381 3587 certissimas.
1422 3523 1527 3587 Nolite
1550 3523 1634 3587 enim
1655 3525 1699 3588 ita

387 3701 512 3715 ...οη-...μ-
722 3701 788 3712 u·—

443 3815 468 3864 2.
485 3813 740 3866 Mcmmm--otott
754 3812 873 3865 hebeti
892 3840 919 3850 -
936 3815 1028 3864 obtuta
1044 3826 1098 3864 om.
1117 3812 1195 3864 codd.
1213 3812 1327 3863 Asconii.
1342 3838 1369 3848 -
1388 3811 1413 3863 3.
1428 3813 1496 3876 perit
1512 3812 1558 3864 EF
1576 3815 1603 3864 et
1619 3813 1697 3865 codd.

377 3892 436 3942 dec.
458 3918 485 3928 -
508 3890 536 3941 ic
555 3889 639 3955 plocio
659 3895 682 3940 st
699 3889 772 3940 leude
788 3889 822 3939 V:
849 3889 933 3955 plocio
948 3894 971 3940 ct
987 3888 1061 3939 laude
1076 3890 1111 3948 A;
1137 3887 1216 3953 picris
1232 3888 1305 3938 laude
1321 3887 1351 3938 C.
1378 3887 1416 3940 Cl.
1436 3887 1535 3939 Wund.
1554 3903 1581 3954 p.
1598 3889 1648 3940 LX.
1667 3915 1697 3926 -

376 3965 401 4017 i.
420 3966 534 4018 ilicem
553 3967 615 4018 S·
639 3977 690 4015 coo
708 3977 790 4028 pomo
809 3965 854 4015 is
870 3991 898 4001 -
921 3964 946 4015 3.
965 3976 1016 4014 esso
1032 3965 1093 4014 daos
1109 3963 1145 4022 V;
1166 3965 1285 4014 eccedw
1301 3964 1362 4024 EF3
1382 3964 1556 4015 accedocrs.
1583 3964 1699 4016 Faernus

378 4042 533 4094 nominatim
549 4039 591 4092 ille
608 4039 718 4105 quidem
735 4039 798 4090 dicit
813 4040 840 4089 in
856 4038 878 4089 V
894 4036 944 4102 legi
960 4051 1011 4090 ease
1027 4041 1089 4089 daos
1104 4040 1139 4103 (v.
1159 4037 1201 4091 ed.
1221 4041 1307 4090 Garat.
1326 4052 1352 4104 p.
1371 4037 1442 4103 338),
1460 4038 1509 4090 sed
1526 4052 1559 4089 ex
1576 4042 1698 4091 Garatoni

376 4117 466 4170 adnot.
485 4131 511 4182 p.
529 4116 576 4169 tii
593 4118 682 4167 temen
699 4115 860 4166 contrarium
877 4115 1010 4165 coniicias.
1031 4140 1058 4152 -
1077 4116 1101 4166 7.
1118 4114 1271 4177 terraneam
1287 4116 1325 4164 V:
1341 4115 1498 4179 infirmetur»
1508 4115 1538 4164 C.
1557 4114 1595 4165 ci.
1609 4117 1697 4166 Garat.

376 4191 411 4244 ad
427 4193 454 4242 b.
472 4191 489 4244 l.
509 4219 536 4228 —
554 4192 684 4257 frondium
699 4191 791 4241 EGS:
809 4190 929 4254 paudum
945 4190 1104 4253 Vibilio.
1128 4189 1202 4240 Illam
1219 4189 1346 4251 formam,
1366 4202 1446 4252 quern
1464 4188 1543 4240 codd.
1561 4190 1652 4254 optimi
1663 4191 1698 4242 de

376 4267 424 4319 ΟΠ.
442 4269 488 4330 Ill,
512 4269 527 4333 5
544 4269 575 4318 rs
592 4267 705 4328 habent,
728 4268 869 4330 propterea
885 4262 1072 4331 praetulimus,
1094 4265 1166 4328 quod
1188 4266 1318 4314 incertum
1335 4263 1440 4315 videtur
1456 4277 1519 4315 num
1534 4266 1655 4329 ticum
1670 4269 1698 4319 in

376 4343 504 4394 Vexstet.
518 4370 546 4382 -
563 4343 588 4395 8.
607 4348 635 4393 ut
650 4356 682 4393 eu
697 4355 730 4392 aa
746 4341 793 4392 EF
812 4368 839 4378 -
858 4340 970 4392 omuibus
985 4341 1032 4404 (sc.
1046 4339 1203 4401 ducitaetv:
1220 4351 1254 4388 aa
1270 4338 1381 4388 mesibai
1397 4340 1447 4389 CO
1467 4366 1494 4376 -
1513 4340 1537 4390 a.
1555 4341 1698 4391 cadam-³

375 4418 484 4469 ὶίιισναηι
499 4419 533 4468 V:
550 4417 788 4470 cmm-ditiores
804 4418 839 4478 C;
866 4416 899 4467 ci.
918 4428 960 4479 ep.
979 4416 1014 4465 ad
1034 4416 1105 4466 iem.
1124 4416 1158 4475 il,
1175 4414 1216 4475 ti,
1235 4413 1259 4463 6.
1281 4439 1307 4449 -
1330 4414 1370 4464 tt.
1389 4413 1422 4462 ab
1441 4420 1530 4465 metu
1551 4417 1694 4468 eunucus:

375 4493 462 4544 etseras
477 4492 555 4544 codd.
574 4493 642 4552 noti;
660 4491 745 4542 obtata
759 4493 827 4542 coni.
839 4492 982 4554 Bowyerus
999 4491 1026 4540 in
1043 4491 1138 4540 dissert.
1156 4489 1186 4539 de
1202 4503 1240 4539 or.
1255 4488 1361 4539 Salices
1378 4503 1403 4554 p.
1416 4488 1448 4539 ti
1466 4489 1557 4553 (bend.
1570 4490 1654 4555 itte.)
1667 4518 1694 4528 -

374 4573 410 4619 est
425 4568 461 4619 V:
480 4570 578 4630 om.E;
596 4569 628 4618 sit
644 4568 686 4618 Fe
700 4592 726 4604 -
746 4567 777 4616 tis
793 4568 810 4617 S
824 4592 851 4602 —·
870 4567 910 4617 tt.
928 4571 951 4616 et
967 4579 1000 4616 ac
1016 4566 1078 4617 coli
1092 4593 1119 4604 -
1139 4565 1288 4617 saraam
1303 4566 1338 4615 od
1354 4561 1502 4616 Esolus.-
1522 4567 1563 4617 te.
1580 4567 1638 4618 idos
1652 4581 1697 4632 epo

375 4643 510 4708 optaram?
526 4645 595 4695 coni.
613 4643 742 4694 Garatoni.
762 4669 789 4678 —
813 4646 842 4692 at
857 4654 911 4693 orn.
929 4643 946 4691 S
965 4668 992 4678 -
1012 4641 1051 4692 46.
1070 4642 1193 4692 tamem
1211 4641 1234 4690 V
1252 4666 1280 4676 -
1307 4641 1346 4690 ti.
1364 4646 1491 4705 possem
1507 4645 1528 4692 G
1545 4669 1573 4679 -
1591 4644 1633 4694 ao.
1647 4658 1697 4706 pro

374 4719 871 4772 ambi-nt.occoacertmnV:
891 4715 1697 4777 mammeaertmcoeaeuntmeismcsemes

375 4796 446 4848 rint
461 4798 490 4848 0.
509 4795 548 4848 Ci.
567 4795 582 4859 5
599 4794 639 4846 et.
660 4821 687 4832 -
706 4793 747 4846 ii.
765 4793 936 4844 recordatione
951 4794 976 4842 d.
989 4793 1045 4854 ipso
1062 4792 1155 4842 vbis:
1174 4791 1370 4842 recordationen
1382 4793 1406 4841 d.
1419 4793 1500 4854 ipsam
1515 4792 1606 4853 EFG,
1624 4795 1697 4858 quod

375 4872 492 4940 praefert
513 4873 597 4933 beke,
619 4869 661 4921 cui
683 4865 814 4920 ablativus
834 4869 977 4933 improprie
990 4868 1019 4930 (i)
1038 4865 1122 4918 dictus
1138 4865 1252 4917 videtur.
1272 4893 1301 4904 -
1328 4867 1369 4917 27.
1387 4868 1485 4918 baccata
1500 4868 1536 4917 V:
1562 4869 1697 4921 matercula

377 4948 427 4998 CO
445 4973 473 4984 -
491 4947 531 4998 29.
549 4957 687 5006 conquam
703 4945 739 4993 V:
759 4956 812 4994 om.
831 4944 911 4995 EFM
921 4945 979 5005 PS;
998 4957 1017 4993 a
1032 4943 1091 5006 (pro
1106 4937 1149 5004 iri)
1162 4944 1183 4991 G
1197 4968 1222 4980 -
1241 4948 1344 4993 veneat
1360 4945 1390 5001 S,
1409 4945 1438 4993 ut
1449 4943 1588 4993 Gemtonio
1604 4941 1696 5008 legen-

377 5021 442 5072 dum
458 5019 572 5082 videtur;
590 5019 753 5087 probabilius
774 5021 903 5084 estquod
920 5021 1014 5070 Belius
1031 5017 1066 5068 ad
1082 5019 1136 5070 Cic.
1155 5017 1189 5068 de
1206 5018 1285 5082 legg.
1303 5032 1329 5085 p.
1348 5017 1396 5070 545
1411 5019 1541 5069 coniecit:
1559 5032 1697 5082 mquam

375 5097 441 5150 omit
457 5099 508 5148 cet.
529 5122 556 5132 -
581 5097 622 5148 30.
640 5097 692 5147 Nec
710 5109 751 5146 otc
769 5100 852 5146 taenea
868 5096 935 5146 coni.
953 5096 1032 5146 Bake.
1053 5120 1080 5130 -
1101 5095 1142 5144 34.
1160 5095 1310 5144 contemtos
1324 5094 1361 5144 V:
1383 5095 1533 5146 cordatiores
1552 5097 1697 5146 concitatas

378 5174 437 5226 CO.
460 5172 596 5226 Glossema
612 5171 683 5224 solus
700 5173 816 5223 Faernus
833 5171 945 5231 abiecit,
964 5183 1126 5234 quamquem
1142 5171 1254 5235 apparet
1272 5171 1300 5222 in
1316 5169 1429 5222 lectione
1445 5167 1515 5232 vulg.
1533 5168 1566 5220 ab
1582 5169 1621 5221 dit
1635 5184 1696 5222 σου·

377 5251 476 5308 sumar
491 5247 634 5307 decadum
650 5248 746 5311 luisse,
764 5250 794 5298 ut
810 5249 852 5299 est
866 5260 893 5312 p.
912 5245 968 5311 949,
987 5246 1011 5296 6.
1031 5271 1059 5282 -
1076 5246 1115 5296 its
1130 5247 1166 5295 V:
1185 5259 1239 5298 om.
1258 5246 1319 5298 CO.
