4009 6159
685 567 759 632 ors.
782 567 922 630 rx-x.
949 563 995 648 §a
1019 561 1163 630 ars-ao.
1502 558 1585 624 asoa

261 737 442 804 videretur:
471 739 505 800 in
532 737 750 802 Macedoniam
772 737 812 800 ad
835 737 891 800 Cn.
913 735 1056 819 Pompeii
1085 741 1188 798 castra
1207 733 1311 809 venit,
1336 733 1371 797 in
1393 752 1463 797 eam
1483 734 1586 816 ipsam

261 851 404 906 causam,
426 851 444 893 a
467 851 530 914 qua
551 837 618 894 erat
638 832 776 894 reiectus
799 830 923 894 iniuria.
967 826 1018 892 28.
1042 827 1149 904 Quidi
1172 849 1244 892 cum
1265 829 1325 891 ista
1340 848 1391 890 res
1405 827 1485 892 nihil
1501 847 1586 890 com-

261 926 413 989 movisset
433 925 502 988 eius
525 925 681 998 animum,
712 924 753 987 ad
775 943 869 1007 quem
891 925 1066 996 veneratis,
1097 922 1308 1006 languidiore,
1337 921 1450 996 credo,
1482 919 1586 983 studio

219 1077 222 1083 ,
244 1018 295 1082 'io
325 1037 419 1082 causa
440 1018 564 1094 fuistis;
594 1025 715 1081 tautum
740 1018 834 1081 modo
856 1018 890 1079 in
912 1016 1078 1102 praesidiis
1101 1017 1215 1092 eratis,
1235 1017 1333 1080 animi
1355 1033 1431 1079 vcro
1453 1036 1472 1078 a
1492 1033 1589 1077 causa

261 1111 488 1176 abhorrebant:
511 1132 569 1185 ao,
590 1118 627 1174 ut
647 1111 684 1174 fit
705 1111 738 1174 io
761 1111 908 1174 civilibus
929 1110 1042 1184 bellis,
1064 1143 1106 1158 -
1123 1129 1183 1173 neo
1204 1112 1238 1173 in
1261 1111 1352 1174 vobis
1373 1111 1472 1193 magis
1495 1122 1613 1192 qnams

262 1208 297 1270 iu
324 1205 482 1289 reliquis;
516 1225 626 1270 omnes
655 1205 739 1268 enim
768 1203 913 1268 vincendi
942 1204 1048 1268 studio
1077 1205 1272 1268 tenebamur.
1322 1204 1411 1269 Pacis
1441 1201 1590 1287 equidem

262 1319 389 1383 semper
417 1309 526 1363 auctor
554 1299 620 1374 fui,
643 1298 699 1362 sed
722 1306 788 1362 tum
812 1317 899 1374 sero;
922 1306 990 1362 erat
1012 1299 1095 1362 cuim
1117 1298 1269 1373 amentis,
1291 1319 1361 1361 cum
1383 1297 1484 1361 aciem
1504 1295 1591 1359 vide-

263 1414 332 1468 res,
359 1413 469 1477 pacem
492 1394 639 1476 cogitare.
662 1426 704 1438 —
734 1392 871 1467 Omnes,
904 1393 1053 1478 inquam,
1075 1393 1201 1454 vincere
1222 1391 1422 1467 volebamus,
1451 1397 1486 1455 tu
1506 1396 1591 1453 certe

264 1488 449 1571 praecipue,
482 1487 538 1572 qui
567 1486 600 1550 in
622 1507 696 1550 cum
718 1487 822 1549 locum
845 1503 993 1562 veneras,
1023 1486 1078 1548 uhi
1100 1485 1158 1548 tihi
1180 1492 1264 1549 esset
1284 1485 1499 1568 pereundam,
1527 1483 1590 1547 nisi

264 1582 412 1648 vicissesc
445 1600 654 1666 quamquam,
676 1588 712 1643 ut
733 1600 820 1643 nunc
842 1599 877 1643 se
899 1601 949 1643 res
977 1579 1090 1653 habet,
1120 1599 1185 1642 nou
1207 1579 1317 1642 dubito
1339 1581 1417 1664 quin
1439 1580 1521 1642 haoc
1543 1592 1629 1640 44-44

266 1676 364 1741 14444444
392 1684 570 1759 anteponas
591 1675 638 1738 illi
661 1673 823 1737 victoriae.
867 1675 907 1736 X.
929 1670 981 1736 29.
1002 1673 1089 1736 Haec
1110 1692 1169 1754 ego
1193 1692 1257 1734 uon
1280 1672 1434 1747 dicerem,
1456 1673 1592 1744 Tubero,

266 1770 293 1834 si
325 1777 380 1835 ant
411 1789 467 1834 vos
500 1769 695 1833 constantiae
727 1775 850 1831 vestrae
891 1773 946 1830 aut
974 1767 1139 1829 Caesarem
1166 1763 1311 1830 beneficii
1333 1767 1382 1830 sni
1407 1766 1592 1850 paeniteret.

265 1864 357 1925 Nunc
378 1879 515 1947 quaero,
538 1870 641 1926 utrum
662 1867 782 1925 vestras
804 1860 936 1924 iniurias
966 1880 1007 1922 an
1036 1860 1082 1922 rei
1111 1859 1258 1942 publicae
1280 1861 1526 1944 persequamini.
1559 1858 1592 1920 Si

266 1957 313 2020 rei
334 1956 496 2040 publicae,
519 1956 595 2038 quid
614 1955 654 2019 de
669 1961 774 2019 vestra
795 1954 830 2016 iu
850 1953 905 2018 illa
920 1973 1015 2016 causa
1036 1955 1270 2036 perseverantia
1290 1953 1544 2038 respondebitis?
1566 1950 1593 2014 si

265 2057 400 2126 vostras,
428 2049 532 2114 videte
561 2070 602 2112 ne
631 2049 761 2123 erretis,
792 2048 848 2131 qui
877 2048 1043 2112 Caesarem
1075 2047 1189 2112 vestris
1216 2047 1353 2112 inimicis
1381 2048 1494 2111 iratum
1525 2045 1631 2109 forero

266 2144 398 2227 putetis,
421 2165 493 2207 cum
513 2143 669 2226 ignoverit
691 2143 768 2206 sois.
793 2179 811 2192 -
1167 2157 1170 2162 ’

349 2238 461 2322 ltaque
490 2258 566 2300 num
596 2237 654 2301 tibi
687 2237 796 2300 videor
826 2235 858 2297 io
881 2254 975 2298 causa
997 2235 1115 2318 Ligarii
1137 2256 1207 2300 csse
1228 2238 1425 2320 occupatus?
1455 2255 1533 2298 nom
1554 2234 1594 2298 de

267 2333 336 2396 eius
360 2330 443 2396 facto
471 2331 603 2394 dicere‘i
637 2329 803 2412 Quidquid
835 2328 919 2403 diri,
953 2326 992 2391 ad
1027 2349 1124 2392 unam
1145 2349 1298 2393 summam
1319 2329 1431 2393 referri
1451 2330 1524 2394 volo
1544 2329 1596 2392 vel

267 2425 470 2488 humanitatis
494 2424 544 2488 vel
573 2423 761 2488 clementiae
782 2423 834 2486 vel
860 2422 1105 2486 misericordiae.
1148 2418 1199 2486 30.
1223 2423 1358 2498 Causas,
1387 2422 1519 2497 Caesar,
1546 2423 1596 2505 egi

269 2519 381 2583 multas
410 2518 559 2602 equidem
586 2525 707 2592 tecum,
737 2517 812 2581 dum
841 2523 872 2579 ta
895 2516 927 2578 io
954 2515 1025 2579 foro
1051 2517 1155 2579 tenuit
1173 2518 1253 2580 ratio
1282 2516 1440 2580 honorum
1460 2524 1633 2592 tuomm,so

270 2619 354 2676 certe
376 2631 550 2694 numquam
570 2611 632 2676 hoo
653 2609 765 2674 modo:
791 2610 986 2693 «Ignoscite,
1007 2610 1147 2673 iudices:
1168 2612 1302 2687 enavit,
1323 2611 1432 2694 lapsos
1453 2618 1510 2686 est,
1531 2631 1597 2674 non

270 2705 408 2788 putavit;
427 2705 455 2768 si
470 2725 621 2789 umquam
636 2704 797 2789 posthac.»
821 2703 869 2766 Ad
884 2711 1047 2786 parentam
1062 2704 1108 2766 sic
1121 2703 1174 2787 agi
1187 2704 1279 2779 solet,
1293 2704 1334 2769 ad
1346 2703 1484 2767 iudices:
1509 2707 1597 2768 «Nou

270 2797 354 2875 iecit,
376 2818 442 2862 nou
459 2798 625 2881 cogitavii;
647 2797 719 2862 salsi
740 2805 848 2873 testas,
870 2794 977 2861 lictum
991 2798 1139 2862 odmen.»
1162 2799 1222 2862 llic
1243 2806 1285 2875 te,
1308 2799 1434 2872 Caesar,
1455 2797 1597 2861 deiecto

271 2892 389 2975 Ligarii
408 2893 546 2958 iudicem
569 2913 658 2968 csse;
681 2893 797 2976 quibus
812 2893 845 2955 in
866 2891 1035 2974 praesidiis
1049 2890 1161 2967 luerit,
1181 2912 1317 2975 quaere:
1339 2901 1445 2967 444444,
1466 2911 1507 2955 ne
1519 2892 1598 2956 haec

271 2987 400 3070 quidam
427 2987 560 3069 colligo,
592 3007 675 3071 quae
703 2985 837 3050 fortasse
865 2985 1008 3049 valerent
1038 2986 1134 3050 etiam
1155 2987 1240 3070 apud
1259 2987 1413 3051 iudicem:
1443 2988 1634 3070 «Legatusse

271 3087 344 3144 ante
365 3079 485 3144 bellum
506 3079 687 3163 proiectus,
708 3079 836 3144 relictus
859 3079 893 3142 in
914 3099 1008 3162 paco,
1029 3080 1115 3144 hello
1137 3100 1318 3163 oppresmrs,
1339 3082 1375 3144 in
1389 3101 1430 3144 eo
1446 3081 1518 3166 ipso
1533 3100 1598 3144 oon

270 3173 418 3250 acerbus,
439 3175 503 3238 iam
524 3181 575 3238 cst
597 3180 683 3239 totus
705 3173 812 3240 animo
833 3193 871 3238 ac
893 3175 999 3238 studio
1022 3180 1125 3238 tonan
1156 3175 1206 3238 Ad
1226 3174 1366 3239 iudicem
1388 3174 1446 3249 sic,
1465 3173 1522 3238 sed
1537 3193 1597 3258 ego

339 3539 363 3588 4.
378 3537 478 3600 pompei
495 3537 514 3588 E
532 3562 559 3572 -
579 3537 604 3588 2.
623 3537 713 3588 decisis
730 3537 749 3588 C
769 3564 796 3576 -
815 3539 913 3589 iniuria
929 3539 1032 3591 GE¹Cx
1051 3553 1108 3591 444444
1124 3539 1220 3590 44444444
1236 3541 1305 3592 13¹0.
1330 3538 1370 3591 ci.
1387 3554 1415 3605 p.
1433 3543 1507 3607 atet,
1523 3545 1549 3596 3.
1568 3571 1596 3581 -

273 3615 298 3664 4.
316 3617 344 3664 ut
358 3612 395 3679 fit]
413 3614 477 3663 4444444
495 3613 514 3663 C
534 3636 561 3648 -
581 3613 644 3664 Post
659 3612 742 3664 verba
759 3614 787 3663 444
802 3614 915 3665 4444444444
931 3614 998 3664 baliis
1013 3614 1137 3668 lacunam
1154 3630 1214 3668 csse
1231 3619 1322 3669 statuit
1337 3618 1482 3683 Madvigius
1500 3623 1598 3686 (Opaac.

273 3689 347 3740 acad.
364 3690 389 3751 l,
407 3701 434 3754 p.
453 3688 500 3739 liiii
517 3701 559 3752 sq.
578 3689 613 3750 14,
638 3701 664 3752 p.
683 3689 731 3740 3444
748 3689 815 3753 sq),
842 3689 940 3742 rectius
962 3690 1147 3743 anacoluthiao
1168 3705 1202 3743 ex
1224 3693 1377 3757 parenthesi
1398 3699 1485 3747 0444444
1505 3699 1600 3751 hodos

274 3763 343 3826 il'nr.
361 3764 437 3814 Lecti.
455 3765 491 3826 ll,
513 3777 540 3828 p.
559 3764 608 3815 406
625 3765 679 3828 sq.)
701 3767 729 3814 et
746 3765 775 3816 C.
794 3766 823 3816 Ε.
842 3766 981 3817 Putschios
1002 3767 1131 3832 (44444444.
1146 3767 1234 3830 obiici.
1250 3773 1275 3818 44
1287 3768 1429 3834 4444444449.
1447 3773 1516 3835 lilii,
1538 3787 1598 3840 pag.

273 3837 322 3888 4438
337 3839 399 3902 sq).
420 3865 447 3877 -
465 3853 544 3902 usqae
560 3841 580 3892 C
599 3838 680 3892 solos.
700 3865 727 3876 -
748 3840 772 3890 6.
790 3841 857 3892 4444444
873 3841 940 3891 GE:
964 3854 1020 3892 om.
1038 3843 1096 3893 ct).
1121 3842 1164 3904 (lo
1181 3843 1202 3891 0
1217 3843 1289 3893 totus
1308 3841 1382 3894 locos
1403 3847 1442 3896 sic
1462 3847 1601 3901 (4444444444

274 3913 328 3962 esi:
347 3913 520 3966 abhorrebam.
539 3913 592 3977 Aa,
609 3920 639 3965 444
652 3917 683 3980 tii
697 3916 725 3964 444
740 3915 852 3966 4444444444
868 3915 948 3977 iaie,
966 3929 1012 3966 44444
1026 3917 1055 3965 io
1070 3916 1243 3981 nobismogis,
1261 3919 1501 3985 qaomiaraiiqois,
1519 3937 1602 3976 omnes

272 3987 386 4040 4444444444
400 3990 482 4042 4444444
498 3990 665 4042 mmor?
689 3991 761 4042 Pacis
777 3992 839 4054 cai.)
858 4017 886 4030 -
912 3991 1059 4042 lancinator
1074 3993 1109 4053 C,
1134 3994 1164 4042 nt
1185 3993 1213 4042 in
1235 3992 1255 4042 E
1274 3995 1483 4059 superscriptum
1500 4001 1550 4050 est.
1570 4023 1599 4037 -

274 4064 299 4113 7.
316 4065 359 4115 4444
374 4069 458 4118 4444444
473 4079 529 4117 saro
546 4068 580 4127 C;
605 4067 648 4118 sed
665 4071 718 4116 44444
735 4079 791 4117 saro
807 4071 863 4118 4444
878 4066 1024 4130 Madvigius
1041 4067 1130 4129 0444444.
1142 4067 1218 4117 acad.
1235 4068 1260 4129 1,
1278 4079 1305 4132 p.
1317 4069 1365 4118 iiiii
1378 4081 1405 4118 n.
1420 4097 1447 4107 -
1466 4072 1490 4122 8.
1504 4074 1601 4137 Omnes,

274 4151 369 4202 44444444,
395 4141 500 4204 4444444444
517 4143 537 4193 0
554 4155 588 4193 ex
604 4153 687 4206 prava
704 4143 842 4192 Goerenzii
858 4143 1029 4202 coniectora3
1056 4142 1118 4192 vide
1134 4141 1293 4204 Madvigium
1310 4143 1334 4203 i,
1351 4155 1378 4207 p.
1392 4144 1439 4194 4444
1457 4149 1485 4196 44
1499 4149 1556 4199 bii.
1572 4174 1599 4185 -

275 4211 1061 4278 9.proocipueom.c-omercao1i:ceaeoco-
1084 4216 1273 4282 nbiloiiC-
1296 4216 1600 4279 4444144444444448-

276 4285 316 4335 ii.
334 4285 371 4336 iiii
388 4301 464 4351 qnam
481 4289 571 4342 habere
585 4292 705 4353 4444444444
721 4291 742 4340 si
758 4291 871 4343 4444444444
885 4292 1009 4343 4444444444
1025 4293 1046 4341 G
1065 4318 1092 4328 -
1111 4293 1152 4341 44.
1169 4296 1216 4341 cat
1231 4293 1292 4341 onte
1307 4305 1352 4342 oos
1367 4295 1455 4344 cmc
1474 4321 1502 4331 -
1517 4298 1604 4360 poeai-

276 4364 336 4412 44444
353 4362 432 4416 GEO
451 4391 478 4401 -
499 4365 540 4417 44.
557 4366 646 4418 inilia
663 4367 760 4419 GEC:
786 4368 896 4418 44440
916 4393 944 4404 -
962 4367 1003 4418 47.
1020 4367 1221 4417 oideorGliC:
1242 4366 1341 4429 uidcor,
1359 4367 1536 4419 0444440-
1554 4385 1604 4423 essa

276 4441 410 4498 occupatas
426 4439 524 4490 GEC:
551 4447 686 4504 4444444444
705 4453 755 4493 asae
772 4441 791 4491 0
810 4467 837 4477 -
858 4442 897 4491 49.
915 4441 1102 4494 444444444ναί44
1122 4441 1195 4492 Gli':
1220 4441 1407 4493 misericodiae
1421 4448 1480 4494 44444
1496 4445 1601 4496 13²0-

277 4509 373 4561 0444444
382 4513 454 4564 usi
468 4527 590 4577 4444444444
602 4517 705 4578 poshac
722 4515 799 4566 sileri
810 4513 982 4578 Quintilianus
998 4517 1057 4576 lili,
1075 4516 1100 4577 4,
1115 4517 1154 4567 ii.
1170 4542 1198 4554 -
1214 4516 1256 4566 40.
1273 4521 1298 4566 44
1312 4517 1411 4579 qnidam
1427 4519 1485 4569 GE.
1503 4518 1604 4570 Eadem

277 4585 392 4640 varietas
409 4589 451 4642 esi
466 4602 493 4655 p.
505 4591 578 4652 4484,
588 4591 629 4642 ib.
644 4592 717 4653 4494,
729 4592 771 4644 2⁰.
784 4589 940 4650 4444444.-
954 4589 1106 4642 bonosiani-2
1118 4617 1146 4628 -
1162 4591 1205 4640 44.
1216 4603 1269 4640 ooo
1280 4593 1392 4654 44444444,
1404 4591 1533 4654 iopam
1544 4596 1604 4659 (hoc

277 4658 423 4714 verborum
439 4662 543 4728 ordine)
559 4663 637 4715 444444
654 4665 770 4717 Donatus
788 4665 822 4716 ad
837 4666 941 4717 Terent.
959 4665 1041 4716 Andr.
1059 4668 1083 4726 1,
1102 4667 1126 4728 4,
1144 4666 1186 4716 86.
1197 4691 1226 4701 -
1243 4665 1279 4715 nd
1292 4667 1395 4728 4444444]
1410 4668 1482 4719 alind
1497 4670 1555 4734 (pro
1570 4671 1606 4720 od

277 4733 374 4801 444440
392 4763 420 4774 -
443 4739 484 4790 aa.
502 4739 766 4792 teoroccssorc—
785 4745 851 4791 44444
869 4741 902 4801 (4;
919 4741 994 4803 [44444
1011 4742 1072 4791 c-
1091 4739 1133 4792 44.
1151 4742 1352 4802 4444444440·-
1370 4743 1410 4792 ii.
1428 4744 1540 4809 4444444]
1557 4757 1605 4796 su-

278 4823 382 4875 4444444.
398 4813 447 4878 suit
462 4815 488 4865 io
505 4815 525 4866 E
545 4841 572 4852 -
595 4815 648 4866 44444
663 4820 699 4867 est
714 4819 779 4866 444444
796 4815 940 4878 Madvigius
958 4816 1057 4880 (0444444.
1073 4817 1149 4865 acad.
1166 4815 1211 4866 444.
1229 4830 1255 4881 p.
1274 4815 1351 4879 34444
1374 4822 1427 4869 44444
1441 4822 1488 4870 4444
1503 4825 1568 4871 ioan
1583 4822 1605 4870 G

279 4888 313 4950 E;
330 4893 396 4940 444444
411 4889 472 4952 (om.
491 4891 598 4952 44444444)
615 4890 636 4942 0
655 4915 682 4927 -
700 4891 816 4942 cciiii:
838 4891 946 4941 440-
970 4892 1007 4941 sic
1022 4888 1166 4943 Lambinus
1184 4891 1219 4955 (io
1235 4904 1320 4956 marg.
1339 4891 1382 4944 ed.
1400 4894 1489 4959 4448444
1509 4897 1545 4946 sic
1561 4899 1606 4961 opi

278 4962 338 5014 44444
354 4963 442 5015 (4440.
465 4963 557 5025 4044444
574 4965 600 5016 io
618 4962 777 5016 editionibus
794 4963 913 5028 additur,
936 4967 980 5030 ogi
995 4966 1069 5029 44444,
1093 4967 1219 5030 quoniam
1237 4968 1265 5018 io
1280 4968 1436 5032 Pithoeano,
1458 4972 1475 5021 4
1492 4972 1604 5034 osona„

280 5035 323 5088 ed.
341 5039 445 5090 veneo
460 5051 485 5090 a.
503 5038 568 5092 44443
585 5038 674 5101 deest,
692 5052 745 5092 oon
762 5038 855 5092 dubito
872 5042 937 5105 quio
952 5043 1026 5092 rocta
1043 5039 1188 5092 Lambinus
1197 5041 1264 5106 (sios
1281 5040 1363 5093 dubio
1379 5055 1412 5093 ex
1428 5045 1483 5096 sois
1500 5046 1606 5110 optimis

281 5113 371 5178 codd.)
396 5112 480 5166 deleri
499 5112 620 5186 voluaqit.
648 5114 732 5174 Quum
754 5113 831 5166 iacile
852 5114 915 5166 iliud
937 5129 971 5167 ex
991 5117 1035 5178 iis,
1062 5129 1132 5180 qnae
1155 5117 1330 5181 pneoedum,
1355 5117 1462 5183 intelligi
1480 5121 1603 5184 potnerit,

281 5189 453 5254 perspicuum
470 5191 529 5242 esi:
550 5188 680 5254 quantun
695 5180 820 5244 brevitati
836 5190 956 5254 dicendi,
979 5203 1061 5255 quam
1077 5193 1172 5243 Cicero
1192 5191 1314 5244 ooosuho
1329 5193 1357 5243 44.
1375 5191 1393 5244 4.
1411 5194 1547 5259 seqnitur,
1570 5207 1603 5245 eo

282 5261 463 5320 additamento
479 5267 621 5330 4444444444,
639 5277 719 5318 nemo
735 5278 788 5318 ooo
805 5266 893 5319 sentit.
921 5265 997 5328 Quod
1012 5265 1104 5319 autem
1121 5267 1266 5320 4444444444
1276 5270 1327 5332 est,
1346 5281 1380 5320 444
1391 5271 1484 5333 aptum
1495 5267 1604 5334 quidem
