4009 6159
397 536 458 605 888
820 540 971 606 ORATIO
993 540 1072 606 PRO
1094 540 1130 604 L.
1151 540 1307 605 FLACCO

395 693 612 811 impulerunt.)
638 710 689 775 86.
710 713 813 795 Atque
836 712 948 775 eodem
970 712 1066 775 etiam
1086 712 1128 774 hl.
1150 712 1271 787 Lurco,
1303 711 1352 774 vir
1373 711 1528 799 optimus,
1556 732 1647 778 meus
1668 714 1716 779 fa-

308 805 316 830 s
395 811 541 885 miliaris,
571 808 725 872 convertit
745 805 888 868 aculeum
910 805 1081 868 testimonii
1104 806 1169 868 sui:
1197 806 1324 887 negavit
1350 825 1370 869 a
1396 807 1519 890 privato
1547 808 1718 890 pecuniam

292 3535 306 3625 t

395 906 428 966 in
458 904 619 986 provincia
645 907 821 984 praetorem
849 906 956 983 petere
986 906 1139 982 oportere.
1183 899 1246 962 Cur
1273 900 1416 974 tandem,
1447 901 1489 963 hl.
1511 899 1630 975 Lurco,
1652 922 1718 966 noo

395 999 541 1079 oportet?
579 997 794 1077 Extorquerc,
823 994 966 1075 accipere
997 1000 1106 1055 contra
1134 993 1221 1076 leges
1249 1014 1313 1057 non
1342 1001 1485 1076 oportet:
1520 1002 1628 1079 petere
1651 1017 1716 1061 uon
1798 1046 1802 1050 .

373 1098 540 1173 soportere
572 1107 744 1171 numquam
777 1087 942 1162 ostendes,
975 1087 1037 1149 nisi
1065 1086 1211 1150 docueris
1239 1106 1303 1150 non
1333 1088 1439 1151 licere.
1472 1090 1520 1151 An
1543 1089 1718 1172 legationes

395 1202 517 1247 sumere
537 1182 651 1245 liberas
673 1181 820 1265 exigendi
843 1200 954 1255 causa,
977 1180 1059 1243 sieut
1080 1188 1111 1242 et
1130 1188 1166 1243 tu
1187 1181 1254 1265 ipse
1276 1200 1379 1264 nuper
1403 1185 1435 1243 et
1455 1182 1545 1245 multi
1559 1184 1619 1247 viri
1641 1185 1719 1249 boni

396 1298 491 1359 saepe
519 1277 677 1350 fecerunt,
709 1284 829 1339 rectum
859 1284 922 1349 est,
954 1275 1040 1359 quod
1067 1294 1127 1356 ego
1156 1294 1221 1337 non
1249 1275 1466 1359 reprehendo,
1495 1277 1599 1341 socios
1621 1278 1717 1343 video

396 1369 502 1453 queri:
525 1377 714 1452 praetorem,
737 1371 762 1433 si
785 1368 992 1432 hereditatem
1014 1369 1047 1430 in
1068 1367 1229 1452 provincia
1251 1389 1315 1432 non
1330 1370 1511 1453 reliquerit,
1533 1392 1597 1435 non
1613 1373 1718 1437 solum

393 1464 704 1547 reprehendendum,
727 1484 835 1526 rerum
858 1464 951 1525 etiam
967 1463 1239 1525 condemnandum
1254 1467 1367 1545 putas‘t
1403 1464 1533 1527 XXXV.
1555 1465 1646 1541 Doti,
1668 1466 1719 1529 in·

359 1560 479 1641 sequit,
509 1558 633 1621 Valeria
661 1558 824 1639 pecuniam
856 1574 980 1619 omnem
1010 1576 1099 1618 suam
1127 1556 1258 1619 dixerat
1302 1555 1386 1619 Nihil
1409 1558 1542 1621 istorum
1564 1560 1717 1645 explicari

395 1660 514 1736 potest,
537 1651 597 1713 nisi
620 1652 796 1714 ostenderis
818 1650 903 1714 illam
926 1652 958 1714 in
981 1651 1079 1713 tutela
1100 1650 1205 1712 Flacci
1227 1670 1292 1713 nou
1313 1651 1421 1713 luisse.
1458 1650 1492 1713 Si
1519 1651 1597 1726 luit,
1620 1673 1718 1736 quae·

396 1767 530 1830 cumque
552 1746 620 1809 sine
641 1746 702 1808 hoc
724 1752 849 1808 auctore
871 1752 919 1807 est
940 1745 1024 1808 dicta
1046 1745 1118 1817 dos,
1146 1745 1234 1807 nulla
1256 1753 1313 1808 est.
1356 1741 1406 1806 87.
1429 1744 1492 1808 Sed
1513 1753 1618 1809 amen
1639 1748 1718 1810 Lur-

396 1860 524 1913 conem,
551 1860 742 1923 quamquam
770 1859 827 1922 pro
857 1860 914 1902 sua
942 1839 1093 1921 dignitate
1122 1837 1303 1901 moderatus
1333 1846 1382 1901 est
1410 1839 1444 1901 in
1466 1840 1648 1904 testimonio
1670 1840 1718 1904 di·

396 1934 497 1997 ccudo
524 1933 667 2015 religioni
695 1950 787 2007 suae,
817 1940 922 1996 amen
952 1932 1066 1995 iratum
1094 1932 1206 1995 Flacco
1230 1952 1300 1995 esse
1325 1932 1466 1996 vidistis:
1500 1951 1607 2017 neque
1633 1935 1717 1999 enim

358 2044 386 2091 re
396 2026 566 2091 occultavit
593 2046 719 2090 causam
745 2028 926 2090 iracundiae
953 2046 1029 2090 suae
1056 2047 1161 2111 neque
1189 2026 1381 2090 reticendam
1413 2028 1551 2109 putarit:
1586 2038 1718 2112 questus

396 2128 444 2183 est
464 2119 611 2183 libertum
634 2140 726 2182 suum
748 2120 858 2183 Flacco
881 2128 1026 2202 praetore
1048 2142 1118 2184 esse
1135 2121 1326 2184 damnatum.
1360 2119 1603 2186 accusationes
1624 2123 1718 2187 mise-

396 2236 446 2278 ras
468 2213 783 2278 administrandarum
805 2215 1054 2296 provinciaruml
1083 2218 1117 2279 in
1138 2216 1253 2298 quibus
1275 2215 1438 2297 diligentia
1459 2215 1555 2298 plena
1576 2217 1718 2281 simulta-

396 2318 463 2371 tum
485 2316 547 2382 est,
569 2308 762 2391 negligentia
782 2308 1070 2389 vituperationum:
1098 2309 1152 2371 ubi
1175 2309 1326 2372 severitas
1348 2308 1526 2392 periculosa
1548 2319 1612 2385 est,
1639 2310 1718 2374 libe-

397 2403 503 2466 ralitas
533 2404 673 2484 ingrata;
703 2421 805 2464 sermo
829 2402 1021 2476 insidiosus,
1051 2404 1223 2466 assentatio
1246 2403 1439 2486 perniciosa:
1467 2402 1556 2467 frons
1577 2406 1717 2468 omnium

360 2497 574 2570 etfamiliaris,
597 2495 764 2557 multorum
780 2496 903 2559 animus
923 2496 1038 2570 iratus3
1059 2496 1243 2560 iracundiae
1259 2496 1417 2570 occultae,
1439 2496 1613 2561 blanditiae
1627 2517 1718 2580 aper-

397 2600 462 2653 tae:
490 2590 652 2653 venientes
681 2598 839 2673 praetores
869 2599 1065 2674 exspectant,
1102 2590 1320 2675 praesentibus
1347 2591 1538 2666 inserviunt,
1564 2591 1717 2655 abeuntes

398 2686 556 2747 deserunt.
591 2683 653 2746 Sed
675 2686 853 2748 omittamus
876 2686 1039 2768 querelas,
1061 2704 1102 2747 ne
1123 2691 1265 2748 nostrum
1280 2683 1446 2746 consilium
1469 2684 1501 2745 in
1523 2686 1718 2767 praetermit-

398 2778 502 2841 tendis
522 2778 692 2859 proviuciis
715 2777 842 2841 laudare
864 2780 1037 2842 videamur.
1074 2776 1124 2840 88.
1147 2778 1282 2841 Litteras
1302 2776 1388 2839 misit
1401 2777 1441 2840 de
1458 2777 1551 2841 vilico
1566 2780 1598 2841 P.
1615 2781 1717 2863 Septi·

397 2873 468 2947 mii,
495 2872 634 2969 hominis
662 2872 780 2945 ornati,
811 2873 864 2956 qui
892 2873 1003 2937 vilicus
1033 2873 1162 2937 caedem
1183 2871 1318 2935 iecerat:
1349 2872 1533 2954 Septimium
1555 2873 1717 2937 ardentem

299 2974 303 2979 '
359 2967 560 3031 stiracundia
581 2967 687 3030 videre
703 2966 861 3050 potuistis.
895 2968 930 3029 ln
947 2968 1100 3031 Lurconis
1116 2967 1262 3030 libertum
1277 2964 1428 3029 iudicium
1445 2986 1484 3027 ex
1498 2966 1601 3031 edicto
1616 2968 1717 3033 dedit:
1813 3036 1818 3044 ,

397 3062 497 3126 hostis
526 3068 573 3125 est
597 3062 711 3125 Lurco.
745 3060 826 3135 Quid
850 3061 967 3144 igitur?
999 3061 1164 3124 hominurn
1188 3060 1393 3143 gratiosorum
1416 3060 1717 3143 splendidorumque

397 3156 514 3219 libertis
535 3156 596 3218 suit
616 3154 692 3218 Asia
714 3154 887 3218 tradenda‘l
909 3176 950 3219 an
973 3156 1148 3219 simultates
1170 3155 1278 3217 nescio
1292 3174 1372 3237 quas
1387 3173 1458 3217 cum
1472 3155 1591 3217 libertis
1605 3155 1717 3217 vestris

396 3251 527 3313 Flaccus
558 3251 705 3313 exercet?
738 3269 780 3311 an
807 3250 839 3313 in
863 3250 975 3313 vestris
1005 3257 1242 3333 vestrorumque
1264 3248 1368 3311 causis
1391 3250 1541 3312 severitas
1563 3250 1637 3313 odio
1659 3256 1717 3325 est,

398 3345 530 3407 eandem
552 3342 703 3418 laudatis,
732 3364 803 3406 cum
825 3344 865 3406 de
887 3344 977 3406 uobis
1000 3344 1167 3407 iudicatis?
1215 3342 1361 3405 XXXVI.
1384 3338 1435 3403 89.
1457 3343 1497 3406 at
1517 3342 1578 3406 iste
1598 3342 1716 3416 Andro,

359 3439 550 3520 sospoliatus
571 3436 679 3509 bonis,
701 3443 736 3500 ut
759 3436 877 3511 dicitis,
901 3438 939 3501 ad
968 3437 1136 3500 dicendum
1161 3437 1378 3499 testimouium
1403 3456 1467 3499 nou
1492 3438 1587 3500 venit
1623 3438 1716 3516 Quid,

398 3534 424 3595 si
446 3532 573 3593 veniat‘l
603 3529 780 3592 Decisioais
803 3531 917 3593 arbiter
939 3532 971 3595 C.
995 3531 1151 3594 Caecilius
1172 3531 1251 3593 suit:
1281 3549 1346 3613 quo
1369 3528 1537 3612 splendore
1557 3531 1623 3595 virt
1654 3552 1717 3616 qua

397 3622 476 3687 fidel
500 3642 562 3705 qua
575 3622 743 3705 religionel
767 3624 949 3706 obsignator
964 3625 996 3687 C.
1014 3624 1179 3698 Sextilius,
1202 3624 1357 3686 Lurconis
1372 3624 1488 3687 sororis
1502 3620 1598 3699 iilius,
1621 3624 1715 3689 homo

297 3769 328 3787 ,„
397 3727 428 3780 et
449 3716 571 3801 pudens
593 3725 625 3778 et
645 3724 791 3779 constans
814 3726 845 3780 et
867 3718 979 3800 gravis.
996 3716 1052 3797 (Si
1074 3719 1122 3779 vis
1144 3724 1226 3792 erat,
1248 3717 1275 3780 si
1299 3716 1399 3790 fraus,
1421 3716 1447 3778 si
1470 3723 1586 3791 metus,
1609 3719 1636 3781 si
1658 3716 1717 3782 cir-

397 3811 605 3893 cumscriptio,
629 3810 700 3894 quis
722 3810 898 3893 pactionem
919 3812 1008 3903 ficri)
1030 3812 1100 3896 quis
1115 3812 1226 3873 adesse
1245 3800 1464 3899 istostcoiigitl
1487 3809 1593 3886 Quid:
1615 3814 1642 3876 si
1657 3814 1716 3877 ista

359 3904 499 3968 asomnis
529 3906 663 3987 pecunia
692 3905 766 3968 huic
796 3907 1031 3970 adolescentulo
1061 3907 1095 3968 L.
1118 3906 1230 3968 Flacco
1260 3905 1383 3968 reddita
1405 3911 1468 3979 est,
1498 3906 1525 3967 si
1546 3907 1657 3990 petita,
1688 3907 1715 3969 si

396 3999 530 4077 redacta
550 4020 606 4081 per
637 3998 721 4061 hrrnc
753 4000 961 4075 Antiochum,
994 4008 1158 4084 paternum
1190 4000 1284 4063 huius
1316 3998 1526 4062 adolescentis
1560 3999 1714 4076 libertum,

397 4093 464 4154 seni
493 4091 538 4153 illi
562 4092 674 4156 Flacco
703 4094 975 4176 probatissimum,
1007 4095 1194 4159 videmurne
1216 4116 1279 4159 uon
1302 4094 1404 4159 solum
1426 4095 1574 4159 avaritiae
1596 4089 1715 4161 crimen

396 4187 549 4267 ellegere,
572 4187 627 4249 sed
650 4191 741 4252 etiam
765 4189 962 4253 liberalitatis
985 4190 1111 4253 laudem
1134 4190 1259 4273 assequi
1274 4190 1487 4272 singularem?
1510 4188 1714 4254 Communem

396 4280 480 4343 enim
499 4280 719 4356 hereditatem,
743 4301 825 4365 quae
847 4282 1020 4366 aequaliter
1040 4283 1080 4346 ad
1102 4288 1270 4367 utrumque
1292 4284 1362 4366 lege
1384 4283 1539 4357 venisset,
1561 4283 1716 4347 concessit

459 4486 482 4533 t.
501 4484 578 4545 Atque
594 4482 725 4535 llslmius:
743 4484 828 4545 acque
845 4486 935 4535 ceteri.
955 4511 982 4520 -
1000 4487 1042 4534 cir
1058 4486 1163 4547 optimas:
1174 4511 1211 4523 --
1222 4488 1321 4536 tandem
1338 4488 1373 4537 ll.
1386 4487 1468 4537 turco
1484 4498 1537 4537 om.
1551 4486 1571 4535 Τ
1584 4512 1611 4522 -
1629 4485 1654 4538 l.
1667 4500 1714 4537 ca-

394 4565 507 4621 torqocre
524 4561 611 4610 STA:
630 4560 745 4621 Eripere,
764 4566 912 4622 extorquere
928 4572 989 4610 cum
1002 4562 1131 4624 Naugerio
1149 4562 1224 4611 FLO
1237 4589 1263 4598 -
1282 4564 1307 4612 5.
1325 4562 1363 4612 Aa
1378 4562 1513 4625 legatam
1528 4560 1618 4611 liberm
1633 4560 1715 4612 hahet

394 4636 412 4683 Β
432 4660 458 4669 -
478 4634 502 4684 7.
519 4640 606 4684 ratam
622 4639 655 4684 cst
673 4636 689 4683 S
707 4662 739 4671 —
764 4634 788 4683 8.
806 4636 833 4685 ia
846 4636 980 4698 provincia
995 4638 1100 4686 creamit
1117 4638 1136 4687 L
1155 4663 1182 4672 —
1208 4651 1258 4686 aco
1274 4638 1354 4687 salma
1369 4652 1420 4688 ooo
1435 4639 1453 4687 S
1474 4662 1501 4673 -
1530 4637 1569 4686 lit.
1587 4636 1648 4685 sitit
1664 4637 1714 4686 dati

392 4710 495 4757 istorum
512 4710 594 4759 STA.
614 4708 767 4759 Emendavit
781 4711 927 4771 Naugerius
942 4710 968 4761 in
984 4711 1028 4761 ed.
1041 4710 1142 4762 Aldina.
1166 4739 1192 4748 -
1210 4714 1339 4775 explicare
1354 4715 1412 4763 s-
1432 4714 1472 4763 lt.
1486 4712 1512 4761 in
1528 4711 1630 4761 casam
1646 4712 1666 4762 T
1684 4738 1711 4747 —

391 4786 438 4848 suit
455 4786 598 4848 Naugerius
616 4784 650 4843 (iu
662 4782 705 4833 ed.
717 4783 888 4844 Victorisual:
906 4787 937 4835 stt
954 4788 1015 4837 St:
1033 4787 1099 4836 scr
1112 4810 1139 4822 -
1159 4786 1199 4837 ll.
1211 4788 1335 4853 religioni]
1348 4788 1456 4839 oratiam
1466 4787 1596 4846 Bremius,
1612 4786 1713 4837 Schue-

392 4861 471 4919 tzius,
491 4858 643 4909 Garatonios
656 4857 707 4920 (ll),
726 4858 770 4920 qui
788 4857 897 4909 contulit
913 4860 987 4911 i'err.
1007 4863 1039 4911 ill
1058 4862 1072 4924 ς
1091 4862 1146 4921 lot,
1165 4862 1198 4912 ad
1216 4864 1246 4922 Q.
1268 4863 1321 4913 lr.l
1339 4865 1407 4927 ep.l
1428 4863 1443 4926 5
1460 4863 1501 4913 33.
1522 4888 1550 4899 -
1568 4864 1608 4915 ts.
1627 4862 1712 4927 omae]

390 4949 435 4986 arc
446 4936 463 4984 S
476 4962 503 4970 -
520 4934 560 4984 46.
573 4940 608 4983 cst
619 4947 671 4984 om.
687 4935 704 4985 F
717 4959 743 4969 -
763 4934 804 4983 lt.
820 4936 1017 5001 provinciaram]
1029 4932 1160 4986 massan
1170 4939 1362 4999 prouinciarum
1374 4940 1408 4998 T:
1426 4940 1556 4989 chaam
1569 4942 1593 4989 el
1605 4939 1713 5001 maaia-

391 5012 521 5061 ciantmh
536 5037 562 5046 -
582 5009 620 5059 l9.
638 5010 773 5071 pernitiosa
784 5012 800 5059 S
813 5037 841 5046 -
860 5011 900 5060 22.
910 5010 1144 5074 praetermittendis]
1156 5013 1325 5063 omittendish
1338 5039 1365 5049 -
1384 5014 1426 5064 28.
1438 5015 1550 5065 morat
1566 5028 1627 5065 cum
1642 5016 1713 5066 Nau-

392 5087 463 5149 gerio
477 5086 507 5145 F;
525 5084 654 5135 acervabat
666 5084 790 5135 Halmius.
806 5108 833 5120 -
853 5100 888 5135 an
905 5089 964 5137 ss:
984 5101 1018 5135 aa
1033 5088 1215 5137 catarrho
1234 5115 1261 5124 -
1280 5088 1320 5139 30.
1339 5088 1430 5139 dietim
1446 5089 1503 5137 S-
1522 5089 1562 5141 34.
1576 5090 1604 5141 C.
1617 5091 1714 5142 Caelia:

391 5162 450 5210 Τ-
470 5160 510 5210 33.
523 5160 549 5209 0.
564 5160 717 5209 Sestalltass
737 5186 765 5196 -
783 5160 822 5210 33.
841 5162 934 5223 paam:
950 5163 976 5211 P.
995 5162 1144 5213 Manutius:
1159 5164 1270 5226 prodam
1285 5164 1370 5217 sat.
1389 5163 1427 5215 Cl.
1446 5177 1474 5229 p.
1492 5164 1549 5228 825,
1567 5166 1608 5219 33.
1624 5194 1651 5204 -
1666 5180 1713 5232 per

392 5234 579 5301 Pantagathus:
598 5236 680 5299 siper
696 5236 797 5286 STAF
815 5262 842 5271 -
861 5236 901 5287 37.
920 5251 970 5287 aaa
985 5250 1039 5289 om.
1058 5238 1117 5290 ΤΑ.
