<?xml version="1.0" encoding="UTF-8"?>
<!DOCTYPE html PUBLIC "-//W3C//DTD XHTML 1.0 Transitional//EN"
    "http://www.w3.org/TR/xhtml1/DTD/xhtml1-transitional.dtd">
<html xmlns="http://www.w3.org/1999/xhtml" xml:lang="en" lang="en">
 <head>
  <title>
</title>
<meta http-equiv="Content-Type" content="text/html;charset=utf-8" />
  <meta name='ocr-system' content='tesseract 3.04.00' />
  <meta name='ocr-capabilities' content='ocr_page ocr_carea ocr_par ocr_line ocrx_word'/>
</head>
<body>
  <div class='ocr_page' id='page_1' title='image "./mtulliiciceroni01baitgoog_0374.png"; bbox 0 0 4009 6159; ppageno 0'>
   <div class='ocr_carea' id='block_1_1' title="bbox 670 550 1595 639">
    <p class='ocr_par' dir='ltr' id='par_1_1' title="bbox 670 550 1595 639">
     <span class='ocr_line' id='line_1_1' title="bbox 670 550 1595 639; baseline 0.002 -21"><span class='ocrx_word' id='word_1_1' title='bbox 670 553 966 619; x_wconf 66' lang='lat' dir='ltr'><strong>cmxx-aar.</strong></span> <span class='ocrx_word' id='word_1_2' title='bbox 993 551 1208 639; x_wconf 66' lang='lat' dir='ltr'><strong>§ser-ca.</strong></span> <span class='ocrx_word' id='word_1_3' title='bbox 1513 550 1595 620; x_wconf 73' lang='lat' dir='ltr'><strong>liar</strong></span> 
     </span>
    </p>
   </div>
   <div class='ocr_carea' id='block_1_2' title="bbox 268 721 1845 4009">
    <p class='ocr_par' dir='ltr' id='par_1_2' title="bbox 276 721 1805 2290">
     <span class='ocr_line' id='line_1_2' title="bbox 277 721 1741 808; baseline 0.002 -20"><span class='ocrx_word' id='word_1_4' title='bbox 277 725 357 808; x_wconf 89' lang='lat' dir='ltr'><strong>ipsis</strong></span> <span class='ocrx_word' id='word_1_5' title='bbox 386 723 523 788; x_wconf 89' lang='lat' dir='ltr'><strong>comitiis</strong></span> <span class='ocrx_word' id='word_1_6' title='bbox 551 721 661 786; x_wconf 90' lang='lat' dir='ltr'><strong>consul</strong></span> <span class='ocrx_word' id='word_1_7' title='bbox 687 729 743 785; x_wconf 88' lang='lat' dir='ltr'><strong>ant</strong></span> <span class='ocrx_word' id='word_1_8' title='bbox 769 731 853 787; x_wconf 89' lang='lat' dir='ltr'><strong>certe</strong></span> <span class='ocrx_word' id='word_1_9' title='bbox 881 725 914 788; x_wconf 94' lang='lat' dir='ltr'><strong>in</strong></span> <span class='ocrx_word' id='word_1_10' title='bbox 944 725 1033 789; x_wconf 90' lang='lat' dir='ltr'><strong>illum</strong></span> <span class='ocrx_word' id='word_1_11' title='bbox 1060 745 1194 790; x_wconf 84' lang='lat' dir='ltr'><strong>annum:</strong></span> <span class='ocrx_word' id='word_1_12' title='bbox 1223 725 1358 806; x_wconf 68' lang='lat' dir='ltr'><strong>aedilem</strong></span> <span class='ocrx_word' id='word_1_13' title='bbox 1381 734 1414 789; x_wconf 90' lang='lat' dir='ltr'><strong>tn</strong></span> <span class='ocrx_word' id='word_1_14' title='bbox 1435 726 1596 791; x_wconf 81' lang='lat' dir='ltr'><strong>Plancium</strong></span> <span class='ocrx_word' id='word_1_15' title='bbox 1714 722 1741 791; x_wconf 72' lang='grc' dir='ltr'><em>ί</em></span> 
     </span>
     <span class='ocr_line' id='line_1_3' title="bbox 277 817 1597 906; baseline 0.003 -24"><span class='ocrx_word' id='word_1_16' title='bbox 277 819 395 884; x_wconf 85' lang='lat' dir='ltr'><strong>sactum</strong></span> <span class='ocrx_word' id='word_1_17' title='bbox 417 837 494 882; x_wconf 79' lang='lat' dir='ltr'><strong>csse.</strong></span> <span class='ocrx_word' id='word_1_18' title='bbox 509 817 647 891; x_wconf 90' lang='lat' dir='ltr'><strong>miraris,</strong></span> <span class='ocrx_word' id='word_1_19' title='bbox 667 817 701 880; x_wconf 94' lang='lat' dir='ltr'><strong>in</strong></span> <span class='ocrx_word' id='word_1_20' title='bbox 723 837 786 901; x_wconf 85' lang='lat' dir='ltr'><strong>qno</strong></span> <span class='ocrx_word' id='word_1_21' title='bbox 808 838 874 882; x_wconf 93' lang='lat' dir='ltr'><strong>non</strong></span> <span class='ocrx_word' id='word_1_22' title='bbox 896 819 1011 902; x_wconf 79' lang='lat' dir='ltr'><strong>exigna</strong></span> <span class='ocrx_word' id='word_1_23' title='bbox 1034 840 1106 904; x_wconf 89' lang='lat' dir='ltr'><strong>pars</strong></span> <span class='ocrx_word' id='word_1_24' title='bbox 1126 821 1252 906; x_wconf 90' lang='lat' dir='ltr'><strong>populi,</strong></span> <span class='ocrx_word' id='word_1_25' title='bbox 1275 820 1330 885; x_wconf 91' lang='lat' dir='ltr'><strong>sed</strong></span> <span class='ocrx_word' id='word_1_26' title='bbox 1351 823 1518 886; x_wconf 78' lang='lat' dir='ltr'><strong>universus</strong></span> <span class='ocrx_word' id='word_1_27' title='bbox 1539 841 1597 905; x_wconf 89' lang='lat' dir='ltr'><strong>po·</strong></span> 
     </span>
     <span class='ocr_line' id='line_1_4' title="bbox 276 911 1597 1000; baseline 0.005 -26"><span class='ocrx_word' id='word_1_28' title='bbox 276 913 372 998; x_wconf 87' lang='lat' dir='ltr'><strong>pnlus</strong></span> <span class='ocrx_word' id='word_1_29' title='bbox 393 911 588 975; x_wconf 85' lang='lat' dir='ltr'><strong>voluntatem</strong></span> <span class='ocrx_word' id='word_1_30' title='bbox 609 931 698 976; x_wconf 87' lang='lat' dir='ltr'><strong>suam</strong></span> <span class='ocrx_word' id='word_1_31' title='bbox 720 911 895 988; x_wconf 89' lang='lat' dir='ltr'><strong>declararit,</strong></span> <span class='ocrx_word' id='word_1_32' title='bbox 916 914 1007 978; x_wconf 89' lang='lat' dir='ltr'><strong>cuiue</strong></span> <span class='ocrx_word' id='word_1_33' title='bbox 1029 915 1197 978; x_wconf 88' lang='lat' dir='ltr'><strong>inhonore</strong></span> <span class='ocrx_word' id='word_1_34' title='bbox 1213 935 1276 979; x_wconf 91' lang='lat' dir='ltr'><strong>non</strong></span> <span class='ocrx_word' id='word_1_35' title='bbox 1292 917 1387 979; x_wconf 91' lang='lat' dir='ltr'><strong>unius</strong></span> <span class='ocrx_word' id='word_1_36' title='bbox 1400 917 1500 980; x_wconf 85' lang='lat' dir='ltr'><strong>tribue</strong></span> <span class='ocrx_word' id='word_1_37' title='bbox 1514 936 1597 1000; x_wconf 89' lang='lat' dir='ltr'><strong>pars,</strong></span> 
     </span>
     <span class='ocr_line' id='line_1_5' title="bbox 278 1005 1599 1094; baseline 0.005 -25"><span class='ocrx_word' id='word_1_38' title='bbox 278 1007 334 1070; x_wconf 91' lang='lat' dir='ltr'><strong>sed</strong></span> <span class='ocrx_word' id='word_1_39' title='bbox 356 1006 483 1069; x_wconf 91' lang='lat' dir='ltr'><strong>comitia</strong></span> <span class='ocrx_word' id='word_1_40' title='bbox 511 1012 578 1069; x_wconf 87' lang='lat' dir='ltr'><strong>tota</strong></span> <span class='ocrx_word' id='word_1_41' title='bbox 606 1005 743 1069; x_wconf 89' lang='lat' dir='ltr'><strong>comitiis</strong></span> <span class='ocrx_word' id='word_1_42' title='bbox 769 1005 888 1070; x_wconf 85' lang='lat' dir='ltr'><strong>luerint</strong></span> <span class='ocrx_word' id='word_1_43' title='bbox 913 1010 1154 1090; x_wconf 72' lang='lat' dir='ltr'><strong>praerogativa?</strong></span> <span class='ocrx_word' id='word_1_44' title='bbox 1197 1006 1248 1072; x_wconf 85' lang='lat'><strong>50.</strong></span> <span class='ocrx_word' id='word_1_45' title='bbox 1272 1009 1343 1085; x_wconf 86' lang='lat' dir='ltr'><strong>Quo</strong></span> <span class='ocrx_word' id='word_1_46' title='bbox 1369 1011 1498 1094; x_wconf 88' lang='lat' dir='ltr'><strong>quidem</strong></span> <span class='ocrx_word' id='word_1_47' title='bbox 1519 1019 1599 1074; x_wconf 91' lang='lat' dir='ltr'><strong>tem-</strong></span> 
     </span>
     <span class='ocr_line' id='line_1_6' title="bbox 277 1097 1621 1188; baseline 0.004 -25"><span class='ocrx_word' id='word_1_48' title='bbox 277 1119 371 1184; x_wconf 85' lang='lat' dir='ltr'><strong>pore,</strong></span> <span class='ocrx_word' id='word_1_49' title='bbox 391 1101 598 1174; x_wconf 62' lang='lat' dir='ltr'><strong>&#39;Laterensis,</strong></span> <span class='ocrx_word' id='word_1_50' title='bbox 630 1100 658 1162; x_wconf 90' lang='lat' dir='ltr'><strong>si</strong></span> <span class='ocrx_word' id='word_1_51' title='bbox 686 1098 718 1160; x_wconf 93' lang='lat' dir='ltr'><strong>id</strong></span> <span class='ocrx_word' id='word_1_52' title='bbox 744 1097 849 1163; x_wconf 82' lang='lat' dir='ltr'><strong>iacere</strong></span> <span class='ocrx_word' id='word_1_53' title='bbox 880 1101 1034 1165; x_wconf 86' lang='lat' dir='ltr'><strong>voluisses</strong></span> <span class='ocrx_word' id='word_1_54' title='bbox 1056 1110 1112 1166; x_wconf 91' lang='lat' dir='ltr'><strong>aut</strong></span> <span class='ocrx_word' id='word_1_55' title='bbox 1132 1105 1158 1166; x_wconf 91' lang='lat' dir='ltr'><strong>si</strong></span> <span class='ocrx_word' id='word_1_56' title='bbox 1180 1104 1342 1186; x_wconf 78' lang='lat' dir='ltr'><strong>gravitatis</strong></span> <span class='ocrx_word' id='word_1_57' title='bbox 1363 1125 1434 1168; x_wconf 90' lang='lat' dir='ltr'><strong>esse</strong></span> <span class='ocrx_word' id='word_1_58' title='bbox 1456 1109 1621 1188; x_wconf 73' lang='lat' dir='ltr'><strong>putassest</strong></span> 
     </span>
     <span class='ocr_line' id='line_1_7' title="bbox 277 1192 1599 1278; baseline 0.003 -19"><span class='ocrx_word' id='word_1_59' title='bbox 277 1203 371 1270; x_wconf 89' lang='lat' dir='ltr'><strong>tuae,</strong></span> <span class='ocrx_word' id='word_1_60' title='bbox 393 1195 480 1278; x_wconf 89' lang='lat' dir='ltr'><strong>quod</strong></span> <span class='ocrx_word' id='word_1_61' title='bbox 501 1193 591 1256; x_wconf 93' lang='lat' dir='ltr'><strong>multi</strong></span> <span class='ocrx_word' id='word_1_62' title='bbox 613 1192 734 1256; x_wconf 90' lang='lat' dir='ltr'><strong>nobiles</strong></span> <span class='ocrx_word' id='word_1_63' title='bbox 756 1213 851 1276; x_wconf 87' lang='lat' dir='ltr'><strong>saepe</strong></span> <span class='ocrx_word' id='word_1_64' title='bbox 870 1193 1030 1269; x_wconf 80' lang='lat' dir='ltr'><strong>iecerunt,</strong></span> <span class='ocrx_word' id='word_1_65' title='bbox 1053 1202 1103 1269; x_wconf 89' lang='lat' dir='ltr'><strong>ut,</strong></span> <span class='ocrx_word' id='word_1_66' title='bbox 1126 1216 1196 1259; x_wconf 90' lang='lat' dir='ltr'><strong>cnm</strong></span> <span class='ocrx_word' id='word_1_67' title='bbox 1218 1197 1321 1260; x_wconf 90' lang='lat' dir='ltr'><strong>minus</strong></span> <span class='ocrx_word' id='word_1_68' title='bbox 1342 1198 1514 1263; x_wconf 86' lang='lat' dir='ltr'><strong>valuissent</strong></span> <span class='ocrx_word' id='word_1_69' title='bbox 1535 1199 1599 1263; x_wconf 86' lang='lat' dir='ltr'><strong>suf-</strong></span> 
     </span>
     <span class='ocr_line' id='line_1_8' title="bbox 276 1287 1599 1375; baseline 0.002 -23"><span class='ocrx_word' id='word_1_70' title='bbox 276 1288 387 1372; x_wconf 74' lang='lat' dir='ltr'><strong>fragiis</strong></span> <span class='ocrx_word' id='word_1_71' title='bbox 408 1307 504 1373; x_wconf 91' lang='lat' dir='ltr'><strong>quam</strong></span> <span class='ocrx_word' id='word_1_72' title='bbox 525 1293 705 1370; x_wconf 85' lang='lat' dir='ltr'><strong>putassent,</strong></span> <span class='ocrx_word' id='word_1_73' title='bbox 732 1296 843 1370; x_wconf 87' lang='lat' dir='ltr'><strong>postea</strong></span> <span class='ocrx_word' id='word_1_74' title='bbox 870 1287 1002 1370; x_wconf 90' lang='lat' dir='ltr'><strong>prolatis</strong></span> <span class='ocrx_word' id='word_1_75' title='bbox 1024 1289 1159 1352; x_wconf 89' lang='lat' dir='ltr'><strong>comitiis</strong></span> <span class='ocrx_word' id='word_1_76' title='bbox 1181 1297 1414 1374; x_wconf 77' lang='lat' dir='ltr'><strong>prosternerent</strong></span> <span class='ocrx_word' id='word_1_77' title='bbox 1435 1309 1469 1354; x_wconf 91' lang='lat' dir='ltr'><strong>se</strong></span> <span class='ocrx_word' id='word_1_78' title='bbox 1491 1300 1523 1355; x_wconf 88' lang='lat' dir='ltr'><strong>et</strong></span> <span class='ocrx_word' id='word_1_79' title='bbox 1543 1312 1599 1375; x_wconf 95' lang='lat' dir='ltr'><strong>po·</strong></span> 
     </span>
     <span class='ocr_line' id='line_1_9' title="bbox 277 1379 1598 1469; baseline 0.004 -26"><span class='ocrx_word' id='word_1_80' title='bbox 277 1381 354 1466; x_wconf 92' lang='lat' dir='ltr'><strong>pulo</strong></span> <span class='ocrx_word' id='word_1_81' title='bbox 375 1382 517 1444; x_wconf 85' lang='lat' dir='ltr'><strong>Romano</strong></span> <span class='ocrx_word' id='word_1_82' title='bbox 538 1379 638 1443; x_wconf 84' lang='lat' dir='ltr'><strong>fracto</strong></span> <span class='ocrx_word' id='word_1_83' title='bbox 659 1379 766 1443; x_wconf 91' lang='lat' dir='ltr'><strong>animo</strong></span> <span class='ocrx_word' id='word_1_84' title='bbox 789 1386 885 1464; x_wconf 86' lang='lat' dir='ltr'><strong>atque</strong></span> <span class='ocrx_word' id='word_1_85' title='bbox 907 1380 1019 1446; x_wconf 88' lang='lat' dir='ltr'><strong>humili</strong></span> <span class='ocrx_word' id='word_1_86' title='bbox 1041 1382 1276 1466; x_wconf 82' lang='lat' dir='ltr'><strong>supplicarent,</strong></span> <span class='ocrx_word' id='word_1_87' title='bbox 1304 1403 1369 1447; x_wconf 92' lang='lat' dir='ltr'><strong>non</strong></span> <span class='ocrx_word' id='word_1_88' title='bbox 1391 1383 1499 1448; x_wconf 88' lang='lat' dir='ltr'><strong>dubito</strong></span> <span class='ocrx_word' id='word_1_89' title='bbox 1521 1385 1598 1469; x_wconf 91' lang='lat' dir='ltr'><strong>quin</strong></span> 
     </span>
     <span class='ocr_line' id='line_1_10' title="bbox 278 1473 1600 1560; baseline 0.005 -23"><span class='ocrx_word' id='word_1_90' title='bbox 278 1475 382 1538; x_wconf 87' lang='lat' dir='ltr'><strong>omnis</strong></span> <span class='ocrx_word' id='word_1_91' title='bbox 404 1473 443 1537; x_wconf 90' lang='lat' dir='ltr'><strong>ad</strong></span> <span class='ocrx_word' id='word_1_92' title='bbox 466 1483 498 1539; x_wconf 89' lang='lat' dir='ltr'><strong>te</strong></span> <span class='ocrx_word' id='word_1_93' title='bbox 519 1493 709 1538; x_wconf 80' lang='lat' dir='ltr'><strong>conversura</strong></span> <span class='ocrx_word' id='word_1_94' title='bbox 722 1473 822 1538; x_wconf 76' lang='lat' dir='ltr'><strong>tuerit</strong></span> <span class='ocrx_word' id='word_1_95' title='bbox 845 1475 1024 1539; x_wconf 88' lang='lat' dir='ltr'><strong>multitudo.</strong></span> <span class='ocrx_word' id='word_1_96' title='bbox 1056 1478 1235 1560; x_wconf 82' lang='lat' dir='ltr'><strong>Numquam</strong></span> <span class='ocrx_word' id='word_1_97' title='bbox 1250 1477 1334 1541; x_wconf 91' lang='lat' dir='ltr'><strong>enim</strong></span> <span class='ocrx_word' id='word_1_98' title='bbox 1355 1478 1421 1542; x_wconf 83' lang='lat' dir='ltr'><strong>lere</strong></span> <span class='ocrx_word' id='word_1_99' title='bbox 1443 1479 1600 1555; x_wconf 88' lang='lat' dir='ltr'><strong>nobilitas,</strong></span> 
     </span>
     <span class='ocr_line' id='line_1_11' title="bbox 278 1569 1637 1657; baseline 0.004 -25"><span class='ocrx_word' id='word_1_100' title='bbox 278 1569 401 1652; x_wconf 81' lang='lat' dir='ltr'><strong>integra</strong></span> <span class='ocrx_word' id='word_1_101' title='bbox 422 1569 606 1652; x_wconf 88' lang='lat' dir='ltr'><strong>praesertim</strong></span> <span class='ocrx_word' id='word_1_102' title='bbox 628 1576 723 1651; x_wconf 87' lang='lat' dir='ltr'><strong>atque</strong></span> <span class='ocrx_word' id='word_1_103' title='bbox 745 1569 915 1647; x_wconf 78' lang='lat' dir='ltr'><strong>innocens,</strong></span> <span class='ocrx_word' id='word_1_104' title='bbox 938 1589 956 1632; x_wconf 92' lang='lat' dir='ltr'><strong>a</strong></span> <span class='ocrx_word' id='word_1_105' title='bbox 976 1570 1097 1655; x_wconf 91' lang='lat' dir='ltr'><strong>populo</strong></span> <span class='ocrx_word' id='word_1_106' title='bbox 1118 1571 1260 1634; x_wconf 88' lang='lat' dir='ltr'><strong>Romano</strong></span> <span class='ocrx_word' id='word_1_107' title='bbox 1281 1573 1416 1657; x_wconf 84' lang='lat' dir='ltr'><strong>supplex</strong></span> <span class='ocrx_word' id='word_1_108' title='bbox 1436 1573 1637 1657; x_wconf 63' lang='lat' dir='ltr'><strong>repudiatio</strong></span> 
     </span>
     <span class='ocr_line' id='line_1_12' title="bbox 280 1641 1805 1765; baseline 0.007 -39"><span class='ocrx_word' id='word_1_109' title='bbox 280 1670 337 1727; x_wconf 79' lang='lat' dir='ltr'><strong>est</strong></span> <span class='ocrx_word' id='word_1_110' title='bbox 352 1651 434 1757; x_wconf 89' lang='lat' dir='ltr'><strong>(Sed</strong></span> <span class='ocrx_word' id='word_1_111' title='bbox 455 1663 483 1727; x_wconf 90' lang='lat' dir='ltr'><strong>si</strong></span> <span class='ocrx_word' id='word_1_112' title='bbox 505 1663 563 1727; x_wconf 80' lang='lat' dir='ltr'><strong>tini</strong></span> <span class='ocrx_word' id='word_1_113' title='bbox 584 1663 719 1745; x_wconf 79' lang='lat' dir='ltr'><strong>gravitas</strong></span> <span class='ocrx_word' id='word_1_114' title='bbox 741 1669 795 1726; x_wconf 90' lang='lat' dir='ltr'><strong>tua</strong></span> <span class='ocrx_word' id='word_1_115' title='bbox 817 1672 850 1727; x_wconf 91' lang='lat' dir='ltr'><strong>et</strong></span> <span class='ocrx_word' id='word_1_116' title='bbox 871 1664 1053 1746; x_wconf 72' lang='lat' dir='ltr'><strong>magnitudo</strong></span> <span class='ocrx_word' id='word_1_117' title='bbox 1075 1663 1172 1727; x_wconf 90' lang='lat' dir='ltr'><strong>animi</strong></span> <span class='ocrx_word' id='word_1_118' title='bbox 1193 1664 1293 1746; x_wconf 91' lang='lat' dir='ltr'><strong>pluris</strong></span> <span class='ocrx_word' id='word_1_119' title='bbox 1314 1641 1399 1765; x_wconf 60' lang='lat' dir='ltr'><strong>figit)</strong></span> <span class='ocrx_word' id='word_1_120' title='bbox 1418 1665 1509 1730; x_wconf 90' lang='lat' dir='ltr'><strong>sicuti</strong></span> <span class='ocrx_word' id='word_1_121' title='bbox 1531 1687 1600 1736; x_wconf 85' lang='lat' dir='ltr'><strong>esse</strong></span> <span class='ocrx_word' id='word_1_122' title='bbox 1719 1674 1805 1744; x_wconf 53' lang='lat' dir='ltr'><strong>arb</strong></span> 
     </span>
     <span class='ocr_line' id='line_1_13' title="bbox 280 1755 1601 1842; baseline 0.002 -21"><span class='ocrx_word' id='word_1_123' title='bbox 280 1758 405 1833; x_wconf 85' lang='lat' dir='ltr'><strong>debuit,</strong></span> <span class='ocrx_word' id='word_1_124' title='bbox 428 1777 522 1842; x_wconf 84' lang='lat' dir='ltr'><strong>qnam</strong></span> <span class='ocrx_word' id='word_1_125' title='bbox 544 1755 699 1828; x_wconf 76' lang='lat' dir='ltr'><strong>aedilitas,</strong></span> <span class='ocrx_word' id='word_1_126' title='bbox 725 1756 810 1831; x_wconf 92' lang='lat' dir='ltr'><strong>noli,</strong></span> <span class='ocrx_word' id='word_1_127' title='bbox 832 1777 904 1820; x_wconf 90' lang='lat' dir='ltr'><strong>enm</strong></span> <span class='ocrx_word' id='word_1_128' title='bbox 925 1757 1042 1821; x_wconf 83' lang='lat' dir='ltr'><strong>habeas</strong></span> <span class='ocrx_word' id='word_1_129' title='bbox 1064 1758 1111 1832; x_wconf 93' lang='lat' dir='ltr'><strong>id,</strong></span> <span class='ocrx_word' id='word_1_130' title='bbox 1134 1758 1220 1841; x_wconf 87' lang='lat' dir='ltr'><strong>quod</strong></span> <span class='ocrx_word' id='word_1_131' title='bbox 1242 1759 1400 1834; x_wconf 90' lang='lat' dir='ltr'><strong>malueris,</strong></span> <span class='ocrx_word' id='word_1_132' title='bbox 1422 1760 1601 1825; x_wconf 89' lang='lat' dir='ltr'><strong>desiderare</strong></span> 
     </span>
     <span class='ocr_line' id='line_1_14' title="bbox 279 1849 1600 1936; baseline 0.003 -22"><span class='ocrx_word' id='word_1_133' title='bbox 279 1852 329 1927; x_wconf 92' lang='lat' dir='ltr'><strong>id,</strong></span> <span class='ocrx_word' id='word_1_134' title='bbox 357 1851 442 1933; x_wconf 88' lang='lat' dir='ltr'><strong>quod</strong></span> <span class='ocrx_word' id='word_1_135' title='bbox 471 1849 603 1914; x_wconf 89' lang='lat' dir='ltr'><strong>minoris</strong></span> <span class='ocrx_word' id='word_1_136' title='bbox 632 1850 761 1932; x_wconf 86' lang='lat' dir='ltr'><strong>potaris.</strong></span> <span class='ocrx_word' id='word_1_137' title='bbox 804 1849 962 1934; x_wconf 87' lang='lat' dir='ltr'><strong>Equidem</strong></span> <span class='ocrx_word' id='word_1_138' title='bbox 989 1853 1127 1934; x_wconf 92' lang='lat' dir='ltr'><strong>primum</strong></span> <span class='ocrx_word' id='word_1_139' title='bbox 1155 1857 1191 1914; x_wconf 90' lang='lat' dir='ltr'><strong>ut</strong></span> <span class='ocrx_word' id='word_1_140' title='bbox 1212 1851 1332 1916; x_wconf 89' lang='lat' dir='ltr'><strong>honore</strong></span> <span class='ocrx_word' id='word_1_141' title='bbox 1354 1853 1467 1936; x_wconf 80' lang='lat' dir='ltr'><strong>dignus</strong></span> <span class='ocrx_word' id='word_1_142' title='bbox 1489 1875 1600 1930; x_wconf 86' lang='lat' dir='ltr'><strong>essem,</strong></span> 
     </span>
     <span class='ocr_line' id='line_1_15' title="bbox 280 1943 1601 2027; baseline 0.002 -20"><span class='ocrx_word' id='word_1_143' title='bbox 280 1945 416 2008; x_wconf 80' lang='lat' dir='ltr'><strong>maxime</strong></span> <span class='ocrx_word' id='word_1_144' title='bbox 438 1964 563 2027; x_wconf 87' lang='lat' dir='ltr'><strong>semper</strong></span> <span class='ocrx_word' id='word_1_145' title='bbox 581 1943 738 2017; x_wconf 83' lang='lat' dir='ltr'><strong>laborari,</strong></span> <span class='ocrx_word' id='word_1_146' title='bbox 760 1944 901 2008; x_wconf 87' lang='lat' dir='ltr'><strong>secundo</strong></span> <span class='ocrx_word' id='word_1_147' title='bbox 917 1953 951 2008; x_wconf 87' lang='lat' dir='ltr'><strong>nt</strong></span> <span class='ocrx_word' id='word_1_148' title='bbox 966 1945 1181 2008; x_wconf 83' lang='lat' dir='ltr'><strong>existimarer:</strong></span> <span class='ocrx_word' id='word_1_149' title='bbox 1202 1947 1329 2010; x_wconf 91' lang='lat' dir='ltr'><strong>tertium</strong></span> <span class='ocrx_word' id='word_1_150' title='bbox 1346 1947 1422 2010; x_wconf 84' lang='lat' dir='ltr'><strong>milri</strong></span> <span class='ocrx_word' id='word_1_151' title='bbox 1436 1945 1498 2011; x_wconf 89' lang='lat' dir='ltr'><strong>fuit</strong></span> <span class='ocrx_word' id='word_1_152' title='bbox 1510 1947 1601 2024; x_wconf 89' lang='lat' dir='ltr'><strong>illud,</strong></span> 
     </span>
     <span class='ocr_line' id='line_1_16' title="bbox 280 2039 1767 2126; baseline 0.004 -25"><span class='ocrx_word' id='word_1_153' title='bbox 280 2039 367 2124; x_wconf 86' lang='lat' dir='ltr'><strong>quod</strong></span> <span class='ocrx_word' id='word_1_154' title='bbox 389 2039 550 2124; x_wconf 84' lang='lat' dir='ltr'><strong>plerisque</strong></span> <span class='ocrx_word' id='word_1_155' title='bbox 571 2039 708 2122; x_wconf 90' lang='lat' dir='ltr'><strong>primum</strong></span> <span class='ocrx_word' id='word_1_156' title='bbox 729 2045 793 2112; x_wconf 84' lang='lat' dir='ltr'><strong>est,</strong></span> <span class='ocrx_word' id='word_1_157' title='bbox 815 2039 883 2120; x_wconf 89' lang='lat' dir='ltr'><strong>ipse</strong></span> <span class='ocrx_word' id='word_1_158' title='bbox 904 2039 1022 2113; x_wconf 91' lang='lat' dir='ltr'><strong>honos,</strong></span> <span class='ocrx_word' id='word_1_159' title='bbox 1047 2039 1102 2123; x_wconf 89' lang='lat' dir='ltr'><strong>qui</strong></span> <span class='ocrx_word' id='word_1_160' title='bbox 1124 2041 1164 2102; x_wconf 90' lang='lat' dir='ltr'><strong>iis</strong></span> <span class='ocrx_word' id='word_1_161' title='bbox 1187 2040 1325 2126; x_wconf 89' lang='lat' dir='ltr'><strong>deniqne</strong></span> <span class='ocrx_word' id='word_1_162' title='bbox 1347 2040 1441 2106; x_wconf 90' lang='lat' dir='ltr'><strong>debet</strong></span> <span class='ocrx_word' id='word_1_163' title='bbox 1461 2061 1531 2106; x_wconf 91' lang='lat' dir='ltr'><strong>esse</strong></span> <span class='ocrx_word' id='word_1_164' title='bbox 1552 2043 1639 2106; x_wconf 80' lang='lat' dir='ltr'><strong>iu·⁴⁵</strong></span> <span class='ocrx_word' id='word_1_165' title='bbox 1756 2044 1767 2068; x_wconf 77' lang='lat'><strong>‘¹</strong></span> 
     </span>
     <span class='ocr_line' id='line_1_17' title="bbox 279 2119 1602 2290; baseline 0.005 -97"><span class='ocrx_word' id='word_1_166' title='bbox 279 2132 420 2290; x_wconf 48' lang='grc' dir='ltr'><strong>Ἠὼς,</strong></span> <span class='ocrx_word' id='word_1_167' title='bbox 443 2126 580 2217; x_wconf 83' lang='lat' dir='ltr'><strong>quorum</strong></span> <span class='ocrx_word' id='word_1_168' title='bbox 595 2131 741 2215; x_wconf 77' lang='lat' dir='ltr'><strong>dignitati</strong></span> <span class='ocrx_word' id='word_1_169' title='bbox 757 2131 894 2216; x_wconf 87' lang='lat' dir='ltr'><strong>populus</strong></span> <span class='ocrx_word' id='word_1_170' title='bbox 908 2119 1066 2197; x_wconf 66' lang='lat' dir='ltr'><strong>Romanus</strong></span> <span class='ocrx_word' id='word_1_171' title='bbox 1081 2132 1314 2211; x_wconf 88' lang='lat' dir='ltr'><strong>testimonium,</strong></span> <span class='ocrx_word' id='word_1_172' title='bbox 1336 2155 1400 2199; x_wconf 91' lang='lat' dir='ltr'><strong>non</strong></span> <span class='ocrx_word' id='word_1_173' title='bbox 1412 2131 1602 2200; x_wconf 88' lang='lat' dir='ltr'><strong>heneficium</strong></span> 
     </span>
    </p>

    <p class='ocr_par' dir='ltr' id='par_1_3' title="bbox 352 2225 560 2291">
     <span class='ocr_line' id='line_1_18' title="bbox 352 2225 560 2291; baseline -0.014 0"><span class='ocrx_word' id='word_1_174' title='bbox 352 2227 443 2291; x_wconf 90' lang='lat' dir='ltr'><strong>itioni</strong></span> <span class='ocrx_word' id='word_1_175' title='bbox 464 2225 560 2289; x_wconf 89' lang='lat' dir='ltr'><strong>dedit.</strong></span> 
     </span>
    </p>

    <p class='ocr_par' dir='ltr' id='par_1_4' title="bbox 268 2315 1845 4009">
     <span class='ocr_line' id='line_1_19' title="bbox 365 2315 1603 2409; baseline 0.004 -25"><span class='ocrx_word' id='word_1_176' title='bbox 365 2315 526 2384; x_wconf 81' lang='lat' dir='ltr'><strong>xx1.5l.</strong></span> <span class='ocrx_word' id='word_1_177' title='bbox 557 2319 691 2397; x_wconf 81' lang='lat' dir='ltr'><strong>Quaeris</strong></span> <span class='ocrx_word' id='word_1_178' title='bbox 719 2319 831 2394; x_wconf 86' lang='lat' dir='ltr'><strong>etiam,</strong></span> <span class='ocrx_word' id='word_1_179' title='bbox 862 2319 1057 2394; x_wconf 83' lang='lat' dir='ltr'><strong>Laterensis,</strong></span> <span class='ocrx_word' id='word_1_180' title='bbox 1093 2320 1170 2404; x_wconf 87' lang='lat' dir='ltr'><strong>quid</strong></span> <span class='ocrx_word' id='word_1_181' title='bbox 1199 2321 1388 2403; x_wconf 73' lang='lat' dir='ltr'><strong>imaginihus</strong></span> <span class='ocrx_word' id='word_1_182' title='bbox 1416 2325 1496 2401; x_wconf 87' lang='lat' dir='ltr'><strong>tuis,</strong></span> <span class='ocrx_word' id='word_1_183' title='bbox 1526 2325 1603 2409; x_wconf 90' lang='lat' dir='ltr'><strong>qnid</strong></span> 
     </span>
     <span class='ocr_line' id='line_1_20' title="bbox 282 2412 1604 2498; baseline 0.004 -20"><span class='ocrx_word' id='word_1_184' title='bbox 282 2414 483 2497; x_wconf 86' lang='lat' dir='ltr'><strong>ornatissimo</strong></span> <span class='ocrx_word' id='word_1_185' title='bbox 504 2420 601 2496; x_wconf 85' lang='lat' dir='ltr'><strong>atque</strong></span> <span class='ocrx_word' id='word_1_186' title='bbox 624 2413 743 2497; x_wconf 92' lang='lat' dir='ltr'><strong>optimo</strong></span> <span class='ocrx_word' id='word_1_187' title='bbox 764 2412 851 2485; x_wconf 79' lang='lat' dir='ltr'><strong>viro,</strong></span> <span class='ocrx_word' id='word_1_188' title='bbox 873 2413 1045 2497; x_wconf 90' lang='lat' dir='ltr'><strong>patrituo,</strong></span> <span class='ocrx_word' id='word_1_189' title='bbox 1066 2413 1259 2498; x_wconf 87' lang='lat' dir='ltr'><strong>respondeas</strong></span> <span class='ocrx_word' id='word_1_190' title='bbox 1280 2423 1413 2481; x_wconf 90' lang='lat' dir='ltr'><strong>mortuo.</strong></span> <span class='ocrx_word' id='word_1_191' title='bbox 1449 2419 1521 2483; x_wconf 88' lang='lat' dir='ltr'><strong>Noli</strong></span> <span class='ocrx_word' id='word_1_192' title='bbox 1543 2419 1604 2483; x_wconf 87' lang='lat' dir='ltr'><strong>ista</strong></span> 
     </span>
     <span class='ocr_line' id='line_1_21' title="bbox 281 2507 1786 2606; baseline -0.002 -33"><span class='ocrx_word' id='word_1_193' title='bbox 281 2509 427 2573; x_wconf 90' lang='lat' dir='ltr'><strong>meditari</strong></span> <span class='ocrx_word' id='word_1_194' title='bbox 454 2515 550 2592; x_wconf 88' lang='lat' dir='ltr'><strong>atque</strong></span> <span class='ocrx_word' id='word_1_195' title='bbox 578 2507 658 2570; x_wconf 92' lang='lat' dir='ltr'><strong>illud</strong></span> <span class='ocrx_word' id='word_1_196' title='bbox 679 2526 756 2571; x_wconf 88' lang='lat' dir='ltr'><strong>cave</strong></span> <span class='ocrx_word' id='word_1_197' title='bbox 784 2507 905 2590; x_wconf 86' lang='lat' dir='ltr'><strong>potins,</strong></span> <span class='ocrx_word' id='word_1_198' title='bbox 932 2529 973 2571; x_wconf 89' lang='lat' dir='ltr'><strong>ne</strong></span> <span class='ocrx_word' id='word_1_199' title='bbox 995 2515 1050 2572; x_wconf 88' lang='lat' dir='ltr'><strong>tna</strong></span> <span class='ocrx_word' id='word_1_200' title='bbox 1071 2510 1131 2602; x_wconf 64' lang='lat' dir='ltr'><strong>ista</strong></span> <span class='ocrx_word' id='word_1_201' title='bbox 1153 2507 1292 2592; x_wconf 88' lang='lat' dir='ltr'><strong>querella</strong></span> <span class='ocrx_word' id='word_1_202' title='bbox 1311 2510 1466 2596; x_wconf 85' lang='lat' dir='ltr'><strong>dolorque</strong></span> <span class='ocrx_word' id='word_1_203' title='bbox 1488 2513 1641 2577; x_wconf 78' lang='lat' dir='ltr'><strong>nimiusto</strong></span> <span class='ocrx_word' id='word_1_204' title='bbox 1763 2521 1786 2606; x_wconf 49' lang='grc' dir='ltr'><em>ᾖ</em></span> 
     </span>
     <span class='ocr_line' id='line_1_22' title="bbox 282 2601 1604 2690; baseline 0.002 -24"><span class='ocrx_word' id='word_1_205' title='bbox 282 2605 322 2667; x_wconf 86' lang='lat' dir='ltr'><strong>ab</strong></span> <span class='ocrx_word' id='word_1_206' title='bbox 343 2602 407 2666; x_wconf 90' lang='lat' dir='ltr'><strong>illis</strong></span> <span class='ocrx_word' id='word_1_207' title='bbox 429 2601 670 2688; x_wconf 87' lang='lat' dir='ltr'><strong>sapientissimis</strong></span> <span class='ocrx_word' id='word_1_208' title='bbox 690 2601 767 2664; x_wconf 83' lang='lat' dir='ltr'><strong>viris</strong></span> <span class='ocrx_word' id='word_1_209' title='bbox 788 2602 1047 2684; x_wconf 87' lang='lat' dir='ltr'><strong>reprehendatur.</strong></span> <span class='ocrx_word' id='word_1_210' title='bbox 1075 2602 1162 2666; x_wconf 88' lang='lat' dir='ltr'><strong>Vidit</strong></span> <span class='ocrx_word' id='word_1_211' title='bbox 1175 2604 1260 2666; x_wconf 94' lang='lat' dir='ltr'><strong>enim</strong></span> <span class='ocrx_word' id='word_1_212' title='bbox 1274 2611 1364 2686; x_wconf 90' lang='lat' dir='ltr'><strong>pater</strong></span> <span class='ocrx_word' id='word_1_213' title='bbox 1376 2612 1450 2669; x_wconf 86' lang='lat' dir='ltr'><strong>tuus</strong></span> <span class='ocrx_word' id='word_1_214' title='bbox 1464 2607 1604 2690; x_wconf 74' lang='lat' dir='ltr'><strong>Appium</strong></span> 
     </span>
     <span class='ocr_line' id='line_1_23' title="bbox 283 2685 1760 2790; baseline 0.004 -31"><span class='ocrx_word' id='word_1_215' title='bbox 283 2695 468 2771; x_wconf 87' lang='lat' dir='ltr'><strong>Claudium,</strong></span> <span class='ocrx_word' id='word_1_216' title='bbox 489 2695 721 2759; x_wconf 85' lang='lat' dir='ltr'><strong>nobilissimum</strong></span> <span class='ocrx_word' id='word_1_217' title='bbox 742 2696 922 2784; x_wconf 61' lang='lat' dir='ltr'><strong>hominem,</strong></span> <span class='ocrx_word' id='word_1_218' title='bbox 944 2698 1017 2761; x_wconf 78' lang='lat' dir='ltr'><strong>vivo</strong></span> <span class='ocrx_word' id='word_1_219' title='bbox 1039 2703 1127 2782; x_wconf 86' lang='lat' dir='ltr'><strong>patre</strong></span> <span class='ocrx_word' id='word_1_220' title='bbox 1150 2717 1225 2772; x_wconf 90' lang='lat' dir='ltr'><strong>suo,</strong></span> <span class='ocrx_word' id='word_1_221' title='bbox 1247 2699 1467 2780; x_wconf 89' lang='lat' dir='ltr'><strong>potentissimo</strong></span> <span class='ocrx_word' id='word_1_222' title='bbox 1490 2708 1521 2764; x_wconf 90' lang='lat' dir='ltr'><strong>et</strong></span> <span class='ocrx_word' id='word_1_223' title='bbox 1542 2701 1604 2764; x_wconf 90' lang='lat' dir='ltr'><strong>cla·</strong></span> <span class='ocrx_word' id='word_1_224' title='bbox 1661 2705 1673 2757; x_wconf 76' lang='lat' dir='ltr'><strong>l</strong></span> <span class='ocrx_word' id='word_1_225' title='bbox 1730 2685 1760 2790; x_wconf 60' lang='grc' dir='ltr'><em>ζ</em></span> 
     </span>
     <span class='ocr_line' id='line_1_24' title="bbox 281 2784 1674 2864; baseline 0.003 -11"><span class='ocrx_word' id='word_1_226' title='bbox 281 2790 407 2854; x_wconf 83' lang='lat' dir='ltr'><strong>sissimo</strong></span> <span class='ocrx_word' id='word_1_227' title='bbox 437 2789 516 2864; x_wconf 84' lang='lat' dir='ltr'><strong>civi,</strong></span> <span class='ocrx_word' id='word_1_228' title='bbox 543 2789 577 2852; x_wconf 89' lang='lat' dir='ltr'><strong>C.</strong></span> <span class='ocrx_word' id='word_1_229' title='bbox 600 2788 750 2864; x_wconf 86' lang='lat' dir='ltr'><strong>Claudio,</strong></span> <span class='ocrx_word' id='word_1_230' title='bbox 781 2791 914 2854; x_wconf 89' lang='lat' dir='ltr'><strong>aedilem</strong></span> <span class='ocrx_word' id='word_1_231' title='bbox 936 2811 1001 2854; x_wconf 94' lang='lat' dir='ltr'><strong>non</strong></span> <span class='ocrx_word' id='word_1_232' title='bbox 1025 2810 1095 2854; x_wconf 87' lang='lat' dir='ltr'><strong>esse</strong></span> <span class='ocrx_word' id='word_1_233' title='bbox 1116 2789 1234 2853; x_wconf 85' lang='lat' dir='ltr'><strong>iactum</strong></span> <span class='ocrx_word' id='word_1_234' title='bbox 1256 2798 1288 2856; x_wconf 88' lang='lat' dir='ltr'><strong>et</strong></span> <span class='ocrx_word' id='word_1_235' title='bbox 1308 2793 1444 2856; x_wconf 90' lang='lat' dir='ltr'><strong>eundem</strong></span> <span class='ocrx_word' id='word_1_236' title='bbox 1465 2793 1533 2856; x_wconf 92' lang='lat' dir='ltr'><strong>sine</strong></span> <span class='ocrx_word' id='word_1_237' title='bbox 1554 2813 1604 2857; x_wconf 91' lang='lat' dir='ltr'><strong>re·</strong></span> <span class='ocrx_word' id='word_1_238' title='bbox 1665 2784 1674 2834; x_wconf 64' lang='lat'><em>³</em></span> 
     </span>
     <span class='ocr_line' id='line_1_25' title="bbox 276 2865 1758 2988; baseline 0.003 -41"><span class='ocrx_word' id='word_1_239' title='bbox 276 2885 375 2971; x_wconf 87' lang='lat' dir='ltr'><strong>pulsa</strong></span> <span class='ocrx_word' id='word_1_240' title='bbox 400 2865 517 2947; x_wconf 66' lang='lat' dir='ltr'><strong>laesum</strong></span> <span class='ocrx_word' id='word_1_241' title='bbox 548 2903 617 2947; x_wconf 89' lang='lat' dir='ltr'><strong>esse</strong></span> <span class='ocrx_word' id='word_1_242' title='bbox 646 2879 933 2988; x_wconf 68' lang='lat' dir='ltr'><strong>consulem;(vidit</strong></span> <span class='ocrx_word' id='word_1_243' title='bbox 960 2884 1119 2947; x_wconf 92' lang='lat' dir='ltr'><strong>hominem</strong></span> <span class='ocrx_word' id='word_1_244' title='bbox 1150 2885 1211 2947; x_wconf 89' lang='lat' dir='ltr'><strong>sibi</strong></span> <span class='ocrx_word' id='word_1_245' title='bbox 1234 2886 1369 2950; x_wconf 83' lang='lat' dir='ltr'><strong>maxime</strong></span> <span class='ocrx_word' id='word_1_246' title='bbox 1391 2873 1611 2976; x_wconf 76' lang='lat' dir='ltr'><strong>coniunctum)</strong></span> <span class='ocrx_word' id='word_1_247' title='bbox 1745 2950 1758 2977; x_wconf 42' lang='lat' dir='ltr'><strong><em>f</em></strong></span> 
     </span>
     <span class='ocr_line' id='line_1_26' title="bbox 283 2969 1743 3134; baseline 0.001 -92"><span class='ocrx_word' id='word_1_248' title='bbox 283 2979 445 3062; x_wconf 77' lang='lat' dir='ltr'><strong>egregium</strong></span> <span class='ocrx_word' id='word_1_249' title='bbox 466 2979 584 3062; x_wconf 68' lang='lat' dir='ltr'><strong>virum,</strong></span> <span class='ocrx_word' id='word_1_250' title='bbox 606 2979 641 3039; x_wconf 87' lang='lat' dir='ltr'><strong>L.</strong></span> <span class='ocrx_word' id='word_1_251' title='bbox 662 2969 960 3134; x_wconf 47' lang='lat' dir='ltr'><strong>Volcatiumgvidit</strong></span> <span class='ocrx_word' id='word_1_252' title='bbox 980 2980 1021 3041; x_wconf 85' lang='grc' dir='ltr'><strong>Μ.</strong></span> <span class='ocrx_word' id='word_1_253' title='bbox 1037 2969 1191 3062; x_wconf 73' lang='lat' dir='ltr'><strong>Pisonem]</strong></span> <span class='ocrx_word' id='word_1_254' title='bbox 1204 2979 1265 3042; x_wconf 90' lang='lat' dir='ltr'><strong>ista</strong></span> <span class='ocrx_word' id='word_1_255' title='bbox 1282 2979 1316 3043; x_wconf 92' lang='lat' dir='ltr'><strong>in</strong></span> <span class='ocrx_word' id='word_1_256' title='bbox 1331 2979 1490 3044; x_wconf 88' lang='lat' dir='ltr'><strong>aedilitate</strong></span> <span class='ocrx_word' id='word_1_257' title='bbox 1505 2983 1641 3046; x_wconf 76' lang='lat' dir='ltr'><strong>onon-aa</strong></span> <span class='ocrx_word' id='word_1_258' title='bbox 1698 2972 1704 2986; x_wconf 83' lang='grc'><em>’</em></span> <span class='ocrx_word' id='word_1_259' title='bbox 1730 2984 1743 3043; x_wconf 80' lang='lat' dir='ltr'><strong>t</strong></span> 
     </span>
     <span class='ocr_line' id='line_1_27' title="bbox 282 3063 1795 3178; baseline 0.002 -42"><span class='ocrx_word' id='word_1_260' title='bbox 282 3071 426 3136; x_wconf 89' lang='lat' dir='ltr'><strong>sinncnla</strong></span> <span class='ocrx_word' id='word_1_261' title='bbox 448 3079 576 3155; x_wconf 87' lang='lat' dir='ltr'><strong>accepta</strong></span> <span class='ocrx_word' id='word_1_262' title='bbox 598 3090 736 3160; x_wconf 81' lang='lat' dir='ltr'><strong>summos</strong></span> <span class='ocrx_word' id='word_1_263' title='bbox 757 3090 777 3133; x_wconf 91' lang='lat' dir='ltr'><strong>a</strong></span> <span class='ocrx_word' id='word_1_264' title='bbox 797 3092 914 3154; x_wconf 92' lang='lat' dir='ltr'><strong>popuo</strong></span> <span class='ocrx_word' id='word_1_265' title='bbox 934 3063 1168 3178; x_wconf 75' lang='lat' dir='ltr'><strong>aoman0(esre</strong></span> <span class='ocrx_word' id='word_1_266' title='bbox 1189 3073 1328 3138; x_wconf 91' lang='lat' dir='ltr'><strong>honores</strong></span> <span class='ocrx_word' id='word_1_267' title='bbox 1342 3065 1492 3162; x_wconf 61' lang='lat' dir='ltr'><strong>adeptos)</strong></span> <span class='ocrx_word' id='word_1_268' title='bbox 1517 3075 1604 3138; x_wconf 80' lang='lat' dir='ltr'><strong>Avus</strong></span> <span class='ocrx_word' id='word_1_269' title='bbox 1692 3069 1795 3164; x_wconf 45' lang='lat' dir='ltr'><strong>*ab</strong></span> 
     </span>
     <span class='ocr_line' id='line_1_28' title="bbox 283 3165 1605 3250; baseline -0.001 -19"><span class='ocrx_word' id='word_1_270' title='bbox 283 3187 359 3231; x_wconf 88' lang='lat' dir='ltr'><strong>vero</strong></span> <span class='ocrx_word' id='word_1_271' title='bbox 381 3173 455 3230; x_wconf 89' lang='lat' dir='ltr'><strong>tuus</strong></span> <span class='ocrx_word' id='word_1_272' title='bbox 477 3172 510 3228; x_wconf 92' lang='lat' dir='ltr'><strong>et</strong></span> <span class='ocrx_word' id='word_1_273' title='bbox 538 3167 571 3228; x_wconf 88' lang='lat' dir='ltr'><strong>P.</strong></span> <span class='ocrx_word' id='word_1_274' title='bbox 593 3166 725 3228; x_wconf 83' lang='lat' dir='ltr'><strong>Nasicae</strong></span> <span class='ocrx_word' id='word_1_275' title='bbox 750 3165 809 3228; x_wconf 79' lang='lat' dir='ltr'><strong>sini</strong></span> <span class='ocrx_word' id='word_1_276' title='bbox 831 3165 1007 3231; x_wconf 88' lang='lat' dir='ltr'><strong>aediliciam</strong></span> <span class='ocrx_word' id='word_1_277' title='bbox 1029 3165 1224 3250; x_wconf 88' lang='lat' dir='ltr'><strong>praedicaret</strong></span> <span class='ocrx_word' id='word_1_278' title='bbox 1244 3168 1420 3250; x_wconf 86' lang='lat' dir='ltr'><strong>repulsam,</strong></span> <span class='ocrx_word' id='word_1_279' title='bbox 1449 3188 1512 3250; x_wconf 86' lang='lat' dir='ltr'><strong>quo</strong></span> <span class='ocrx_word' id='word_1_280' title='bbox 1535 3168 1605 3232; x_wconf 79' lang='lat' dir='ltr'><strong>cive</strong></span> 
     </span>
     <span class='ocr_line' id='line_1_29' title="bbox 282 3259 1605 3344; baseline 0.003 -20"><span class='ocrx_word' id='word_1_281' title='bbox 282 3261 441 3324; x_wconf 92' lang='lat' dir='ltr'><strong>neminem</strong></span> <span class='ocrx_word' id='word_1_282' title='bbox 463 3280 521 3343; x_wconf 77' lang='lat' dir='ltr'><strong>ego</strong></span> <span class='ocrx_word' id='word_1_283' title='bbox 542 3267 646 3324; x_wconf 87' lang='lat' dir='ltr'><strong>statuo</strong></span> <span class='ocrx_word' id='word_1_284' title='bbox 667 3260 700 3322; x_wconf 92' lang='lat' dir='ltr'><strong>in</strong></span> <span class='ocrx_word' id='word_1_285' title='bbox 720 3259 781 3323; x_wconf 87' lang='lat' dir='ltr'><strong>hac</strong></span> <span class='ocrx_word' id='word_1_286' title='bbox 802 3278 836 3321; x_wconf 90' lang='lat' dir='ltr'><strong>re</strong></span> <span class='ocrx_word' id='word_1_287' title='bbox 857 3259 983 3344; x_wconf 85' lang='lat' dir='ltr'><strong>publica</strong></span> <span class='ocrx_word' id='word_1_288' title='bbox 1005 3260 1183 3335; x_wconf 84' lang='lat' dir='ltr'><strong>fortiorem,</strong></span> <span class='ocrx_word' id='word_1_289' title='bbox 1211 3270 1243 3325; x_wconf 91' lang='lat' dir='ltr'><strong>ct</strong></span> <span class='ocrx_word' id='word_1_290' title='bbox 1265 3261 1299 3325; x_wconf 86' lang='lat' dir='ltr'><strong>C.</strong></span> <span class='ocrx_word' id='word_1_291' title='bbox 1322 3263 1428 3338; x_wconf 87' lang='lat' dir='ltr'><strong>Marii,</strong></span> <span class='ocrx_word' id='word_1_292' title='bbox 1450 3263 1506 3344; x_wconf 90' lang='lat' dir='ltr'><strong>qui</strong></span> <span class='ocrx_word' id='word_1_293' title='bbox 1528 3262 1605 3328; x_wconf 90' lang='lat' dir='ltr'><strong>dua·</strong></span> 
     </span>
     <span class='ocr_line' id='line_1_30' title="bbox 283 3353 1605 3437; baseline 0 -17"><span class='ocrx_word' id='word_1_294' title='bbox 283 3357 343 3420; x_wconf 89' lang='lat' dir='ltr'><strong>bns</strong></span> <span class='ocrx_word' id='word_1_295' title='bbox 364 3354 534 3419; x_wconf 89' lang='lat' dir='ltr'><strong>aedilitatis</strong></span> <span class='ocrx_word' id='word_1_296' title='bbox 555 3355 692 3437; x_wconf 87' lang='lat' dir='ltr'><strong>acceptis</strong></span> <span class='ocrx_word' id='word_1_297' title='bbox 712 3353 848 3436; x_wconf 87' lang='lat' dir='ltr'><strong>repulsis</strong></span> <span class='ocrx_word' id='word_1_298' title='bbox 869 3354 1008 3437; x_wconf 87' lang='lat' dir='ltr'><strong>septiens</strong></span> <span class='ocrx_word' id='word_1_299' title='bbox 1032 3355 1143 3418; x_wconf 87' lang='lat' dir='ltr'><strong>consul</strong></span> <span class='ocrx_word' id='word_1_300' title='bbox 1158 3363 1206 3418; x_wconf 89' lang='lat' dir='ltr'><strong>est</strong></span> <span class='ocrx_word' id='word_1_301' title='bbox 1223 3356 1335 3431; x_wconf 87' lang='lat' dir='ltr'><strong>tactus,</strong></span> <span class='ocrx_word' id='word_1_302' title='bbox 1357 3364 1389 3419; x_wconf 88' lang='lat' dir='ltr'><strong>et</strong></span> <span class='ocrx_word' id='word_1_303' title='bbox 1402 3357 1436 3419; x_wconf 90' lang='lat' dir='ltr'><strong>L.</strong></span> <span class='ocrx_word' id='word_1_304' title='bbox 1453 3356 1605 3433; x_wconf 86' lang='lat' dir='ltr'><strong>Caesaris,</strong></span> 
     </span>
     <span class='ocr_line' id='line_1_31' title="bbox 285 3446 1642 3533; baseline 0.001 -21"><span class='ocrx_word' id='word_1_305' title='bbox 285 3449 341 3512; x_wconf 85' lang='lat' dir='ltr'><strong>Cn.</strong></span> <span class='ocrx_word' id='word_1_306' title='bbox 364 3448 504 3522; x_wconf 78' lang='lat' dir='ltr'><strong>Octavii,</strong></span> <span class='ocrx_word' id='word_1_307' title='bbox 525 3449 568 3512; x_wconf 81' lang='lat' dir='ltr'><strong>M.</strong></span> <span class='ocrx_word' id='word_1_308' title='bbox 591 3446 703 3522; x_wconf 91' lang='lat' dir='ltr'><strong>Tullii,</strong></span> <span class='ocrx_word' id='word_1_309' title='bbox 726 3466 807 3530; x_wconf 89' lang='lat' dir='ltr'><strong>qnos</strong></span> <span class='ocrx_word' id='word_1_310' title='bbox 829 3467 939 3512; x_wconf 90' lang='lat' dir='ltr'><strong>omnes</strong></span> <span class='ocrx_word' id='word_1_311' title='bbox 953 3449 1070 3513; x_wconf 87' lang='lat' dir='ltr'><strong>scimus</strong></span> <span class='ocrx_word' id='word_1_312' title='bbox 1085 3449 1245 3513; x_wconf 86' lang='lat' dir='ltr'><strong>aedilitate</strong></span> <span class='ocrx_word' id='word_1_313' title='bbox 1258 3449 1443 3533; x_wconf 89' lang='lat' dir='ltr'><strong>praeteritos</strong></span> <span class='ocrx_word' id='word_1_314' title='bbox 1458 3449 1642 3514; x_wconf 73' lang='lat' dir='ltr'><strong>consulesne</strong></span> 
     </span>
     <span class='ocr_line' id='line_1_32' title="bbox 284 3539 1604 3629; baseline 0.002 -22"><span class='ocrx_word' id='word_1_315' title='bbox 284 3563 355 3607; x_wconf 90' lang='lat' dir='ltr'><strong>esse</strong></span> <span class='ocrx_word' id='word_1_316' title='bbox 376 3542 487 3605; x_wconf 85' lang='lat' dir='ltr'><strong>tactor.</strong></span> <span class='ocrx_word' id='word_1_317' title='bbox 530 3539 582 3603; x_wconf 75' lang='lat'><strong>52.</strong></span> <span class='ocrx_word' id='word_1_318' title='bbox 605 3540 666 3604; x_wconf 89' lang='lat' dir='ltr'><strong>Sed</strong></span> <span class='ocrx_word' id='word_1_319' title='bbox 696 3539 773 3624; x_wconf 93' lang='lat' dir='ltr'><strong>quid</strong></span> <span class='ocrx_word' id='word_1_320' title='bbox 800 3561 861 3624; x_wconf 79' lang='lat' dir='ltr'><strong>ego</strong></span> <span class='ocrx_word' id='word_1_321' title='bbox 887 3543 1045 3607; x_wconf 87' lang='lat' dir='ltr'><strong>aedilicias</strong></span> <span class='ocrx_word' id='word_1_322' title='bbox 1067 3543 1212 3626; x_wconf 90' lang='lat' dir='ltr'><strong>repulsas</strong></span> <span class='ocrx_word' id='word_1_323' title='bbox 1233 3544 1375 3627; x_wconf 75' lang='lat' dir='ltr'><strong>colliget</strong></span> <span class='ocrx_word' id='word_1_324' title='bbox 1404 3565 1488 3629; x_wconf 89' lang='lat' dir='ltr'><strong>qnae</strong></span> <span class='ocrx_word' id='word_1_325' title='bbox 1509 3563 1604 3628; x_wconf 88' lang='lat' dir='ltr'><strong>saepe</strong></span> 
     </span>
     <span class='ocr_line' id='line_1_33' title="bbox 285 3631 1604 3724; baseline 0.001 -23"><span class='ocrx_word' id='word_1_326' title='bbox 285 3637 353 3701; x_wconf 88' lang='lat' dir='ltr'><strong>eius</strong></span> <span class='ocrx_word' id='word_1_327' title='bbox 376 3636 463 3698; x_wconf 92' lang='lat' dir='ltr'><strong>modi</strong></span> <span class='ocrx_word' id='word_1_328' title='bbox 483 3635 611 3698; x_wconf 88' lang='lat' dir='ltr'><strong>habitae</strong></span> <span class='ocrx_word' id='word_1_329' title='bbox 633 3641 723 3709; x_wconf 90' lang='lat' dir='ltr'><strong>sunt,</strong></span> <span class='ocrx_word' id='word_1_330' title='bbox 745 3641 781 3698; x_wconf 92' lang='lat' dir='ltr'><strong>ut</strong></span> <span class='ocrx_word' id='word_1_331' title='bbox 801 3635 859 3709; x_wconf 91' lang='lat' dir='ltr'><strong>iis,</strong></span> <span class='ocrx_word' id='word_1_332' title='bbox 880 3637 935 3719; x_wconf 88' lang='lat' dir='ltr'><strong>qui</strong></span> <span class='ocrx_word' id='word_1_333' title='bbox 957 3637 1121 3719; x_wconf 88' lang='lat' dir='ltr'><strong>praeteriti</strong></span> <span class='ocrx_word' id='word_1_334' title='bbox 1142 3645 1263 3714; x_wconf 89' lang='lat' dir='ltr'><strong>essent,</strong></span> <span class='ocrx_word' id='word_1_335' title='bbox 1289 3638 1426 3722; x_wconf 81' lang='lat' dir='ltr'><strong>benigne</strong></span> <span class='ocrx_word' id='word_1_336' title='bbox 1447 3661 1466 3704; x_wconf 94' lang='lat' dir='ltr'><strong>a</strong></span> <span class='ocrx_word' id='word_1_337' title='bbox 1487 3631 1604 3724; x_wconf 84' lang='lat' dir='ltr'><strong>populo</strong></span> 
     </span>
     <span class='ocr_line' id='line_1_34' title="bbox 284 3713 1758 3888; baseline 0.006 -95"><span class='ocrx_word' id='word_1_338' title='bbox 284 3731 401 3796; x_wconf 78' lang='lat' dir='ltr'><strong>tactum</strong></span> <span class='ocrx_word' id='word_1_339' title='bbox 422 3728 589 3793; x_wconf 65' lang='lat' dir='ltr'><strong>ademtae.</strong></span> <span class='ocrx_word' id='word_1_340' title='bbox 611 3721 789 3815; x_wconf 60' lang='lat' dir='ltr'><strong>tresanus</strong></span> <span class='ocrx_word' id='word_1_341' title='bbox 821 3729 956 3793; x_wconf 75' lang='lat' dir='ltr'><strong>militum</strong></span> <span class='ocrx_word' id='word_1_342' title='bbox 978 3731 1014 3793; x_wconf 79' lang='lat' dir='ltr'><strong>a.</strong></span> <span class='ocrx_word' id='word_1_343' title='bbox 1036 3711 1224 3888; x_wconf 70' lang='lat' dir='ltr'><strong>cnsrippmp</strong></span> <span class='ocrx_word' id='word_1_344' title='bbox 1248 3752 1371 3797; x_wconf 76' lang='lat' dir='ltr'><strong>summa</strong></span> <span class='ocrx_word' id='word_1_345' title='bbox 1391 3735 1552 3799; x_wconf 67' lang='lat' dir='ltr'><strong>nonarius</strong></span> <span class='ocrx_word' id='word_1_346' title='bbox 1574 3741 1605 3798; x_wconf 75' lang='lat' dir='ltr'><strong>st</strong></span> <span class='ocrx_word' id='word_1_347' title='bbox 1632 3751 1687 3818; x_wconf 54' lang='grc' dir='ltr'><strong>,ῃ</strong></span> <span class='ocrx_word' id='word_1_348' title='bbox 1731 3713 1758 3802; x_wconf 70' lang='lat' dir='ltr'><em>A</em></span> 
     </span>
     <span class='ocr_line' id='line_1_35' title="bbox 286 3810 1729 3910; baseline 0.006 -22"><span class='ocrx_word' id='word_1_349' title='bbox 286 3821 659 3910; x_wconf 74' lang='lat' dir='ltr'><strong>eloquentia,lqnaestor</strong></span> <span class='ocrx_word' id='word_1_350' title='bbox 686 3823 719 3886; x_wconf 83' lang='lat' dir='ltr'><strong>C.</strong></span> <span class='ocrx_word' id='word_1_351' title='bbox 743 3810 888 3898; x_wconf 80' lang='lat' dir='ltr'><strong>Caelius)</strong></span> <span class='ocrx_word' id='word_1_352' title='bbox 916 3822 1107 3888; x_wconf 88' lang='lat' dir='ltr'><strong>clarissimus</strong></span> <span class='ocrx_word' id='word_1_353' title='bbox 1135 3845 1172 3889; x_wconf 90' lang='lat' dir='ltr'><strong>ac</strong></span> <span class='ocrx_word' id='word_1_354' title='bbox 1213 3827 1391 3890; x_wconf 90' lang='lat' dir='ltr'><strong>ortissimus</strong></span> <span class='ocrx_word' id='word_1_355' title='bbox 1412 3827 1605 3903; x_wconf 87' lang='lat' dir='ltr'><strong>adolescens,</strong></span> <span class='ocrx_word' id='word_1_356' title='bbox 1640 3832 1644 3897; x_wconf 61' lang='grc' dir='ltr'>ἰ</span> <span class='ocrx_word' id='word_1_357' title='bbox 1726 3871 1729 3876; x_wconf 92' lang='grc'>-</span> 
     </span>
     <span class='ocr_line' id='line_1_36' title="bbox 268 3889 1845 4009; baseline 0.005 -27"><span class='ocrx_word' id='word_1_358' title='bbox 268 3907 467 4009; x_wconf 57' lang='lat' dir='ltr'><strong>(amunta.</strong></span> <span class='ocrx_word' id='word_1_359' title='bbox 490 3919 523 3981; x_wconf 85' lang='lat' dir='ltr'><strong>c.</strong></span> <span class='ocrx_word' id='word_1_360' title='bbox 544 3917 682 3980; x_wconf 69' lang='lat' dir='ltr'><strong>aurarius</strong></span> <span class='ocrx_word' id='word_1_361' title='bbox 702 3917 819 3993; x_wconf 77' lang='lat' dir='ltr'><strong>nurus,</strong></span> <span class='ocrx_word' id='word_1_362' title='bbox 853 3916 886 3980; x_wconf 87' lang='lat' dir='ltr'><strong>c.</strong></span> <span class='ocrx_word' id='word_1_363' title='bbox 907 3917 1060 3993; x_wconf 70' lang='lat' dir='ltr'><strong>rimosa,</strong></span> <span class='ocrx_word' id='word_1_364' title='bbox 1083 3918 1116 3981; x_wconf 89' lang='lat' dir='ltr'><strong>c.</strong></span> <span class='ocrx_word' id='word_1_365' title='bbox 1140 3919 1281 3996; x_wconf 79' lang='lat' dir='ltr'><strong>cassius,</strong></span> <span class='ocrx_word' id='word_1_366' title='bbox 1304 3919 1360 3984; x_wconf 79' lang='lat' dir='ltr'><strong>cn.</strong></span> <span class='ocrx_word' id='word_1_367' title='bbox 1382 3920 1510 3985; x_wconf 70' lang='lat' dir='ltr'><strong>orestes</strong></span> <span class='ocrx_word' id='word_1_368' title='bbox 1530 3919 1646 3987; x_wconf 71' lang='lat' dir='ltr'><strong>caenas</strong></span> <span class='ocrx_word' id='word_1_369' title='bbox 1706 3889 1746 3996; x_wconf 70' lang='lat' dir='ltr'><strong>d</strong></span> <span class='ocrx_word' id='word_1_370' title='bbox 1775 3893 1845 3990; x_wconf 56' lang='lat' dir='ltr'><strong>td</strong></span> 
     </span>
    </p>
   </div>
   <div class='ocr_carea' id='block_1_3' title="bbox 285 4010 1605 4114">
    <p class='ocr_par' dir='ltr' id='par_1_5' title="bbox 285 4010 1605 4114">
     <span class='ocr_line' id='line_1_37' title="bbox 285 4010 1605 4114; baseline 0.002 -39"><span class='ocrx_word' id='word_1_371' title='bbox 285 4032 350 4076; x_wconf 93' lang='lat' dir='ltr'><strong>non</strong></span> <span class='ocrx_word' id='word_1_372' title='bbox 378 4018 468 4114; x_wconf 61' lang='lat' dir='ltr'><strong>sapt,</strong></span> <span class='ocrx_word' id='word_1_373' title='bbox 497 4030 577 4094; x_wconf 82' lang='lat' dir='ltr'><strong>quos</strong></span> <span class='ocrx_word' id='word_1_374' title='bbox 606 4018 713 4076; x_wconf 65' lang='lat' dir='ltr'><strong>amen</strong></span> <span class='ocrx_word' id='word_1_375' title='bbox 743 4030 853 4075; x_wconf 91' lang='lat' dir='ltr'><strong>omnes</strong></span> <span class='ocrx_word' id='word_1_376' title='bbox 885 4011 1033 4076; x_wconf 90' lang='lat' dir='ltr'><strong>consules</strong></span> <span class='ocrx_word' id='word_1_377' title='bbox 1053 4010 1153 4076; x_wconf 84' lang='lat' dir='ltr'><strong>iactos</strong></span> <span class='ocrx_word' id='word_1_378' title='bbox 1175 4013 1292 4078; x_wconf 87' lang='lat' dir='ltr'><strong>scimus</strong></span> <span class='ocrx_word' id='word_1_379' title='bbox 1318 4033 1404 4080; x_wconf 88' lang='lat' dir='ltr'><strong>esse:</strong></span> <span class='ocrx_word' id='word_1_380' title='bbox 1436 4035 1519 4100; x_wconf 84' lang='lat' dir='ltr'><strong>quae</strong></span> <span class='ocrx_word' id='word_1_381' title='bbox 1547 4014 1605 4080; x_wconf 84' lang='lat' dir='ltr'><strong>tini</strong></span> 
     </span>
    </p>
   </div>
   <div class='ocr_carea' id='block_1_4' title="bbox 283 4279 1608 5324">
    <p class='ocr_par' dir='ltr' id='par_1_6' title="bbox 283 4279 1608 5324">
     <span class='ocr_line' id='line_1_38' title="bbox 350 4279 1607 4350; baseline 0.002 -17"><span class='ocrx_word' id='word_1_382' title='bbox 350 4281 526 4334; x_wconf 64' lang='lat' dir='ltr'><strong>tesselli:</strong></span> <span class='ocrx_word' id='word_1_383' title='bbox 552 4293 605 4332; x_wconf 91' lang='lat' dir='ltr'><strong>om.</strong></span> <span class='ocrx_word' id='word_1_384' title='bbox 624 4281 644 4332; x_wconf 92' lang='lat'>0</span> <span class='ocrx_word' id='word_1_385' title='bbox 664 4307 697 4318; x_wconf 82' lang='lat'>-</span> <span class='ocrx_word' id='word_1_386' title='bbox 722 4279 747 4331; x_wconf 85' lang='grc'><strong>3.</strong></span> <span class='ocrx_word' id='word_1_387' title='bbox 765 4285 846 4331; x_wconf 73' lang='lat' dir='ltr'><strong>mam</strong></span> <span class='ocrx_word' id='word_1_388' title='bbox 863 4280 956 4344; x_wconf 77' lang='lat' dir='ltr'><strong>(sicl&#39;l&#39;</strong></span> <span class='ocrx_word' id='word_1_389' title='bbox 977 4307 1012 4319; x_wconf 90' lang='lat'><strong>·-</strong></span> <span class='ocrx_word' id='word_1_390' title='bbox 1035 4279 1060 4333; x_wconf 86' lang='lat' dir='ltr'><strong>l.</strong></span> <span class='ocrx_word' id='word_1_391' title='bbox 1078 4281 1277 4334; x_wconf 80' lang='lat' dir='ltr'><strong>aedom&#39;l&#39;-</strong></span> <span class='ocrx_word' id='word_1_392' title='bbox 1298 4283 1407 4350; x_wconf 67' lang='lat' dir='ltr'><strong>coratio]</strong></span> <span class='ocrx_word' id='word_1_393' title='bbox 1423 4284 1607 4336; x_wconf 70' lang='lat' dir='ltr'><strong>emittet-</strong></span> 
     </span>
     <span class='ocr_line' id='line_1_39' title="bbox 284 4357 1608 4424; baseline 0.001 -13"><span class='ocrx_word' id='word_1_394' title='bbox 284 4357 1356 4424; x_wconf 50' lang='lat' dir='ltr'><strong>tamena-o.matanazsttcffluerouoo-apopunaJ</strong></span> <span class='ocrx_word' id='word_1_395' title='bbox 1375 4360 1608 4423; x_wconf 67' lang='lat' dir='ltr'><strong>par-anon</strong></span> 
     </span>
     <span class='ocr_line' id='line_1_40' title="bbox 286 4431 1608 4498; baseline 0.002 -13"><span class='ocrx_word' id='word_1_396' title='bbox 286 4435 369 4485; x_wconf 77' lang='lat' dir='ltr'><strong>dubito</strong></span> <span class='ocrx_word' id='word_1_397' title='bbox 386 4436 447 4497; x_wconf 65' lang='lat' dir='ltr'><strong>qao</strong></span> <span class='ocrx_word' id='word_1_398' title='bbox 462 4435 541 4484; x_wconf 77' lang='lat' dir='ltr'><strong>musis</strong></span> <span class='ocrx_word' id='word_1_399' title='bbox 556 4446 707 4484; x_wconf 68' lang='lat' dir='ltr'><strong>emersura</strong></span> <span class='ocrx_word' id='word_1_400' title='bbox 721 4433 799 4498; x_wconf 63' lang='lat' dir='ltr'><strong>[sumt</strong></span> <span class='ocrx_word' id='word_1_401' title='bbox 813 4433 945 4484; x_wconf 64' lang='lat' dir='ltr'><strong>malma</strong></span> <span class='ocrx_word' id='word_1_402' title='bbox 960 4433 1044 4485; x_wconf 86' lang='lat' dir='ltr'><strong>habet</strong></span> <span class='ocrx_word' id='word_1_403' title='bbox 1058 4434 1202 4485; x_wconf 78' lang='lat' dir='ltr'><strong>Arusianus</strong></span> <span class='ocrx_word' id='word_1_404' title='bbox 1219 4431 1252 4486; x_wconf 89' lang='lat' dir='ltr'><strong>ll.</strong></span> <span class='ocrx_word' id='word_1_405' title='bbox 1272 4448 1294 4486; x_wconf 88' lang='lat' dir='ltr'><strong>s.</strong></span> <span class='ocrx_word' id='word_1_406' title='bbox 1312 4447 1338 4485; x_wconf 80' lang='lat' dir='ltr'><strong>u.</strong></span> <span class='ocrx_word' id='word_1_407' title='bbox 1351 4434 1519 4486; x_wconf 74' lang='lat' dir='ltr'><strong>Conversum</strong></span> <span class='ocrx_word' id='word_1_408' title='bbox 1535 4437 1569 4486; x_wconf 82' lang='lat' dir='ltr'><strong>cd</strong></span> <span class='ocrx_word' id='word_1_409' title='bbox 1585 4442 1608 4488; x_wconf 84' lang='lat' dir='ltr'><strong>te</strong></span> 
     </span>
     <span class='ocr_line' id='line_1_41' title="bbox 284 4507 1608 4575; baseline -0.002 -13"><span class='ocrx_word' id='word_1_410' title='bbox 284 4526 333 4575; x_wconf 89' lang='lat' dir='ltr'><strong>pro</strong></span> <span class='ocrx_word' id='word_1_411' title='bbox 347 4511 525 4562; x_wconf 61' lang='lat' dir='ltr'><strong>emerendae</strong></span> <span class='ocrx_word' id='word_1_412' title='bbox 539 4522 566 4574; x_wconf 89' lang='lat' dir='ltr'><strong>p.</strong></span> <span class='ocrx_word' id='word_1_413' title='bbox 578 4509 623 4560; x_wconf 70' lang='lat' dir='ltr'><strong>tit</strong></span> <span class='ocrx_word' id='word_1_414' title='bbox 645 4508 688 4560; x_wconf 92' lang='lat' dir='ltr'><strong>ed.</strong></span> <span class='ocrx_word' id='word_1_415' title='bbox 703 4509 822 4559; x_wconf 76' lang='lat' dir='ltr'><strong>Lindem.</strong></span> <span class='ocrx_word' id='word_1_416' title='bbox 834 4535 868 4546; x_wconf 90' lang='lat'>-</span> <span class='ocrx_word' id='word_1_417' title='bbox 883 4522 933 4559; x_wconf 78' lang='lat' dir='ltr'><strong>ooo</strong></span> <span class='ocrx_word' id='word_1_418' title='bbox 949 4508 1041 4574; x_wconf 70' lang='lat' dir='ltr'><strong>dodim]</strong></span> <span class='ocrx_word' id='word_1_419' title='bbox 1058 4521 1124 4558; x_wconf 80' lang='lat' dir='ltr'><strong>auce</strong></span> <span class='ocrx_word' id='word_1_420' title='bbox 1139 4507 1222 4558; x_wconf 76' lang='lat' dir='ltr'><strong>tobim</strong></span> <span class='ocrx_word' id='word_1_421' title='bbox 1233 4508 1295 4560; x_wconf 78' lang='lat' dir='ltr'><strong>T-</strong></span> <span class='ocrx_word' id='word_1_422' title='bbox 1312 4507 1337 4558; x_wconf 83' lang='grc'><strong>9.</strong></span> <span class='ocrx_word' id='word_1_423' title='bbox 1349 4509 1494 4570; x_wconf 77' lang='lat' dir='ltr'><strong>Numquam</strong></span> <span class='ocrx_word' id='word_1_424' title='bbox 1504 4521 1608 4574; x_wconf 75' lang='lat' dir='ltr'><strong>--aop-</strong></span> 
     </span>
     <span class='ocr_line' id='line_1_42' title="bbox 283 4583 1605 4650; baseline 0.001 -14"><span class='ocrx_word' id='word_1_425' title='bbox 283 4584 530 4650; x_wconf 72' lang='lat' dir='ltr'><strong>plechabetv—</strong></span> <span class='ocrx_word' id='word_1_426' title='bbox 551 4583 760 4645; x_wconf 65' lang='lat' dir='ltr'><strong>racemi·</strong></span> <span class='ocrx_word' id='word_1_427' title='bbox 784 4583 1018 4648; x_wconf 72' lang='lat' dir='ltr'><strong>to.tnapern-</strong></span> <span class='ocrx_word' id='word_1_428' title='bbox 1040 4584 1475 4636; x_wconf 78' lang='lat' dir='ltr'><strong>Roneocoom.v-ll.ert1i:</strong></span> <span class='ocrx_word' id='word_1_429' title='bbox 1498 4587 1605 4647; x_wconf 75' lang='lat' dir='ltr'><strong>auntl&#39;3</strong></span> 
     </span>
     <span class='ocr_line' id='line_1_43' title="bbox 286 4658 1608 4725; baseline 0.001 -14"><span class='ocrx_word' id='word_1_430' title='bbox 286 4661 335 4725; x_wconf 65' lang='grc' dir='ltr'><em>Μ</em></span> <span class='ocrx_word' id='word_1_431' title='bbox 351 4660 381 4711; x_wconf 88' lang='grc'><strong>0.</strong></span> <span class='ocrx_word' id='word_1_432' title='bbox 403 4659 443 4710; x_wconf 86' lang='lat' dir='ltr'><strong>ct.</strong></span> <span class='ocrx_word' id='word_1_433' title='bbox 461 4658 628 4721; x_wconf 82' lang='lat' dir='ltr'><strong>Wesenberg</strong></span> <span class='ocrx_word' id='word_1_434' title='bbox 644 4659 678 4709; x_wconf 90' lang='lat' dir='ltr'><strong>ad</strong></span> <span class='ocrx_word' id='word_1_435' title='bbox 695 4671 734 4709; x_wconf 93' lang='lat' dir='ltr'><strong>or.</strong></span> <span class='ocrx_word' id='word_1_436' title='bbox 753 4671 780 4723; x_wconf 92' lang='lat' dir='ltr'><strong>p.</strong></span> <span class='ocrx_word' id='word_1_437' title='bbox 799 4659 883 4710; x_wconf 85' lang='lat' dir='ltr'><strong>Sestio</strong></span> <span class='ocrx_word' id='word_1_438' title='bbox 899 4673 925 4724; x_wconf 95' lang='lat' dir='ltr'><strong>p.</strong></span> <span class='ocrx_word' id='word_1_439' title='bbox 939 4658 971 4710; x_wconf 74' lang='grc'><strong>45</strong></span> <span class='ocrx_word' id='word_1_440' title='bbox 988 4672 1015 4709; x_wconf 92' lang='lat' dir='ltr'><strong>n.</strong></span> <span class='ocrx_word' id='word_1_441' title='bbox 1035 4682 1062 4695; x_wconf 90' lang='lat'>-</span> <span class='ocrx_word' id='word_1_442' title='bbox 1082 4659 1114 4708; x_wconf 81' lang='lat' dir='ltr'><strong>stt</strong></span> <span class='ocrx_word' id='word_1_443' title='bbox 1129 4659 1163 4708; x_wconf 79' lang='lat' dir='ltr'><strong>tot</strong></span> <span class='ocrx_word' id='word_1_444' title='bbox 1179 4659 1199 4710; x_wconf 86' lang='grc' dir='ltr'><strong>Τ</strong></span> <span class='ocrx_word' id='word_1_445' title='bbox 1213 4685 1237 4697; x_wconf 89' lang='grc'>-</span> <span class='ocrx_word' id='word_1_446' title='bbox 1259 4661 1299 4711; x_wconf 78' lang='lat' dir='ltr'><strong>lt.</strong></span> <span class='ocrx_word' id='word_1_447' title='bbox 1317 4659 1356 4725; x_wconf 79' lang='lat' dir='ltr'><strong>tta]</strong></span> <span class='ocrx_word' id='word_1_448' title='bbox 1373 4660 1396 4710; x_wconf 75' lang='lat' dir='ltr'><strong>ts</strong></span> <span class='ocrx_word' id='word_1_449' title='bbox 1410 4661 1470 4711; x_wconf 84' lang='grc' dir='ltr'><strong>Τ-</strong></span> <span class='ocrx_word' id='word_1_450' title='bbox 1488 4661 1608 4712; x_wconf 65' lang='lat' dir='ltr'><strong>iocum</strong></span> 
     </span>
     <span class='ocr_line' id='line_1_44' title="bbox 287 4732 1605 4798; baseline 0.001 -11"><span class='ocrx_word' id='word_1_451' title='bbox 287 4737 354 4787; x_wconf 86' lang='lat' dir='ltr'><strong>E-</strong></span> <span class='ocrx_word' id='word_1_452' title='bbox 378 4733 522 4798; x_wconf 59' lang='lat' dir='ltr'><strong>lupercal.</strong></span> <span class='ocrx_word' id='word_1_453' title='bbox 548 4734 663 4784; x_wconf 83' lang='lat' dir='ltr'><strong>.r.l·-</strong></span> <span class='ocrx_word' id='word_1_454' title='bbox 688 4734 916 4796; x_wconf 47' lang='lat' dir='ltr'><strong>acescentem</strong></span> <span class='ocrx_word' id='word_1_455' title='bbox 940 4733 1112 4797; x_wconf 63' lang='lat' dir='ltr'><strong>macno</strong></span> <span class='ocrx_word' id='word_1_456' title='bbox 1135 4759 1161 4770; x_wconf 90' lang='lat'><em>—</em></span> <span class='ocrx_word' id='word_1_457' title='bbox 1185 4732 1390 4786; x_wconf 71' lang='lat' dir='ltr'><strong>itl&#39;r&#39;edT-</strong></span> <span class='ocrx_word' id='word_1_458' title='bbox 1413 4734 1605 4788; x_wconf 54' lang='lat' dir='ltr'><strong>aleelmi:</strong></span> 
     </span>
     <span class='ocr_line' id='line_1_45' title="bbox 287 4807 1607 4872; baseline 0.001 -10"><span class='ocrx_word' id='word_1_459' title='bbox 287 4812 341 4862; x_wconf 78' lang='lat' dir='ltr'><strong>ciue</strong></span> <span class='ocrx_word' id='word_1_460' title='bbox 356 4811 376 4862; x_wconf 94' lang='lat'>0</span> <span class='ocrx_word' id='word_1_461' title='bbox 390 4836 417 4847; x_wconf 91' lang='lat'>-</span> <span class='ocrx_word' id='word_1_462' title='bbox 435 4810 477 4862; x_wconf 73' lang='lat'><strong>25.</strong></span> <span class='ocrx_word' id='word_1_463' title='bbox 493 4808 634 4860; x_wconf 68' lang='lat' dir='ltr'><strong>maaser</strong></span> <span class='ocrx_word' id='word_1_464' title='bbox 649 4808 698 4860; x_wconf 84' lang='lat' dir='ltr'><strong>TE</strong></span> <span class='ocrx_word' id='word_1_465' title='bbox 717 4835 745 4844; x_wconf 92' lang='lat'><em>-</em></span> <span class='ocrx_word' id='word_1_466' title='bbox 762 4810 974 4872; x_wconf 77' lang='lat' dir='ltr'><strong>istc--cceeptc</strong></span> <span class='ocrx_word' id='word_1_467' title='bbox 988 4809 1072 4860; x_wconf 88' lang='lat' dir='ltr'><strong>habet</strong></span> <span class='ocrx_word' id='word_1_468' title='bbox 1085 4809 1233 4860; x_wconf 81' lang='lat' dir='ltr'><strong>Priscianus</strong></span> <span class='ocrx_word' id='word_1_469' title='bbox 1249 4810 1298 4872; x_wconf 87' lang='lat'><strong>111,</strong></span> <span class='ocrx_word' id='word_1_470' title='bbox 1317 4809 1341 4871; x_wconf 80' lang='grc'><strong>6,</strong></span> <span class='ocrx_word' id='word_1_471' title='bbox 1354 4807 1436 4861; x_wconf 75' lang='lat' dir='ltr'><strong>3l.-</strong></span> <span class='ocrx_word' id='word_1_472' title='bbox 1453 4810 1504 4862; x_wconf 77' lang='lat' dir='ltr'><strong>tete</strong></span> <span class='ocrx_word' id='word_1_473' title='bbox 1518 4811 1545 4862; x_wconf 81' lang='lat' dir='ltr'><strong>to</strong></span> <span class='ocrx_word' id='word_1_474' title='bbox 1561 4813 1607 4863; x_wconf 83' lang='lat' dir='ltr'><strong>TE</strong></span> 
     </span>
     <span class='ocr_line' id='line_1_46' title="bbox 289 4882 1604 4950; baseline 0 -12"><span class='ocrx_word' id='word_1_475' title='bbox 289 4888 317 4938; x_wconf 88' lang='lat' dir='ltr'><strong>et</strong></span> <span class='ocrx_word' id='word_1_476' title='bbox 331 4885 497 4937; x_wconf 82' lang='lat' dir='ltr'><strong>Priscianus:</strong></span> <span class='ocrx_word' id='word_1_477' title='bbox 515 4886 544 4935; x_wconf 79' lang='lat' dir='ltr'><strong>la</strong></span> <span class='ocrx_word' id='word_1_478' title='bbox 559 4885 609 4934; x_wconf 77' lang='lat' dir='ltr'><strong>ista</strong></span> <span class='ocrx_word' id='word_1_479' title='bbox 625 4884 645 4935; x_wconf 94' lang='lat'>0</span> <span class='ocrx_word' id='word_1_480' title='bbox 663 4909 693 4921; x_wconf 96' lang='lat'>-</span> <span class='ocrx_word' id='word_1_481' title='bbox 710 4883 819 4936; x_wconf 59' lang='lat' dir='ltr'><strong>adme</strong></span> <span class='ocrx_word' id='word_1_482' title='bbox 833 4885 854 4935; x_wconf 87' lang='lat' dir='ltr'>T</span> <span class='ocrx_word' id='word_1_483' title='bbox 871 4911 899 4921; x_wconf 94' lang='grc'>-</span> <span class='ocrx_word' id='word_1_484' title='bbox 917 4885 958 4936; x_wconf 81' lang='lat'><strong>26.</strong></span> <span class='ocrx_word' id='word_1_485' title='bbox 976 4885 1156 4937; x_wconf 73' lang='lat' dir='ltr'><strong>dominecoom</strong></span> <span class='ocrx_word' id='word_1_486' title='bbox 1173 4885 1319 4950; x_wconf 85' lang='lat' dir='ltr'><strong>(expunctis</strong></span> <span class='ocrx_word' id='word_1_487' title='bbox 1335 4882 1427 4936; x_wconf 86' lang='lat' dir='ltr'><strong>litteris</strong></span> <span class='ocrx_word' id='word_1_488' title='bbox 1443 4885 1528 4950; x_wconf 75' lang='lat' dir='ltr'><strong>odeas)</strong></span> <span class='ocrx_word' id='word_1_489' title='bbox 1545 4887 1604 4938; x_wconf 84' lang='grc' dir='ltr'><strong>Τ-</strong></span> 
     </span>
     <span class='ocr_line' id='line_1_47' title="bbox 288 4959 1608 5025; baseline 0.002 -12"><span class='ocrx_word' id='word_1_490' title='bbox 288 4959 675 5025; x_wconf 78' lang='lat' dir='ltr'><strong>Aosu--raputremhabetv</strong></span> <span class='ocrx_word' id='word_1_491' title='bbox 694 4987 722 4998; x_wconf 91' lang='lat'><em>-</em></span> <span class='ocrx_word' id='word_1_492' title='bbox 740 4960 1027 5012; x_wconf 72' lang='lat' dir='ltr'><strong>aancamotv-</strong></span> <span class='ocrx_word' id='word_1_493' title='bbox 1045 4961 1086 5012; x_wconf 73' lang='lat'><strong>28.</strong></span> <span class='ocrx_word' id='word_1_494' title='bbox 1104 4960 1489 5025; x_wconf 55' lang='lat' dir='ltr'><strong>summani-marth</strong></span> <span class='ocrx_word' id='word_1_495' title='bbox 1507 4963 1608 5014; x_wconf 56' lang='lat' dir='ltr'><strong>idue-</strong></span> 
     </span>
     <span class='ocr_line' id='line_1_48' title="bbox 288 5034 1608 5099; baseline 0 -11"><span class='ocrx_word' id='word_1_496' title='bbox 288 5037 391 5088; x_wconf 80' lang='lat' dir='ltr'><strong>dilitotis</strong></span> <span class='ocrx_word' id='word_1_497' title='bbox 406 5036 499 5098; x_wconf 78' lang='lat' dir='ltr'><strong>coeptis</strong></span> <span class='ocrx_word' id='word_1_498' title='bbox 510 5035 564 5099; x_wconf 85' lang='lat' dir='ltr'><strong>(sic)</strong></span> <span class='ocrx_word' id='word_1_499' title='bbox 574 5034 724 5098; x_wconf 81' lang='lat' dir='ltr'><strong>repulrir‘l&#39;:</strong></span> <span class='ocrx_word' id='word_1_500' title='bbox 741 5035 1030 5098; x_wconf 63' lang='lat' dir='ltr'><strong>mwdntdasrepalsut</strong></span> <span class='ocrx_word' id='word_1_501' title='bbox 1040 5036 1060 5086; x_wconf 86' lang='lat' dir='ltr'><strong>E</strong></span> <span class='ocrx_word' id='word_1_502' title='bbox 1070 5034 1187 5098; x_wconf 79' lang='lat' dir='ltr'><strong>(roluslo</strong></span> <span class='ocrx_word' id='word_1_503' title='bbox 1202 5062 1229 5072; x_wconf 94' lang='lat'><em>-</em></span> <span class='ocrx_word' id='word_1_504' title='bbox 1244 5036 1331 5098; x_wconf 72' lang='lat' dir='ltr'><strong>septies</strong></span> <span class='ocrx_word' id='word_1_505' title='bbox 1341 5035 1417 5088; x_wconf 85' lang='grc' dir='ltr'><strong>ΤΕΟ</strong></span> <span class='ocrx_word' id='word_1_506' title='bbox 1430 5063 1457 5074; x_wconf 93' lang='grc'>-</span> <span class='ocrx_word' id='word_1_507' title='bbox 1470 5037 1511 5089; x_wconf 81' lang='lat'><strong>3⁰.</strong></span> <span class='ocrx_word' id='word_1_508' title='bbox 1524 5040 1608 5088; x_wconf 78' lang='lat' dir='ltr'><strong>octeni</strong></span> 
     </span>
     <span class='ocr_line' id='line_1_49' title="bbox 288 5109 1606 5180; baseline 0.001 -17"><span class='ocrx_word' id='word_1_509' title='bbox 288 5109 1606 5180; x_wconf 51' lang='lat' dir='ltr'><strong>&#39;l&#39;-authelmi-32.deriput-ttplrllepposT-dl.moturi-Ol</strong></span> 
     </span>
     <span class='ocr_line' id='line_1_50' title="bbox 289 5181 1606 5249; baseline -0.001 -10"><span class='ocrx_word' id='word_1_510' title='bbox 289 5181 1606 5249; x_wconf 51' lang='lat' dir='ltr'><strong>carraccetenses-seeundo.T-ptnzpaoqu-aocsos--ereha-</strong></span> 
     </span>
     <span class='ocr_line' id='line_1_51' title="bbox 288 5260 848 5324; baseline -0.002 -11"><span class='ocrx_word' id='word_1_511' title='bbox 288 5260 848 5324; x_wconf 71' lang='lat' dir='ltr'><strong>betV—emctsV—seiouusectorll.</strong></span> 
     </span>
    </p>
   </div>
   <div class='ocr_carea' id='block_1_5' title="bbox 0 0 2023 6148">
    <p class='ocr_par' dir='ltr' id='par_1_7' title="bbox 0 0 2023 6148">
     <span class='ocr_line' id='line_1_52' title="bbox 0 0 2023 6148; baseline 0 0"><span class='ocrx_word' id='word_1_512' title='bbox 0 0 2023 6148; x_wconf 95' lang='lat' dir='ltr'><strong> </strong></span> 
     </span>
    </p>
   </div>
  </div>
 </body>
</html>
