4009 6159
692 611 767 677 cn.
789 612 947 675 x-xu.
974 608 1021 695 ss
1042 607 1191 677 νῖν-29.
1525 603 1608 671 raro

281 784 316 847 iu
338 782 417 845 meis
437 780 575 845 miseriis
598 782 741 845 divinum
762 781 894 866 aliquod
916 780 1070 845 auxilium
1092 788 1125 845 et
1145 799 1263 844 numen
1277 779 1445 843 ostendite.
1477 778 1534 842 lll.
1555 774 1607 841 26.

281 876 405 941 Deinde
431 895 506 950 vos,
536 895 670 959 quorum
700 882 841 958 potestas
862 876 1008 958 proxime
1029 876 1070 939 ad
1093 875 1225 938 deorum
1246 873 1469 938 immortalium
1491 892 1609 937 numen

280 968 421 1044 accedit,
450 989 506 1033 oro
534 977 630 1053 atque
652 968 801 1043 obsecro,
830 968 946 1052 quibus
968 970 1150 1053 singillatim
1173 990 1270 1052 saepe
1292 968 1428 1050 supplex
1449 967 1489 1030 ad
1510 965 1609 1049 pedes

280 1064 381 1137 iacui,
407 1070 443 1126 nt
464 1081 553 1137 eum,
580 1081 677 1145 quem
698 1061 817 1144 singuli
839 1070 971 1125 stratum
993 1070 1089 1146 atqua
1111 1062 1268 1127 abiectum
1290 1062 1494 1134 sublevastis,
1523 1078 1609 1121 nunc

280 1156 421 1221 universi
445 1163 665 1236 conservatum
687 1154 809 1231 velitis3
832 1155 858 1217 si
880 1156 1039 1219 neminem
1063 1177 1213 1241 umquam
1234 1163 1372 1220 vestrum
1394 1155 1489 1230 laesi3
1512 1154 1537 1217 si
1553 1166 1632 1215 urs-a

280 1251 359 1315 mini
380 1250 543 1313 innocenti
565 1248 671 1323 obfui,
693 1249 749 1311 sed
774 1249 869 1312 etiam
892 1270 910 1313 e
932 1251 1108 1324 conuario,
1129 1251 1317 1333 utquisque
1334 1246 1609 1313 meumauxilium

281 1345 489 1418 desideravit,
518 1364 610 1426 opem
633 1344 717 1407 terra
741 1363 806 1405 non
829 1342 988 1418 dubitavi3
1010 1344 1039 1406 si
1061 1345 1211 1427 denique,
1233 1363 1452 1426 quaecumque
1475 1340 1609 1404 admini-

280 1440 394 1514 stravi,
415 1458 457 1501 ax
479 1443 584 1501 vestra
606 1437 791 1500 auctoritato
813 1445 846 1499 et
866 1446 991 1519 patrum
1014 1440 1266 1521 conscriptorum
1287 1438 1449 1502 voluntate
1471 1434 1551 1507 leci3
1582 1434 1610 1495 si

279 1533 378 1598 malui
405 1532 605 1595 inimicorum
637 1529 804 1612 cupiditati
832 1551 927 1612 quam
955 1532 1001 1595 rei
1029 1533 1175 1616 publicae
1197 1541 1230 1595 et
1249 1532 1408 1615 legitimae
1430 1526 1610 1593 auctoritati

278 1646 402 1709 poenas
430 1626 578 1688 anderrn:
607 1624 653 1687 nti
675 1622 862 1687 existimetis
884 1644 925 1687 ex
950 1626 1007 1688 illo
1030 1626 1248 1690 crudelissimo
1269 1626 1468 1690 inimicorum
1489 1624 1647 1704 impeturn

281 1726 426 1803 ereptum
447 1720 482 1781 in
502 1718 669 1799 antiquum
691 1722 807 1779 statum
829 1718 990 1800 dignitatis
1012 1720 1136 1783 restitui
1158 1721 1339 1783 convenire.
1374 1716 1426 1783 27.
1449 1716 1512 1781 Sed
1530 1733 1610 1796 quo·

280 1814 367 1877 uiam
394 1831 501 1895 neque
529 1810 608 1873 mibi
636 1810 736 1873 libere
762 1812 915 1895 loquendi
942 1832 1047 1896 neque
1078 1813 1167 1876 vobis
1189 1814 1361 1877 clementer
1382 1809 1532 1876 audiendi
1553 1827 1610 1871 ne·

281 1928 346 1992 que
376 1907 506 1971 omnino
535 1903 695 1968 iudicandi
723 1924 895 1987 paucorum
923 1905 1031 1971 furore
1062 1913 1094 1970 et
1122 1907 1254 1970 audacia
1281 1906 1365 1971 iacta
1386 1912 1435 1970 est
1455 1910 1609 1989 potestas,

280 2000 337 2065 sed
360 2019 511 2084 oppressa
532 2006 582 2062 est
602 2018 653 2060 res
673 1999 801 2081 publica
823 2001 934 2075 armis,
961 2008 1048 2065 metu
1071 2000 1233 2065 debilitata
1255 2000 1377 2075 servili,
1407 2000 1454 2063 uti
1475 1998 1610 2062 liberum

281 2094 424 2179 spiritum
447 2089 584 2156 ducendi
606 2091 725 2153 nullam
747 2091 862 2157 babeat
884 2102 1088 2177 potestatem,
1111 2096 1220 2159 cedam
1243 2096 1382 2158 inermus
1397 2092 1539 2165 armatis,
1561 2090 1648 2155 inst

280 2207 400 2251 nocens
422 2186 627 2260 nocentibus,
650 2186 791 2267 privatus
812 2185 985 2252 furibundo
1010 2190 1215 2271 magistratui.
1251 2191 1362 2273 Neque
1385 2185 1528 2261 enims).
1543 2186 1610 2247 ble-

280 2281 376 2345 tellus
403 2280 574 2363 quicquam
604 2278 645 2342 de
673 2298 731 2342 sua
762 2279 877 2344 virtute
899 2282 1052 2367 detraxit,
1083 2282 1169 2365 quod
1193 2284 1289 2346 cessit
1310 2284 1344 2345 L.
1368 2280 1539 2345 Saturnino
1560 2276 1611 2340 ln·

280 2374 377 2449 renti,
399 2393 507 2456 neque
530 2372 563 2435 C.
585 2372 689 2446 Cotta,
713 2373 799 2456 qnod
823 2374 862 2450 Q.
877 2376 972 2439 Vario
995 2376 1123 2461 tribunp
1144 2377 1199 2460 pl.,
1221 2377 1371 2442 inferiore
1392 2394 1507 2459 genere
1529 2379 1609 2447 orto,

281 2468 460 2533 cedendum
488 2467 626 2549 putavit,
654 2486 761 2550 neque
791 2466 824 2531 C.
846 2469 981 2543 Marius,
1013 2454 1088 2552 qui*
1099 2477 1235 2553 quantas
1256 2489 1308 2532 res
1329 2468 1478 2552 gesserit,
1505 2473 1609 2529 vestra
1664 2478 1668 2485 ·

279 2563 370 2628 vobis
399 2561 528 2624 libertas
557 2559 677 2623 indicio
706 2580 776 2624 esse
806 2564 938 2645 poterit,
966 2582 1071 2647 neque
1101 2565 1142 2626 bl.
1164 2562 1289 2626 Tullius
1316 2582 1407 2627 sunm
1429 2561 1568 2624 animum
1590 2578 1646 2624 aro

281 2662 386 2720 vestra
415 2653 604 2718 abalienavit
631 2661 804 2737 potestate,
835 2677 908 2719 eum
934 2658 1138 2741 praecipuum
1160 2656 1250 2719 vobis
1272 2655 1415 2719 obsidem
1444 2655 1491 2717 sui
1513 2652 1609 2715 animi

280 2755 418 2813 vestram
448 2747 614 2831 reliquerit
642 2748 830 2812 libertatem.
873 2748 925 2813 28.
948 2753 1051 2829 Quam
1081 2751 1120 2813 ob
1147 2772 1215 2814 rem
1244 2758 1345 2815 testor
1365 2750 1442 2812 deos
1468 2747 1608 2830 deasque

280 2840 474 2905 immortales
504 2850 690 2925 vestrasque
711 2844 847 2907 maxime
869 2856 1008 2921 mentes,
1040 2866 1091 2909 me
1113 2866 1179 2909 uon
1200 2846 1284 2909 vitae
1306 2842 1515 2928 turpitudine,
1543 2860 1608 2904 nou

280 2954 339 3019 pro
362 2934 578 3015 magnitudine
599 2936 772 3011 scelerum,
795 2958 860 3001 nou
882 2948 1013 3023 propter
1029 2939 1172 3023 reliquae
1188 2940 1299 3003 aetatis
1314 2936 1475 3001 infamiam
1489 2956 1609 3020 poenas

279 3034 349 3094 iure
371 3038 404 3093 et
423 3030 493 3111 lege
514 3032 715 3114 persolvere,
738 3030 795 3097 sed
816 3040 947 3117 propter
959 3034 1087 3097 virtutis
1108 3034 1275 3109 iuvidiam,
1297 3040 1426 3115 propter
1446 3029 1646 3093 iucundis-ss

280 3127 393 3189 simam
415 3125 535 3207 ingenii
557 3123 697 3200 laudem,
724 3135 855 3211 propter
881 3127 1131 3209 magnitudinem
1152 3148 1257 3190 rerum
1279 3135 1436 3210 gestarum
1457 3123 1609 3188 crudelis·

281 3222 361 3283 simc
385 3220 509 3282 civitate
532 3219 658 3301 privari.
694 3218 787 3294 Quod
810 3220 838 3283 si
859 3220 943 3284 idem
966 3220 1082 3284 accidit
1103 3221 1142 3297 Q.
1158 3221 1323 3304 Caepioni,
1346 3220 1373 3283 si
1395 3218 1559 3292 blanciuo,
1581 3217 1609 3280 si

280 3312 420 3387 Rutilio,
442 3312 519 3375 mibi
540 3312 602 3375 boc
624 3313 779 3376 accidisse
801 3334 866 3377 nou
888 3334 1003 3397 magno
1026 3335 1122 3397 opere
1145 3317 1204 3378 erit
1218 3314 1412 3388 mirandum,
1434 3333 1505 3376 cum
1519 3332 1610 3397 prae·

281 3407 391 3471 sertim
413 3426 478 3469 uon
500 3406 625 3489 generis
647 3406 852 3490 antiquitate,
875 3408 931 3471 sed
953 3409 1077 3472 virtutis
1094 3410 1287 3472 ornamentis
1308 3427 1463 3471 summam
1483 3407 1607 3470 landem

280 3502 341 3565 sim
364 3508 564 3563 consecutus.
607 3501 677 3562 llll.
700 3497 750 3563 29.
773 3501 861 3563 Nunc
882 3521 956 3576 vos,
979 3504 1104 3586 equites
1126 3503 1274 3577 Romani,
1297 3502 1453 3577 obtestor,
1476 3521 1646 3585 quorumao

280 3596 396 3657 virtute
419 3613 535 3657 nomen
556 3594 732 3656 Romanum
748 3594 911 3657 victoriam
927 3616 998 3659 cum
1021 3596 1115 3660 laude
1137 3596 1281 3679 possidet
1295 3597 1510 3671 coniunctam,
1533 3618 1611 3680 quo·

280 3708 350 3750 rum
372 3687 465 3751 iactis
487 3686 662 3769 gloriantur
683 3688 783 3761 cives,
808 3687 966 3751 laetantur
988 3690 1082 3766 socii,
1105 3698 1235 3775 gemunt
1254 3690 1379 3765 hostes,
1405 3698 1458 3765 nt,
1486 3690 1512 3753 si
1536 3708 1610 3771 erga

280 3801 337 3846 vos
367 3782 453 3844 omni
477 3790 618 3865 tempore
641 3781 761 3863 optime
780 3780 827 3843 fui
850 3783 1022 3859 animatus,
1054 3786 1082 3849 si
1107 3804 1177 3848 mea
1197 3784 1341 3866 pericula
1362 3784 1507 3866 neglexi,
1535 3783 1609 3845 dum

281 3880 429 3944 timorem
451 3898 469 3942 a
499 3879 602 3961 patria
623 3877 857 3961 propulsarem,
886 3878 912 3938 si
936 3897 1038 3961 aeque
1059 3878 1169 3941 liberis
1192 3878 1303 3942 vestris
1324 3878 1474 3961 prospexi
1496 3896 1532 3939 ac
1553 3896 1610 3940 vos

279 3973 464 4056 parentibus
485 3972 679 4045 consuestis,
700 3978 737 4034 ut
758 3990 842 4035 nuuc
863 3991 914 4033 me
928 3970 1034 4036 velitis
1056 3973 1168 4036 vestris
1184 3972 1299 4055 opibus
1316 3966 1504 4055 [defensum]
1521 3971 1646 4042 inco-as

279 4068 398 4131 lumem
418 4068 453 4130 in
473 4065 532 4131 bac
554 4066 682 4131 civitate
703 4067 857 4141 retinere,
881 4086 964 4150 quae
981 4066 1089 4130 civitas
1105 4086 1176 4129 oum
1191 4086 1210 4129 a
1224 4065 1377 4130 scelerata
1392 4064 1609 4129 coniuratione

346 4416 370 4465 t.
388 4414 540 4464 somariis
558 4440 586 4450 -
603 4413 628 4463 ἲ.
646 4414 892 4465 ὄνκτιονιαῑὲυνηῦ-
912 4415 1164 4466 3.croarsdttES—
1184 4414 1310 4466 acccc:
1329 4414 1418 4465 rio-
1437 4416 1609 4467 marmorat-

267 4488 385 4540 ’nomm
404 4490 529 4539 auritium
544 4489 657 4539 menard
672 4517 699 4526 -
717 4490 742 4541 8.
755 4504 789 4541 aar
803 4493 953 4541 nostras—
973 4492 1014 4542 40.
1027 4490 1065 4542 uti
1080 4492 1114 4540 P:
1132 4489 1269 4539 atGESO
1284 4516 1310 4525 -
1330 4503 1363 4539 aa
1378 4489 1464 4539 itloP:
1484 4490 1606 4550 endum

279 4565 377 4617 canitia
388 4565 430 4614 ES
442 4591 469 4601 -
489 4566 529 4616 ti.
542 4565 671 4627 eloquendi
681 4567 715 4629 1³5
734 4564 768 4616 ci.
780 4578 807 4630 p.
820 4565 893 4627 titt,
906 4567 947 4618 33.
960 4594 988 4603 -
1004 4564 1130 4629 codiardi]
1142 4564 1271 4615 iudicandi
1281 4564 1315 4624 ῦς
1333 4565 1477 4615 vindicandi
1490 4563 1608 4615 Halmius

281 4668 309 4679 -
325 4640 366 4691 43.
383 4640 524 4691 aeduici>
544 4666 570 4677 -
595 4641 635 4690 td.
654 4641 759 4691 ducendi
775 4643 807 4691 P:
832 4643 928 4693 dicandi
945 4644 1017 4694 GES
1037 4665 1065 4679 -
1090 4642 1201 4690 inermos
1216 4641 1250 4690 1³:
1271 4641 1373 4690 inerrata
1393 4640 1497 4689 GESO
1518 4666 1545 4676 —
1565 4640 1605 4689 t'l.

280 4717 417 4779 quidquam
433 4716 453 4765 0
472 4742 500 4752 -
517 4716 837 4767 acerrimamque
851 4731 899 4767 ruo
916 4720 935 4769 0
955 4745 982 4757 -
1007 4718 1046 4770 t8.
1065 4716 1103 4778 C.]
1123 4716 1162 4766 .G.
1181 4718 1214 4776 P;
1234 4727 1287 4765 orn.
1307 4716 1384 4767 GES
1404 4741 1430 4752 -
1450 4719 1523 4764 cocto
1539 4715 1605 4774 GE3

279 4796 337 4843 cota
353 4792 370 4840 S
388 4815 415 4826 -
437 4790 477 4853 0.]
495 4803 542 4853 qua
559 4792 605 4841 ES
624 4815 651 4827 -
671 4805 710 4841 ra.
728 4805 767 4842 rc.
786 4794 818 4852 P;
837 4793 1027 4855 atbaaoptcbis
1043 4794 1063 4843 0
1082 4818 1108 4827 -
1127 4790 1242 4854 infcriori
1258 4793 1277 4841 P
1295 4816 1323 4826 -
1343 4790 1383 4840 49.
1398 4790 1486 4840 G.PS
1506 4816 1532 4824 -
1550 4802 1609 4838 mc-

278 4868 347 4917 ss'nm
363 4868 423 4917 P·
442 4866 483 4915 20.
502 4866 589 4916 aditio
606 4867 638 4925 1²3
656 4867 748 4916 iudicio
765 4868 823 4916 S—
842 4881 920 4929 aeque
936 4869 1000 4919 PG:
1019 4880 1098 4928 oeque
1112 4878 1172 4915 vero
1189 4865 1260 4915 ESO
1275 4890 1299 4901 -
1320 4865 1361 4916 bt.
1380 4865 1439 4915 tort.
1458 4863 1610 4915 abutimcbit

281 4970 309 4980 -
322 4942 488 5004 praadpccm
504 4944 536 4991 P:
552 4941 685 5002 praecium
701 4942 731 5001 S;
748 4942 861 5003 precium
878 4942 910 5002 E,
929 4942 1038 5004 pretium
1055 4943 1116 4991 G—
1135 4942 1177 4992 ἢ.
1190 4940 1296 5003 &capse
1313 4940 1347 4990 C:
1366 4940 1473 5004 deasque
1488 4952 1571 4990 omnes
1587 4941 1607 4990 0

281 5042 308 5052 —-
322 5015 363 5065 23.
382 5015 530 5065 immortalis
546 5018 575 5075 Ρ,
593 5016 735 5065 inmutatis
752 5018 815 5065 G-
833 5015 875 5067 il.
893 5017 1012 5066 scalmos
1028 5016 1201 5079 magnitudine
1217 5016 1251 5065 C:
1269 5015 1441 5079 mogndcds'oa
1457 5005 1607 5065 scotomaO

282 5118 309 5128 -
322 5091 363 5140 25.
383 5090 415 5155 et]
432 5091 472 5139 uel
484 5092 504 5140 G
518 5116 544 5125 —
563 5089 764 5139 towadiratmom
780 5091 801 5139 G
813 5115 840 5124 -
860 5092 901 5141 27.
922 5090 961 5155 Q.]
979 5104 1026 5153 qao
1043 5092 1087 5141 Es
1106 5118 1134 5128 —
1152 5091 1249 5153 capiam
1266 5092 1299 5151 G3
1317 5091 1438 5154 scaptioni
1454 5093 1487 5149 P;
1505 5090 1609 5152 scipioni

279 5169 297 5219 S
316 5193 343 5203 -
362 5166 403 5217 28.
421 5166 482 5215 mili
499 5166 532 5216 C:
556 5166 617 5216 mibi
634 5176 731 5228 qaoqw
747 5166 766 5215 0
784 5192 811 5201 -
830 5178 983 5229 magnopere
999 5166 1019 5216 C
1038 5191 1065 5202 -
1085 5166 1127 5217 30.
1144 5178 1190 5217 cor
1207 5167 1240 5216 C:
1259 5180 1304 5229 ego
1320 5178 1364 5216 vos
1380 5167 1400 5217 0
1418 5192 1446 5202 -
1465 5167 1607 5229 optestorP

280 5268 308 5278 -
328 5242 368 5292 32.
386 5246 487 5305 ponuat
504 5242 591 5291 tosus.
604 5242 731 5297 uenator
746 5241 807 5291 socii
824 5242 898 5291 GES
918 5266 945 5276 -
963 5240 1005 5290 35.
1023 5241 1153 5293 mouentis
1170 5238 1214 5302 G¹;
1232 5241 1358 5294 cananitis
1375 5240 1456 5292 G’ES
1476 5266 1502 5277 -
1521 5240 1606 5306 dessa-

277 5328 334 5367 aam
350 5329 485 5381 superscr.
505 5315 587 5368 babet
603 5317 623 5367 P
641 5340 669 5353 —
688 5316 728 5367 36.
746 5316 837 5367 cicitur
854 5315 887 5366 C:
906 5327 959 5366 um.
978 5314 1012 5377 0.Ι

1698 2264 1731 2355 d

1716 2382 1755 2465 s
