4009 6159
431 583 516 654 tide
860 583 1012 650 orario
1034 583 1261 651 PHILIPPICA
1281 585 1322 649 II.

433 759 545 825 ciritae
565 757 713 822 uoniam
735 753 935 838 singillatim,
956 753 1013 820 sed
1034 755 1206 838 provinciis
1227 756 1304 820 totis
1324 755 1468 820 dabatur.
1502 754 1615 840 ltaque
1632 757 1659 820 si
1676 753 1763 821 baec

434 859 578 929 manent,
601 869 684 935 quae
705 855 807 914 stante
829 870 862 912 re
884 849 1014 932 publica
1035 870 1162 914 manere
1183 870 1250 915 non
1270 856 1419 935 possunt,
1439 850 1617 933 provincias
1630 851 1763 916 unirer·

433 970 502 1025 sas,
531 955 636 1031 patres
663 943 850 1028 conscripti,
881 944 1082 1026 perdidistis,
1110 964 1215 1030 neque
1243 944 1409 1029 vectigalia
1434 943 1555 1020 solum,
1583 944 1763 1009 sedetiam

432 1042 601 1126 imperium
632 1038 744 1123 populi
775 1038 908 1101 Romani
939 1037 1035 1102 buius
1068 1038 1249 1103 domesticis
1283 1039 1436 1103 nundinis
1469 1037 1667 1103 deminutum
1698 1047 1762 1104 est.

310 1199 338 1209 ,
410 1136 596 1200 4ΧΧΧἮΙ.
618 1131 669 1196 93.
690 1133 750 1198 Ubi
772 1139 821 1196 est
841 1132 982 1216 septiens
1003 1132 1144 1208 miliens,
1173 1131 1261 1216 qnod
1289 1140 1338 1197 est
1363 1133 1397 1195 in
1417 1131 1552 1208 tabulis,
1580 1140 1764 1216 quaesunt

434 1231 475 1294 ad
498 1231 595 1314 Opici
617 1229 761 1294 funestae
782 1227 868 1290 illius
892 1227 1021 1311 quidem
1042 1228 1211 1311 pecuniae,
1233 1227 1290 1290 sed
1312 1234 1434 1302 tamen,
1455 1245 1538 1311 quae
1559 1247 1636 1303 nos,
1658 1227 1686 1291 si
1706 1227 1762 1302 iis,

434 1345 570 1410 quornm
591 1330 673 1399 erat,
701 1341 766 1385 non
792 1319 991 1396 redderetur,
1021 1341 1041 1383 a
1068 1321 1193 1385 tributis
1220 1328 1331 1405 posset
1358 1319 1531 1385 vindicare.
1571 1321 1622 1384 Tu
1651 1327 1762 1384 autem

433 1417 713 1504 quadringentiens
735 1415 927 1490 sestertium,
950 1414 1037 1498 quod
1059 1415 1166 1478 Idibus
1189 1415 1311 1479 Martiis
1331 1414 1486 1491 debuisti,
1509 1434 1648 1499 quemi
1661 1414 1761 1477 modo

432 1520 506 1578 ante
534 1512 694 1577 Kalendas
719 1510 844 1594 Apriles
866 1509 981 1574 debere
1003 1508 1137 1572 desistit
1178 1509 1259 1572 Sunt
1286 1529 1325 1573 ea
1347 1509 1474 1593 quidem
1503 1507 1761 1583 innumerabilia,

396 1625 514 1691 requae
542 1627 562 1671 a
588 1607 652 1671 tuis
682 1604 867 1670 ornabantur
892 1622 957 1667 non
986 1603 1141 1667 insciente
1163 1610 1211 1679 te,
1241 1603 1298 1668 sed
1319 1623 1419 1667 uuum
1440 1603 1599 1686 egregium
1620 1601 1661 1665 de
1681 1621 1761 1684 rege

430 1701 596 1776 Deiotaro,
624 1699 735 1784 populi
758 1697 889 1761 Romani
910 1697 1119 1772 amicissimo,
1142 1697 1301 1761 decretum
1322 1698 1354 1762 in
1378 1697 1532 1783 Capitolio
1551 1693 1666 1761 bxumr
1692 1716 1760 1780 quo

315 1807 323 1828 ¹
431 1796 596 1880 proposito
618 1813 712 1858 namo
734 1799 819 1866 erat,
841 1792 896 1875 qui
911 1792 946 1854 in
961 1778 1031 1874 ipso
1046 1792 1155 1855 dolore
1168 1793 1267 1855 risum
1282 1798 1390 1874 posset
1404 1792 1579 1855 continere.
1607 1785 1660 1852 at.
1676 1789 1759 1864 Quis

433 1890 517 1954 enim
539 1889 688 1972 cuiquam
708 1885 866 1949 inimicior
887 1905 983 1969 quam
1001 1885 1149 1949 Deiotaro
1165 1886 1301 1950 Caesari
1323 1905 1423 1970 aeque
1438 1893 1533 1970 atque
1551 1885 1628 1949 buic
1641 1883 1759 1958 ordini,

431 1991 468 2048 ut
488 1985 646 2068 equestri,
668 1988 705 2046 ut
724 1980 991 2054 Massiliensibus,
1013 1987 1049 2043 ut
1070 1980 1236 2056 omuibus,
1259 1981 1374 2064 quibus
1388 2000 1454 2044 rem
1473 1979 1631 2063 publicam
1644 1977 1759 2061 populi

395 2098 423 2146 44
432 2080 566 2144 Romani
595 2095 698 2142 caram
726 2095 797 2139 esse
829 2073 993 2137 sentiebat.
1035 2075 1133 2156 igitur
1155 2095 1174 2138 a
1194 2094 1259 2158 quo
1280 2075 1352 2138 rivo
1373 2094 1433 2138 nec
1453 2093 1602 2158 praesens
1621 2092 1681 2136 nec
1702 2072 1760 2136 ab·

433 2193 506 2238 sens
528 2194 587 2237 rex
599 2172 766 2262 Deiotarus
781 2168 954 2252 quidquam
970 2169 1064 2252 aequi
1079 2168 1156 2230 boni
1170 2169 1364 2252 impetravit,
1385 2168 1467 2254 apud
1483 2174 1640 2230 mortuum
1654 2164 1760 2229 lactus

433 2276 483 2330 est
509 2267 674 2350 gratiosus.
715 2260 1112 2346 dompeiimt·hocpicem
1148 2282 1315 2346 praesens,
1348 2267 1560 2345 computarat,
1592 2259 1757 2343 pecuniam

432 2361 633 2444 impetrarat,
654 2359 688 2422 in
709 2358 777 2422 eius
799 2355 967 2420 tetrarchia
987 2377 1085 2419 unum
1108 2376 1149 2418 ex
1164 2355 1292 2420 Graecis
1313 2355 1481 2419 comitibus
1496 2355 1562 2418 suis
1576 2352 1757 2428 collocarat,

431 2454 613 2519 Armeniam
641 2451 812 2517 abstulerat
837 2469 856 2512 a
878 2457 989 2512 senatu
1012 2451 1126 2512 datam
1161 2451 1248 2514 Ilaec
1269 2451 1358 2512 uiuis
1380 2448 1517 2532 eripuit:
1547 2446 1653 2512 reddit
1673 2467 1759 2511 mor-

396 2555 515 2620 aotuus.
558 2544 610 2611 95.
630 2547 673 2612 dt
693 2545 807 2630 quibus
828 2543 956 2606 verbis‘t
984 2543 1078 2608 modo
1106 2563 1245 2628 aequum
1268 2544 1328 2609 sibi
1349 2543 1464 2618 videri,
1492 2543 1587 2608 modo
1609 2563 1674 2607 non
1694 2543 1758 2606 ini·

433 2663 540 2728 quum.
583 2639 664 2706 blira
692 2639 860 2704 verborum
889 2637 1085 2721 complexio!
1116 2642 1158 2702 dt
1185 2638 1239 2702 ills
1267 2657 1441 2722 numquam
1461 2672 1503 2687 -
1525 2658 1651 2723 semper
1671 2639 1757 2702 enim

432 2737 555 2801 absenti
575 2734 661 2800 adsui
681 2734 831 2798 Deiotaro
845 2765 887 2780 -
901 2732 1076 2815 quidquam
1091 2732 1166 2807 sibi,
1189 2733 1276 2817 quod
1289 2753 1349 2796 nos
1367 2751 1426 2814 pro
1441 2732 1497 2797 illo
1511 2733 1756 2816 postrdaremus,

432 2851 571 2917 aequum
599 2829 682 2893 dixit
708 2825 819 2891 videri.
863 2825 1048 2909 syngrapha
1075 2827 1213 2890 sestertii
1243 2827 1385 2889 centiens
1413 2847 1471 2908 per
1499 2827 1637 2909 legatos,
1668 2828 1756 2891 viros

430 2927 549 3002 bonos,
571 2923 628 2990 ssd
648 2920 776 2986 timidos
798 2927 831 2983 et
851 2919 1031 3002 imperitos,
1053 2919 1121 2982 sine
1143 2927 1267 2995 nocua,
1290 2920 1359 2982 sine
1379 2919 1576 3004 reliquorum
1593 2905 1756 3006 hospitum

394 3021 515 3105 ruregis
544 3017 702 3084 sententia
730 3015 813 3080 tacta
840 3013 875 3077 in
904 3015 1057 3097 gynaecio
1078 3020 1143 3089 est,
1164 3034 1230 3098 quo
1253 3016 1287 3078 in
1308 3015 1379 3078 loco
1401 3014 1555 3097 plurimae
1575 3037 1627 3081 res
1647 3017 1757 3082 renie-

431 3349 510 3402 codd.
528 3359 582 3400 non
597 3347 703 3397 ridetur
719 3345 836 3403 exstare,
860 3340 925 3395 Pliu.
943 3343 974 3393 N.
993 3343 1025 3394 Η.
1043 3341 1090 3404 tx,
1109 3343 1155 3404 30,
1174 3341 1219 3404 03,
1243 3341 1257 3406 fi
1275 3341 1332 3394 436.
1357 3342 1461 3403 Quintil.
1479 3344 1526 3407 Vl,
1544 3344 1573 3407 3,
1590 3347 1646 3408 dil:
1669 3347 1757 3398 444444-

430 3427 490 3478 0444
505 3424 568 3476 VD.
596 3422 635 3475 (44.
654 3423 757 3487 Zumpt.
776 3419 809 3471 ad
826 3418 902 3469 Verr.
921 3430 947 3484 p.
965 3418 1028 3480 4434,
1050 3430 1066 3467 a
1087 3419 1161 3469 cuius
1178 3417 1275 3468 indicio
1292 3417 1406 3468 discedit
1421 3417 1509 3470 Haase
1525 3419 1560 3471 ad
1577 3421 1647 3474 licis.
1665 3421 1754 3474 schol.

431 3504 459 3554 l..
472 3505 501 3554 l..
515 3514 543 3567 p.
555 3499 613 3552 aad.
630 3500 665 3548 At
680 3499 709 3547 ut
725 3495 880 3560 saepissime
898 3494 924 3544 in
936 3492 1015 3544 codd.
1027 3492 1140 3544 tormam
1156 3493 1287 3543 4444444444
1303 3493 1330 3543 in
1345 3499 1466 3544 44444444
1481 3498 1635 3561 corruptam
1651 3498 1757 3550 inveni-

431 3589 506 3640 mus,
525 3576 564 3626 sio
580 3571 652 3623 idem
669 3573 695 3621 in
711 3570 826 3621 44440444
843 3582 893 3620 usu
903 3569 1011 3619 venisse
1029 3566 1166 3632 probabile
1183 3570 1233 3618 est.
1255 3569 1311 3618 Non
1328 3569 1413 3632 magis
1431 3569 1571 3621 terendum
1587 3575 1629 3624 est
1645 3574 1757 3624 4444444-

430 3653 486 3716 bar,
505 3649 576 3716 quod
593 3647 676 3699 hebet
692 3644 752 3696 cod.
765 3643 824 3695 Vat.
837 3645 863 3694 in
881 3656 919 3694 or.
933 3644 1020 3695 Pison.
1033 3641 1048 3706 5
1060 3643 1101 3704 54,
1119 3656 1188 3707 quae
1204 3640 1283 3692 lectio
1301 3656 1333 3693 ex
1350 3644 1512 3696 traarirtebas
1528 3648 1586 3698 orta
1601 3647 1756 3700 ridetur.-

429 3730 525 3779 irscara.
544 3737 585 3788 ag
599 3747 627 3758 -
643 3719 744 3784 populis
758 3719 810 3768 mu
824 3717 948 3768 ussurus
964 3717 1027 3765 V-
1047 3719 1071 3768 4.
1090 3724 1143 3768 tam
1160 3717 1224 3768 abt
1243 3744 1270 3755 —
1289 3719 1433 3781 4444444444
1449 3719 1466 3770 b
1486 3748 1512 3758 -
1532 3722 1556 3773 3.
1573 3725 1756 3788 444449444ωο

429 3829 463 3841 -
474 3802 498 3854 t.
515 3801 639 3866 inperium
655 3809 671 3847 a
684 3823 711 3832 -
730 3795 845 3846 44444444
859 3795 921 3841 V-
940 3793 1089 3842 dimissoriam
1104 3792 1146 3843 ab
1156 3807 1173 3857 g
1186 3819 1213 3828 -
1233 3795 1258 3844 44.
1270 3796 1374 3857 raptim
1389 3795 1486 3846 44444444
1500 3795 1558 3862 Vt:
1576 3799 1663 3861 septies
1676 3800 1757 3851 mdix

429 3877 463 3938 b;
481 3878 568 3940 repttcr
581 3873 660 3924 4444444
675 3871 813 3921 444444ιί444
828 3881 882 3932 affl
900 3868 986 3931 septim
1001 3868 1090 3918 mittier
1106 3868 1126 3918 0
1140 3895 1167 3904 -
1186 3869 1268 3919 estV:
1288 3881 1342 3920 om.
1355 3871 1406 3921 Do
1420 3897 1447 3907 -
1466 3871 1490 3920 6.
1506 3871 1612 3934 opor:
1632 3875 1756 3938 opopa-

430 3953 496 4005 tebat
511 3952 733 4014 Do-quaaoor
746 3947 765 3996 D
777 3947 838 4011 post
852 3941 1149 3994 reddereturhabent.-
1166 3943 1205 3993 bis
1220 3956 1261 4007 ag
1276 3969 1303 3980 —
1317 3944 1343 3994 a.
1356 3945 1574 4009 4444444444444444
1589 3949 1615 3998 4;
1634 3950 1757 4012 4444444-

430 4022 836 4092 aootiasvolrertartiumqaadr.
849 4019 919 4082 0)-
931 4017 1178 4070 martisdabus'rV—
1197 4019 1222 4070 0.
1235 4019 1306 4068 ataV
1320 4046 1345 4060 -·
1365 4020 1523 4071 dsdtrttv-
1535 4022 1600 4073 Srsrt
1613 4026 1756 4088 raqnidflr

429 4129 467 4140 -·
477 4106 536 4153 4444
551 4099 701 4163 detrudimus
716 4110 744 4162 p.
763 4096 836 4156 4460,
850 4095 880 4145 40
898 4094 994 4145 desunt
1011 4095 1037 4144 in
1053 4094 1090 4154 ὓς
1109 4093 1147 4144 Vi
1164 4096 1226 4144 ante
1236 4095 1300 4144 Scau
1314 4108 1346 4146 44
1361 4095 1429 4146 baec
1446 4095 1563 4148 babent:
1581 4099 1647 4162 Quid
1662 4113 1707 4166 epo
1723 4102 1755 4152 da

430 4175 603 4230 caementavit
618 4173 727 4225 anstais
742 4171 845 4237 4444444444
861 4171 921 4232 quid
936 4170 967 4220 da
982 4167 1203 4220 innumerabilibus
1219 4170 1335 4234 4444444444
1351 4172 1442 4234 quidest
1456 4174 1692 4241 amuaubdtbmv)
1708 4190 1756 4239 q.

429 4251 562 4318 ropraptir
578 4245 811 4310 caramlocum?
834 4258 903 4310 quae
919 4243 989 4296 male
1006 4245 1059 4296 huc
1075 4244 1144 4296 iliata
1161 4247 1224 4296 sunt
1240 4258 1272 4297 ex
1289 4246 1348 4298 loco
1364 4248 1488 4299 interiore
1505 4262 1563 4316 cap.
1581 4251 1614 4303 38
1630 4253 1667 4304 in.
1684 4253 1756 4304 riae-

431 4326 583 4393 gelsbachio
604 4339 647 4376 ur.
671 4323 714 4374 Ubi
735 4327 770 4373 444
789 4322 894 4384 saptiam
913 4320 1154 4372 maram-asam
1174 4321 1278 4373 44444444
1299 4325 1360 4388 post
1379 4329 1438 4375 octa
1460 4325 1611 4390 dolendiam
1633 4341 1661 4394 p.
1679 4328 1752 4392 4269,

369 4399 373 4406 '
431 4403 463 4453 40
485 4399 682 4466 transponenda
704 4398 835 4450 ridentur.
855 4422 883 4433 -
908 4397 948 4448 40.
966 4409 984 4445 4
1005 4397 1055 4445 tata
1076 4397 1205 4446 Faernus:
1224 4398 1297 4449 adaia
1310 4399 1347 4460 V,
1369 4413 1388 4450 a
1407 4401 1512 4451 disertis
1526 4402 1565 4452 40
1587 4431 1616 4444 -
1637 4405 1756 4456 44444444-

429 4485 465 4530 tes
481 4485 504 4530 44
519 4480 542 4529 V
560 4505 587 4515 -
612 4478 652 4527 44.
667 4475 756 4538 papati
775 4474 880 4524 Romani
896 4473 918 4522 V
934 4470 1020 4537 plenis
1042 4469 1150 4522 litteris:
1174 4473 1267 4535 populo
1290 4475 1317 4526 a.
1335 4473 1436 4540 aliquot
1454 4476 1517 4528 edd.
1535 4504 1570 4516 ·-
1589 4478 1630 4530 44.
1646 4479 1754 4544 pomV

434 4579 462 4590 -
481 4552 521 4604 II.
538 4565 592 4602 rem
609 4551 679 4614 publi
699 4552 721 4601 V
741 4577 767 4588 -
791 4552 831 4600 it.
850 4550 930 4613 [944444
949 4545 995 4596 V¹:
1018 4547 1042 4597 Is
1062 4548 1179 4611 t'qa‘trtrV
1199 4561 1236 4600 m.
1254 4549 1270 4599 ἱ
1287 4551 1315 4599 ei
1329 4550 1355 4610 I;
1381 4550 1430 4600 Sed
1446 4549 1584 4616 [laidrado.
1601 4555 1755 4606 Lectionum

430 4630 453 4678 tr
468 4629 546 4693 4444444
562 4629 643 4678 etiam
659 4628 686 4677 in
703 4627 764 4689 Tcg.
783 4627 811 4674 et
827 4624 944 4674 Gudiano
962 4624 1067 4672 exstare
1089 4625 1127 4673 ait
1143 4623 1341 4676 wernsdortius
1357 4624 1453 4677 oblitus
1469 4627 1539 4677 hanc
1554 4629 1638 4681 444444
1654 4631 1755 4682 oratio-

431 4704 472 4755 nis
489 4705 592 4768 partem
608 4702 642 4752 ab
659 4701 691 4752 iis
707 4699 812 4751 abesse.
825 4725 859 4736 ·-
875 4699 916 4749 46.
932 4710 982 4747 raa
997 4697 1131 4747 4444444444
1146 4697 1183 4746 V:
1202 4710 1256 4750 om.
1274 4700 1352 4751 40-
1372 4701 1507 4764 maduit
1522 4708 1585 4765 apua
1599 4704 1622 4753 v
1635 4731 1669 4742 -
1684 4702 1754 4768 sacci

431 4779 455 4827 V
466 4804 494 4815 -
514 4779 554 4829 44.
571 4778 697 4842 4444444444
712 4773 868 4828 Ubaldinus:
893 4777 981 4838 4444444
992 4773 1047 4832 Vi;
1067 4771 1126 4824 tort.
1143 4775 1241 4826 rectius
1256 4776 1402 4840 4444444440
1413 4803 1442 4816 -
1460 4779 1619 4842 corupsttsrat
1631 4780 1668 4841 V;
1684 4793 1755 4831 4444-

429 4853 529 4916 putaret
545 4853 555 4901 i
572 4877 600 4890 -
618 4854 769 4914 cocpatarat
785 4849 807 4898 V
824 4873 852 4884 -
872 4848 912 4898 48.
930 4848 1073 4910 inpetraret
1087 4847 1124 4896 V:
1142 4849 1282 4912 4444444444
1297 4853 1334 4903 40
1354 4880 1381 4890 -
1405 4853 1598 4906 warham
1613 4868 1646 4907 44
1661 4855 1699 4916 V;
1717 4861 1756 4908 44-

431 4927 571 4978 trarcdiam
586 4939 619 4977 aar
635 4928 661 4986 i;
687 4924 848 4974 tetrarchiam
863 4936 941 4973 444444
957 4936 991 4973 ror
1007 4922 1027 4972 0
1045 4935 1136 4973 errore
1153 4937 1305 4989 operarum.
1325 4952 1353 4962 -
1373 4927 1412 4977 40.
1430 4941 1449 4977 4
1463 4933 1517 4980 ratu
1532 4929 1555 4980 V
1570 4956 1604 4968 -
1618 4929 1701 4982 reddit
1714 4931 1753 4982 V:

431 5002 539 5054 reddidit
555 5003 563 5051 i
581 5027 609 5038 -
631 5000 672 5050 2⁰.
691 4997 778 5061 pudor
793 4997 891 5047 arribru
907 4997 943 5058 V,
966 4997 1025 5047 tort.
1044 5009 1077 5046 ex
1098 5010 1124 5059 q.
1141 4998 1260 5050 4444444444.
1280 5026 1308 5036 -
1331 5014 1419 5052 marma
1435 5003 1491 5066 (pro
1507 5007 1602 5071 m)
1618 5007 1667 5056 ,aa
1682 5005 1706 5057 v
1723 5032 1754 5043 -

432 5075 564 5128 4444444444
582 5101 609 5112 -
627 5074 669 5125 44.
687 5069 922 5136 44444444444444-
940 5073 1109 5135 444444444ς
1126 5077 1325 5136 narqaaruv-
1343 5077 1386 5129 23.
1403 5079 1757 5145 cmv-,pamm

435 5179 463 5190 -
481 5150 606 5202 44444440
625 5176 652 5188 -
669 5147 746 5213 aros]
763 5147 871 5198 urtorV
890 5175 917 5185 -
934 5147 976 5198 44.
993 5148 1150 5209 44444444ος
1173 5150 1330 5212 drawn
1352 5152 1491 5205 4444484444
1513 5154 1561 5217 [sc.
1578 5154 1704 5219 compen
1725 5166 1754 5205 r.

434 5240 477 5292 ep.
495 5225 530 5277 ad
545 5227 597 5277 Att.
614 5224 683 5288 XVI,
702 5222 727 5286 3,
744 5223 768 5286 t)
792 5222 937 5274 Ferrarius.
956 5250 984 5259 -
1007 5224 1049 5274 444.
1066 5225 1223 5276 4444444440
1246 5227 1273 5277 in
1293 5239 1346 5281 ras.
1364 5239 1401 5281 rn.
1418 5229 1435 5280 i
1451 5227 1542 5283 babet.
1561 5255 1590 5272 ·-
1610 5231 1758 5298 moriad

434 5314 497 5354 nos:
514 5301 635 5368 40444444
650 5305 674 5352 44
689 5298 726 5362 V;
743 5311 867 5364 44444444
883 5298 929 5348 io.
