4009 6159
395 578 479 652 titt
810 584 962 651 cultio
982 584 1063 651 Plio
1083 585 1126 663 Q.
1145 585 1312 652 LIGARIO

393 757 481 842 apud
507 762 671 841 parentem
692 757 824 840 loquor:
859 757 1024 833 «Erravit,
1055 765 1173 823 temere
1201 756 1293 832 iecit,
1325 755 1483 840 paenitet3
1512 755 1555 819 ad
1579 753 1720 818 clemen-

394 852 471 916 tiam
492 857 579 916 uram
600 849 764 934 coniugio,
787 849 895 914 delicti
916 851 1042 916 veniam
1061 859 1155 936 peto,
1184 858 1222 914 ut
1240 852 1425 934 ignoscatur
1444 869 1530 915 oro.»
1567 848 1602 912 Si
1623 869 1718 912 nemo

394 947 591 1030 impetravit,
611 951 809 1028 arroganter:
832 943 859 1008 si
881 945 1027 1029 plurimi,
1046 955 1083 1009 tn
1105 945 1191 1008 idem
1210 943 1259 1008 ier
1279 963 1383 1029 opem,
1405 943 1461 1027 qui
1482 962 1574 1025 spem
1591 941 1720 1006 dedisti·
1803 972 1809 994 ·

394 1035 447 1104 3l2
461 1041 511 1104 An
532 1038 679 1124 sperandi
699 1037 825 1122 Ligario
847 1058 943 1102 cansa
963 1040 1107 1114 nonsit,
1128 1058 1199 1101 urm
1220 1037 1298 1102 mibi
1318 1037 1404 1122 apud
1419 1045 1451 1100 te
1465 1036 1555 1100 locus
1569 1037 1721 1101 sitetianr

369 1142 453 1220 ttpro
480 1133 581 1198 altero
609 1131 821 1216 deprecandi?
854 1152 1050 1217 quamquam
1069 1153 1130 1196 nec
1150 1135 1185 1196 in
1205 1131 1265 1195 bac
1285 1133 1430 1196 oratione
1451 1150 1525 1214 spes
1545 1139 1596 1195 est
1614 1132 1722 1215 posita

395 1247 526 1303 musae,
547 1246 607 1292 nec
626 1227 661 1290 in
683 1246 792 1291 eorum
813 1226 940 1301 studiis,
962 1228 1018 1311 qui
1031 1249 1052 1292 a
1064 1237 1096 1291 te
1110 1247 1170 1310 pru
1184 1227 1311 1309 Ligario
1324 1233 1454 1310 petunt,
1475 1225 1523 1288 tui
1535 1222 1720 1288 necessarii.

395 1323 450 1386 xl.
473 1320 546 1386 Vidi
579 1319 664 1384 enim
696 1328 728 1383 et
755 1321 908 1403 cognovi,
937 1321 1016 1404 quid
1044 1321 1180 1385 mamare
1205 1328 1382 1404 spectares,
1412 1337 1566 1401 cumpro
1587 1316 1721 1380 alicuius

395 1416 498 1481 salute
526 1413 618 1479 multi
645 1413 845 1478 laborarent:
879 1433 991 1478 causas
1022 1416 1108 1498 apud
1135 1422 1168 1477 te
1204 1413 1382 1496 rogantium
1414 1413 1618 1497 gratiosiores
1648 1431 1721 1475 esse

395 1527 492 1594 quam
513 1508 633 1584 vultus;
656 1527 761 1591 noque
782 1515 815 1571 te
836 1515 995 1591 spectare,
1018 1529 1115 1592 quam
1136 1516 1209 1572 tuus
1230 1515 1315 1570 esset
1335 1507 1531 1571 necessarius
1551 1508 1598 1582 is,
1619 1506 1677 1591 qui
1689 1512 1721 1569 te

358 1613 388 1660 ro
396 1609 517 1678 oraret,
544 1602 602 1666 sed
629 1621 726 1686 quam
752 1601 855 1676 illius,
884 1621 942 1685 pro
972 1621 1037 1686 quo
1062 1601 1231 1666 laboraret.
1265 1601 1377 1686 ltaque
1398 1600 1513 1664 tribuis
1533 1605 1570 1663 tu
1590 1599 1722 1684 quidem

394 1697 459 1760 tuis
480 1697 525 1760 ita
545 1691 717 1772 multa,(ut
738 1691 995 1760 mihitheatiores
1016 1695 1065 1760 illi
1080 1693 1447 1776 videanturlinterdum,
1467 1695 1525 1779 qui
1537 1702 1592 1760 bra
1605 1695 1721 1758 libera-

253 1780 338 1904 η’(
394 1791 484 1856 litate
510 1790 792 1872 fruuntur,(quam
813 1783 955 1886 tuipse)
978 1784 1118 1872 quilius
1140 1773 1207 1852 ta'fd
1224 1788 1323 1852 multa
1343 1789 1517 1863 concedas,
1548 1785 1605 1852 aed
1625 1789 1721 1852 rideo

394 1893 500 1950 nmen
527 1883 611 1969 apud
639 1889 671 1946 te
698 1901 825 1957 causas,
847 1890 883 1946 nt
903 1881 988 1958 dixi,
1012 1883 1117 1947 valere
1137 1882 1211 1966 plus
1231 1902 1327 1966 quam
1348 1902 1478 1966 preces,
1499 1882 1540 1947 ab
1560 1883 1668 1967 iisque
1688 1889 1721 1946 te

396 1977 516 2044 moveri
538 1977 691 2051 maxime,
713 1996 848 2058 quorum
868 1975 1075 2040 iustissimum
1096 1977 1206 2040 videas
1228 1975 1370 2040 dolorem
1391 1977 1426 2039 in
1446 1976 1596 2062 petendo.

359 2085 388 2132 tt
480 2068 532 2135 32.
553 2072 591 2134 ln
612 2070 652 2145 Q.
673 2069 800 2152 Ligario
821 2069 1039 2134 conservando
1061 2070 1170 2134 multis
1196 2077 1231 2134 tu
1253 2068 1381 2154 quidem
1402 2078 1526 2154 gratvrm
1545 2071 1645 2136 iacies
1666 2092 1723 2136 ne-

397 2165 542 2230 cessariis
563 2163 645 2239 tuis,
673 2163 729 2228 sed
751 2163 826 2240 boc,
848 2183 986 2248 quaeso,
1015 2163 1198 2239 considera,
1220 2164 1307 2247 quod
1328 2163 1423 2228 soles.
1463 2166 1596 2228 Possum
1616 2165 1724 2230 fortis-

262 2275 277 2394 ί
396 2260 496 2324 simos
516 2257 618 2332 viros,
640 2257 792 2334 Sabinos,
815 2257 872 2321 tibi
893 2256 1145 2342 probatissimos,
1167 2265 1336 2342 totumque
1355 2278 1465 2341 agrurn
1481 2258 1645 2332 Sabinum,
1666 2255 1724 2323 llo-

395 2371 463 2416 rom
493 2351 603 2416 ltaliae
633 2371 671 2415 ac
697 2351 795 2418 robur
820 2352 867 2415 rei
894 2350 1042 2435 publicae
1068 2371 1255 2436 proponere.
1292 2352 1382 2416 Nosti
1409 2353 1546 2437 optimos
1565 2347 1723 2417 homines.

396 2445 618 2510 Animadverte
645 2445 758 2508 borum
788 2445 930 2508 omnium
951 2446 1140 2509 maestitiam
1162 2454 1195 2510 et
1216 2445 1375 2509 dolorem:
1403 2445 1499 2510 buius
1520 2447 1557 2508 T.
1578 2447 1723 2521 Brocchi,

359 2542 437 2605 atde
459 2560 523 2626 quo
544 2560 610 2604 uon
631 2539 741 2602 dubito
771 2538 849 2623 quid
867 2539 1040 2613 existimes,
1061 2540 1205 2604 lacrimas
1225 2540 1470 2624 squaloremque
1490 2539 1593 2623 ipsius
1612 2549 1645 2604 et
1665 2538 1723 2603 lilii

397 2635 497 2699 vides.
539 2630 590 2696 33.
613 2632 698 2710 Quid
728 2631 768 2694 de
796 2632 942 2696 fratribus
972 2633 1097 2696 dicaml
1129 2634 1219 2708 Noli,
1250 2633 1380 2708 Caesar,
1409 2641 1537 2717 putare,
1566 2634 1606 2697 de
1627 2636 1723 2698 unius

397 2731 501 2814 capite
528 2748 587 2792 nos
615 2747 718 2810 agere.
752 2728 816 2789 Aut
843 2735 906 2790 tres
938 2727 994 2789 tibi
1023 2727 1141 2808 Ligarii
1170 2727 1327 2790 retinendi
1356 2727 1538 2791 incivitate
1566 2736 1641 2791 suut
1667 2733 1724 2791 aut

397 2831 462 2888 tres
491 2842 532 2885 ex
558 2821 684 2886 civitate
709 2821 949 2884 exterminandi.
985 2823 1063 2884 Nam
1091 2820 1227 2904 quodvis
1255 2819 1400 2884 exsilium
1429 2820 1479 2883 bis
1507 2828 1556 2884 est
1583 2823 1722 2906 optatius

399 2937 496 3002 qnam
516 2915 633 2998 patria,
655 2934 750 2999 quam
771 2915 895 2988 domus,
917 2915 1058 2997 quamdi
1079 2923 1227 2997 penates,
1248 2936 1312 2978 uno
1333 2916 1388 2979 illo
1402 2914 1578 2979 exsulante.
1611 2917 1646 2979 Si
1658 2915 1723 2980 ira·

199 3013 282 3124 ds
359 3021 497 3087 aeterne,
519 3011 546 3074 si
566 3010 628 3094 pie,
650 3009 677 3072 si
695 3008 895 3073 cumdolore
916 2994 1215 3101 iaciuntlsuovfflt
1236 3009 1403 3074 taborum
1424 3008 1582 3083 lacrimae,
1596 3016 1723 3073 moveat

397 3109 510 3194 pietas,
525 3112 650 3169 moveat
665 3089 878 3198 germanitas3)
891 3103 995 3168 valeat
1016 3110 1071 3166 tua
1083 3122 1148 3167 rox
1167 3103 1234 3178 illa,
1256 3122 1338 3188 quae
1351 3104 1435 3166 vicit.
1457 3105 1502 3165 Te
1517 3104 1601 3165 enim
1615 3100 1722 3166 dicere

397 3201 612 3274 audiebamus,
633 3217 692 3262 nos
714 3217 824 3262 omnes
847 3196 1045 3260 adversarios
1065 3204 1187 3279 putare,
1207 3197 1271 3260 nisi
1290 3199 1346 3281 qui
1366 3197 1531 3261 uobiscum
1545 3203 1667 3271 essent,
1690 3201 1722 3259 te

398 3315 523 3369 omnes,
544 3293 600 3378 qui
621 3299 731 3356 contra
752 3299 783 3355 te
805 3311 870 3354 non
889 3297 1010 3365 essent,
1032 3297 1114 3353 tuos.
1145 3290 1284 3355 Videsne
1306 3291 1402 3374 igitur
1414 3292 1499 3355 bunc
1520 3291 1722 3376 splendorem

398 3390 552 3463 omnium,
572 3385 654 3450 banc
675 3383 888 3448 Brocchorum
911 3383 1055 3460 domum,
1076 3384 1162 3448 bunc
1184 3388 1219 3449 L.
1240 3386 1403 3461 Marcium,
1426 3386 1460 3449 C.
1476 3385 1663 3461 Caesetium,
1685 3383 1721 3447 1.

398 3715 460 3768 illud
477 3715 521 3778 spi
536 3712 596 3764 etet
611 3712 669 3761 est:
688 3723 721 3762 ex
738 3713 869 3761 contraria
886 3709 1075 3761 sententta'aat
1090 3723 1136 3774 spo
1152 3711 1187 3761 od
1200 3715 1331 3774 mucra
1345 3711 1436 3774 equor
1445 3723 1507 3762 cum
1518 3711 1649 3775 facillime,
1662 3716 1720 3766 tum

397 3791 532 3857 aptissime
550 3785 699 3850 intelligitur
715 3786 829 3848 loquerer
845 3785 980 3850 (doum).
1008 3785 1047 3836 Cl.
1066 3798 1136 3849 quae
1152 3786 1272 3850 proxime
1289 3785 1471 3850 praecedunt:
1492 3788 1531 3838 Ns
1545 3789 1607 3838 boec
1622 3789 1721 3851 ᾳιιὼιιι

396 3867 500 3931 maipa,
526 3875 591 3927 quoe
610 3862 718 3924 sortasse
736 3861 886 3911 veterent
909 3861 985 3910 atium
1004 3861 1075 3923 opud
1093 3861 1200 3912 aciem
1215 3863 1283 3911 cet·
1307 3863 1466 3912 wssaarsae
1482 3863 1517 3914 ad
1533 3877 1573 3915 cr.
1590 3878 1618 3929 p.
1635 3866 1721 3915 Sestio

397 3955 424 4006 p.
442 3942 474 3990 50
492 3953 518 3990 n.
545 3935 642 3988 Similia
659 3937 720 3986 ante
738 3949 800 3986 eum
817 3934 989 3986 adnotaverat
1005 3937 1172 3997 Garatonius,
1190 3936 1234 3986 cui
1249 3937 1323 3985 recte
1339 3934 1471 3998 glossema
1487 3950 1521 3988 ex
1537 3937 1721 4000 superioribus

398 4019 432 4079 (v.
445 4015 485 4078 ii)
498 4013 532 4063 ud
545 4017 675 4076 pureum
690 4012 725 4062 sic
741 4011 785 4074 opt
800 4011 860 4061 aetat
876 4010 1018 4062 confictum
1035 4011 1184 4061 videtur.-
1204 4012 1229 4060 4.
1241 4010 1381 4073 apacati:
1399 4012 1500 4062 udo-
1512 4014 1619 4075 sumit,
1631 4018 1723 4064 mers

395 4090 454 4154 {ecit
469 4088 530 4140 cod.
541 4087 701 4138 pithoeanus
713 4099 774 4138 cum
785 4084 945 4149 quibusdam
956 4083 1025 4136 aliis:
1042 4086 1152 4146 timot,
1169 4091 1259 4136 umere
1268 4085 1317 4150 leci
1326 4085 1409 4136 (3130.
1429 4085 1497 4138 Vide
1507 4087 1619 4150 mdvig.
1629 4088 1720 4150 opusc

396 4163 503 4225 occdi,
521 4161 994 4227 p.200sq,-pocottstGEO-2.
1012 4161 1237 4225 ipaoacuasrtiti:
1255 4161 1446 4224 ipsoscuso-
1464 4161 1719 4226 a.ispsmee-

397 4237 691 4301 moguutarpctosic
712 4263 739 4274 -
757 4236 971 4297 tudoaututem,
989 4236 1353 4299 putspundediatillonatus
1369 4234 1404 4287 ad
1420 4237 1525 4290 Terent.
1543 4238 1676 4301 andan,
1695 4240 1720 4301 4,

398 4313 429 4362 49
447 4325 480 4362 ex
496 4312 634 4362 memoria.
653 4337 681 4348 -
708 4310 733 4362 t.
750 4312 789 4362 aa
807 4311 1132 4374 pesach-deprecandi
1152 4311 1230 4361 attert
1250 4309 1423 4372 Quintilianus
1442 4311 1474 4373 V,
1493 4312 1534 4374 4ο,
1552 4312 1593 4363 93.
1614 4341 1642 4350 -
1664 4325 1722 4376 spa·

396 4386 777 4438 rundidscuruuscaerttc
797 4386 1015 4436 -t.uecGE:
1037 4387 1198 4448 muso-
1218 4386 1396 4436 ruioucti-
1420 4386 1722 4449 putabamus

399 4487 427 4498 —
445 4462 470 4513 8.
487 4463 612 4526 gratiores
627 4462 657 4513 ΕΙ
676 4487 704 4500 -
722 4461 746 4512 e.
763 4462 846 4512 course
861 4462 899 4511 C:
923 4475 1010 4524 procas
1026 4462 1089 4524 GE,
1107 4461 1156 4512 sed
1173 4461 1200 4511 in
1216 4460 1237 4511 E
1253 4462 1465 4526 superscriptam
1480 4463 1523 4511 est
1538 4460 1596 4512 uvel
1610 4461 1720 4513 wius».

398 4537 464 4590 Vide
480 4537 640 4600 Madvigium
656 4535 745 4598 Opruc.
762 4536 835 4585 acad.
853 4535 899 4584 ult.
915 4548 942 4599 p.
961 4534 1010 4586 304
1026 4548 1068 4600 sq.
1086 4561 1115 4572 ·-
1138 4535 1722 4599 sapacidwspactorsti;lortacouctdtc

396 4617 508 4676 apactorc
526 4637 553 4648 —
571 4613 594 4662 ts
609 4611 697 4662 emti
716 4637 743 4646 -
762 4612 803 4661 to.
821 4610 905 4673 ᾳιιαιιι]
923 4623 974 4672 ouo
990 4625 1060 4667 corr.
1072 4611 1107 4662 ab
1125 4611 1220 4662 eadem
1238 4622 1318 4661 manu
1334 4612 1362 4661 in
1378 4625 1443 4674 paca
1458 4611 1519 4662 E-
1537 4610 1612 4676 iltias]
1627 4625 1722 4677 super-

398 4689 527 4754 scriptum
549 4685 584 4737 ab
606 4685 702 4737 adem
722 4697 759 4736 m.
778 4697 857 4736 omer
874 4685 900 4734 in
917 4685 937 4735 E
955 4710 982 4721 -
1006 4689 1035 4736 ts
1050 4698 1105 4737 cm.
1123 4685 1190 4745 6133
1217 4684 1267 4736 sed
1282 4685 1343 4736 vide
1361 4685 1521 4749 Madvigium
1538 4687 1626 4749 opusc.
1644 4687 1719 4738 acad

398 4759 613 4827 superisa.
633 4758 1719 4819 -tt.s'tcom.E-muttumc-itticzcassitttE;itttcaaaG0-t2.

398 4836 555 4901 morture
575 4861 602 4870 -
624 4834 859 4885 cmcadusGEC:
881 4835 1075 4884 coacsduo-
1098 4833 1226 4895 tarraco
1246 4832 1718 4886 smuumtsctmtrmc:

400 4905 1720 4976 apsosmpcsttunccomuotctsotesmapscacmuctcimpmwmo

403 4981 1719 5048 -ubisquc03otiisproeE-tt.mooercc-uideusdctorutaGEzdctorutaotdsuao-

400 5057 687 5128 t5.0.]ostatoE-
707 5058 1203 5121 iaopumsomopssmo-ie.
1223 5058 1721 5125 T.]ttttGE-itt.ovodii-cc>-

400 5132 1721 5197 tiemo-academiarum-23.cu]eE—scraGE:om.0—sut&satl-il.dt

401 5207 1720 5266 c:citieo-mimac-et.aom.c-aa.osssesset::osisssco-m

403 5281 1038 5348 ‹immaniinmanu-meme.
