4009 6159
686 585 759 661 044.
781 584 967 656 :th-111:
994 579 1042 669 44
1062 578 1209 652 :tt-ac.
1540 573 1604 649 cac

284 759 367 831 cuim
394 755 563 843 quitquam
592 760 698 838 potest
725 774 766 819 ex
793 752 881 826 omni
907 752 1059 823 memoria
1079 772 1205 820 sumere
1226 750 1397 823 illustrius,
1426 768 1523 833 poam
1544 768 1602 832 pso

283 872 346 924 uuo
368 852 436 917 civo
459 856 490 913 et
509 848 612 913 honos
634 868 743 913 omncs
763 848 886 933 privato
901 866 1059 913 consensu
1074 853 1106 910 et
1120 846 1303 912 universum
1318 849 1463 908 secatum
1476 842 1603 937 publico

283 943 415 1009 consilio
446 948 583 1011 mutasse
611 945 755 1008 vestem:
783 960 865 1026 quae
887 942 1014 1025 quidem
1043 947 1111 1003 tum
1131 940 1263 1014 mutatio
1285 957 1350 1008 neo
1371 935 1602 1020 deprecationis

283 1057 376 1107 causa
397 1034 561 1110 calfacta,
583 1035 639 1100 sed
660 1036 773 1101 luctus.
808 1035 911 1112 Quem
932 1034 1018 1102 enim
1039 1033 1262 1117 deprecarere,
1284 1051 1355 1096 cum
1371 1050 1481 1104 omnes
1496 1037 1604 1098 essent

281 1129 433 1196 sordidati
454 1148 590 1212 cumque
610 1128 672 1198 hoc
693 1129 769 1193 satis
790 1134 874 1193 esset
895 1128 978 1210 signi
999 1147 1070 1194 4444
1091 1125 1287 1208 improbum,
1307 1125 1364 1208 qui
1382 1130 1502 1215 4444444
1515 1130 1627 1194 vestet

282 1243 346 1289 non
374 1224 481 1287 esset?
513 1222 580 1285 Hac
610 1223 782 1290 mutatione
803 1221 900 1287 vestis
920 1220 1020 1295 tacte,
1051 1227 1138 1285 tanto
1159 1220 1194 1284 ic
1214 1219 1301 1286 luctu
1324 1217 1461 1291 civitatis
1482 1218 1604 1293 omitto,

283 1318 358 1405 quid
387 1315 440 1382 illc
470 1314 630 1393 triburam,
663 1316 805 1381 omnium
833 1335 938 1382 rerum
967 1315 1144 1389 divinarum
1173 1313 1445 1394 humanarumque
1473 1310 1603 1399 praedo,
1712 1314 1731 1401 ζ

281 1410 406 1489 iecerit,
429 1409 485 1493 qui
506 1408 619 1475 adesse
639 1409 854 1484 nobilissimos
876 1409 1111 1488 adolescentes,
1131 1407 1374 1480 honestissimos
1395 1404 1521 1502 equites
1542 1405 1604 1468 llo-
1661 1359 1674 1464 l

281 1523 409 1579 manos,
429 1504 652 1591 deprecatores
673 1502 782 1569 salutis
804 1522 893 1568 meae
914 1504 1042 1576 iusserit
1062 1522 1183 1587 eosque
1204 1520 1371 1587 4444444644
1391 1518 1519 1573 tuarum
1538 1498 1605 1581 pla·

282 1598 344 1663 diis
367 1605 398 1663 44
419 1596 576 1682 lapidibus
592 1596 760 1661 obiecerit:
784 1596 824 1661 de
838 1596 1023 1664 consulibua
1038 1597 1161 1681 loquor,
1184 1590 1398 1678 quommlide
1412 1592 1641 1675 respublicas:

282 1691 340 1766 piti
362 1690 478 1759 debuit
519 1687 570 1756 28.
584 1690 790 1758 Exanimatus
805 1689 908 1763 evolet
922 1709 963 1759 ex
977 1698 1090 1758 senatu
1105 1710 1170 1755 acc
1185 1689 1288 1759 minus
1302 1686 1483 1771 ponchaio
1497 1686 1603 1754 animo

282 1792 378 1869 atquc
404 1783 509 1859 vultu,
539 1803 635 1869 quain
657 1783 683 1846 si
707 1783 799 1849 annis
821 1790 893 1852 anto
915 1784 1025 1867 paucis
1047 1784 1081 1850 ic
1103 1783 1294 1859 creditorum
1315 1787 1504 1855 4044644644
1524 1778 1605 1846 inci·

283 1877 398 1958 disset:
420 1875 554 1947 advocat
571 1877 764 1953 contionem,
785 1876 880 1953 hahet
900 1876 1077 1944 orationem
1097 1877 1192 1942 444444
1214 1874 1343 1953 consul,
1365 1874 1492 1958 qualem
1513 1893 1605 1947 pum·

282 1991 378 2059 quem
401 1969 536 2045 catilina
555 1972 655 2037 victor
675 1970 856 2038 habuisset:
889 1988 993 2040 errare
1015 1969 1179 2048 homines,
1206 1968 1235 2036 si
1256 1969 1350 2035 etiam
1372 1976 1439 2040 tum
1460 1975 1605 2037 secatum

282 2064 403 2155 aliquid
430 2066 464 2129 in
484 2084 519 2132 re
546 2064 674 2149 publico
695 2083 789 2149 posse
811 2063 1052 2141 arbitrarentur:
1083 2062 1208 2147 equites
1235 2082 1311 2132 vere
1336 2063 1494 2135 Romanos
1515 2063 1642 2131 dahac

281 2181 334 2233 sos
365 2160 451 2225 illius
472 2158 538 2223 diei
558 2176 698 2247 poenas,
727 2177 791 2243 quo
812 2176 863 2221 me
885 2156 1018 2233 consule
1039 2176 1112 2221 cum
1132 2155 1246 2240 gladiis
1267 2158 1301 2224 in
1323 2156 1406 2225 olive
1430 2155 1605 2246 Capitolino

281 2254 435 2328 irrissem:
465 2251 591 2320 vecisse
615 2257 739 2337 tempus
760 2251 820 2326 iis,
842 2251 897 2334 qui
925 2251 959 2313 in
981 2250 1095 2318 timore
1115 2249 1270 2325 44444444,
1290 2282 1333 2300 ·-
1354 2251 1537 2323 coniuratos
1558 2248 1606 2315 vi·

282 2346 397 2423 delicet
417 2345 543 2421 dicebat
562 2378 605 2392 -
619 2344 795 2415 ulciscendi
816 2343 894 2411 sui.»
927 2344 962 2420 Si
983 2343 1119 2409 dixisset
1138 2344 1219 2420 haec
1239 2344 1352 2422 solum,
1375 2344 1462 2409 omni
1482 2342 1606 2427 suppli·

281 2440 330 2509 cic
352 2446 437 2515 esset
451 2438 582 2523 dignust
605 2458 677 2508 nam
693 2439 795 2503 oratic
809 2439 879 2522 ipsc
894 2438 1036 2505 consolis
1049 2438 1229 2521 perniciosa
1242 2446 1349 2522 potest
1361 2459 1429 2505 rem
1443 2439 1604 2523 publicata

281 2533 489 2609 labefactare:
519 2532 595 2617 quid
616 2532 742 2609 feccrit,
768 2531 881 2597 videte.
925 2528 975 2597 29.
998 2532 1034 2605 h.
1056 2532 1215 2607 Lamiam,
1237 2533 1310 2617 qui,
1333 2552 1406 2600 cam
1425 2553 1478 2609 :pe
1498 2532 1642 2616 ipsumsi:

282 2647 337 2717 pso
359 2645 483 2694 summa
503 2624 732 2702 familiaritate,
763 2624 944 2711 quaemihi
972 2620 1055 2713 [cum
1075 2620 1183 2711 fratre]
1216 2646 1287 2701 cum
1315 2635 1403 2709 patre
1429 2626 1498 2693 eius
1526 2633 1605 2701 eset,

283 2722 375 2797 apice
404 2720 568 2803 diligebat,
596 2725 663 2783 tum
690 2740 747 2803 pro
768 2739 802 2785 44
830 2719 957 2806 publica
977 2718 1030 2790 vol
1049 2728 1181 2791 mortem
1207 2727 1358 2830 oppetere
1380 2720 1542 2804 cupiebat,
1570 2721 1604 2783 ia

282 2818 429 2895 centiens
451 2814 603 2899 relegavit
624 2812 787 2902 edixitque
808 2820 844 2880 ut
864 2814 903 2880 ab
925 2812 1003 2890 ocho
1030 2812 1156 2879 ahesset
1174 2814 1262 2892 militi
1283 2834 1434 2900 passuum
1459 2811 1604 2889 ducenta,

283 2908 370 2999 quod
391 2915 476 2979 esset
496 2928 592 2974 ausus
612 2928 671 2991 pro
691 2908 768 2983 civi,
800 2926 857 2991 pro
886 2907 967 2979 hene
995 2908 1109 2985 prerito
1130 2908 1211 2991 civi,
1243 2928 1301 2993 pic
1330 2906 1450 2982 amico,
1482 2926 1541 2990 pso
1569 2927 1603 2979 44

282 3002 409 3091 puplica
436 3000 609 3085 deprecari.
652 3001 737 3072 Xlll.
761 2998 846 3076 Quid
874 2999 937 3065 hoc
962 3000 1090 3079 hospius
1110 3000 1232 3079 4444444
1263 3008 1318 3076 tut
1338 3019 1403 3086 quo
1424 3001 1525 3080 pivesp
1546 3000 1642 3076 irc-:a

281 3104 451 3183 4444444444
472 3102 527 3171 aut
548 3114 612 3179 quo
634 3096 741 3187 potius
761 3094 884 3162 hostem
905 3094 1173 3173 consceleratum
1188 3097 1356 3176 4444444444
1378 3097 1450 3183 qui,
1462 3101 1499 3173 44
1512 3095 1604 3174 epit

346 3462 370 3510 4.
388 3460 518 3511 inimicias
534 3461 553 3510 P
571 3485 598 3495 -
616 3473 664 3523 pro
675 3466 784 3510 --moc
801 3466 891 3513 ceston
907 3460 1027 3513 habeti
1046 3489 1073 3499 -
1092 3462 1116 3512 2.
1139 3462 1192 3512 cive
1207 3462 1308 3527 APtit:
1327 3462 1376 3514 cici
1392 3456 1437 3521 G’:
1454 3461 1508 3513 eice
1523 3459 1606 3512 hebet

280 3542 300 3589 P
316 3536 394 3586 eiiam
413 3534 429 3599 4
446 3533 495 3587 444
513 3538 594 3599 extr,
618 3536 711 3586 contra
728 3535 777 3587 civi
793 3534 824 3599 55
842 3536 882 3586 44.
901 3536 941 3587 49.
960 3536 1000 3586 444.
1020 3536 1060 3587 ’44.
1081 3562 1108 3572 -
1134 3536 1196 3586 hono
1213 3538 1234 3586 6
1253 3565 1280 3574 -
1298 3537 1379 3587 cmi:
1394 3538 1444 3589 PG
1461 3563 1488 3572 —
1503 3537 1605 3599 priocto

278 3622 465 3666 mom.
483 3612 505 3661 4
523 3636 551 3647 -
569 3608 594 3660 4.
613 3610 775 3671 doprcccreco
790 3612 823 3661 P:
841 3611 975 3673 coprem
990 3624 1017 3661 se
1033 3613 1072 3671 6;
1096 3612 1290 3675 depreoomtw
1304 3610 1395 3671 hdo,
1413 3624 1496 3675 quam
1512 3609 1605 3662 lectio-

279 3700 341 3749 nem
357 3684 539 3752 ppopaserprt
555 3683 659 3765 4444444
675 3698 701 3749 p.
719 3684 768 3739 ta:
785 3688 812 3745 44
828 3685 956 3747 Wesenb.
975 3700 1003 3752 p.
1015 3687 1062 3747 44,
1079 3689 1134 3742 sot
1148 3688 1179 3747 t;
1198 3687 1359 3747 stv.1eeoh
1376 3701 1403 3752 p.
1415 3687 1465 3745 itt
1475 3687 1603 3742 44444444.

278 3774 304 3835 p.
317 3761 358 3824 444.
374 3786 401 3795 -
419 3760 444 3811 4.
463 3772 510 3825 pac
526 3759 553 3809 in
569 3771 673 3821 4444444
690 3760 716 3809 in
732 3757 814 3811 Pelia
831 3771 867 3811 m.
880 3764 1039 3885 punctatum
1055 3764 1104 3827 444.
1120 3788 1147 3799 -
1165 3762 1300 3827 imbuit
1314 3766 1334 3830 P
1347 3790 1376 3813 .-.
1392 3766 1491 3820 4444444
1502 3763 1521 3813 P
1533 3773 1605 3821 coir.

279 3837 388 3887 tm.ex
405 3834 537 3884 matto.-
556 3833 580 3883 6.
598 3829 908 3898 ltcecP¹—oestisscoc
925 3838 958 3887 P:
976 3838 1135 3902 soctcoesti:
1151 3838 1200 3888 60
1216 3865 1242 3875 -
1261 3839 1395 3914 4444444
1412 3838 1504 3889 comt
1521 3848 1605 3898 44444

277 3910 365 3973 tapetia
382 3934 417 3947 -
433 3908 458 3959 8.
472 3908 637 3959 4444444444
652 3910 711 3959 Ρ-
731 3908 770 3958 44.
782 3909 853 3960 cota:
869 3913 925 3962 Ρ-
942 3913 1073 3963 4444444444.
1092 3914 1126 3963 lit
1141 3914 1279 3965 advocati}
1290 3942 1317 3951 -
1336 3914 1377 3965 44.
1389 3912 1561 3964 4444444440
1575 3939 1602 3951 -

278 3986 318 4036 ic.
337 3986 460 4035 4444444444
477 3995 530 4033 om.
549 3984 571 4033 G
589 4010 617 4020 —
636 3983 677 4034 46.
696 3982 762 4033 titios
777 3984 828 4034 dics
844 3982 940 4037 Gellius
956 3988 987 4036 N.
1006 3990 1058 4037 Ati.
1077 3988 1124 4050 rx,
1143 3988 1188 4050 44,
1207 3989 1237 4049 6,
1256 3988 1290 4039 de
1308 4001 1362 4053 qua
1379 3988 1464 4039 torma
1480 4001 1507 4038 v.
1519 3984 1602 4037 Klotz.

277 4062 304 4111 ln
320 4059 404 4125 praet.
423 4057 466 4109 ed.
485 4058 586 4109 Techn.
605 4070 633 4123 p.
651 4057 674 4106 V
690 4070 732 4123 sq.
752 4082 780 4095 -
799 4072 848 4121 oco
863 4072 903 4110 mo
918 4058 981 4110 hd:
1001 4061 1045 4122 oo:
1060 4075 1101 4113 me
1117 4064 1138 4113 G
1155 4064 1194 4125 (ut
1204 4060 1384 4115 vultlecobus
1401 4078 1429 4129 p.
1440 4062 1512 4127 t99);
1531 4064 1604 4127 quim

277 4138 304 4197 Ρ,
323 4136 366 4199 pei
381 4135 435 4197 siae
451 4135 471 4184 P
488 4145 557 4183 corr.
576 4134 591 4183 4
609 4146 645 4183 m.
666 4159 692 4168 -
712 4134 739 4183 44
755 4134 888 4199 capitolino
905 4135 968 4185 clivo
985 4138 1006 4186 6
1025 4163 1051 4172 -
1071 4138 1111 4190 it.
1130 4137 1161 4187 ii:
1178 4140 1215 4189 G:
1241 4139 1279 4197 his
1295 4142 1315 4194 P
1334 4166 1362 4176 -
1379 4144 1539 4205 cooperato:
1555 4140 1604 4189 PG

279 4240 305 4247 -
319 4212 360 4263 t8.
378 4210 417 4259 :si
433 4210 544 4273 scripsi:
564 4222 616 4265 om.
634 4211 653 4260 P
670 4208 696 4258 in
713 4222 805 4266 rasura
820 4210 900 4263 trium
912 4212 1070 4275 quattuorve
1083 4210 1230 4278 litterarum
1242 4215 1269 4265 et
1280 4215 1316 4273 G:
1334 4227 1360 4277 44
1371 4214 1433 4278 edd.
1448 4242 1475 4251 -
1493 4214 1605 4270 vicisset

276 4287 314 4349 1³¹,
332 4284 382 4338 sed
399 4286 460 4334 ante
476 4285 500 4334 D
518 4282 637 4335 additum
654 4284 724 4333 Si-
742 4282 803 4335 hoec
818 4285 883 4335 PG:
901 4285 946 4337 hoc
962 4286 1028 4349 40,
1045 4286 1095 4339 sed
1112 4288 1243 4341 incertum
1257 4288 1364 4346 videtur
1380 4302 1444 4356 pum
1461 4290 1544 4346 :laius
1559 4290 1605 4350 hoc

276 4364 302 4413 ln
318 4360 378 4412 cod.
392 4358 522 4411 invenerit
539 4372 573 4409 an
592 4372 624 4409 ex
642 4356 702 4422 edd.
717 4360 876 4425 sumpserit:
894 4360 939 4410 444
955 4362 1046 4422 tuetur
1057 4363 1184 4415 Wesenb.
1198 4377 1224 4429 p.
1238 4364 1283 4426 64,
1301 4364 1361 4420 haec
1376 4364 1490 4427 iacchus
1506 4379 1533 4430 p.
1545 4366 1603 4417 400.

276 4435 315 4487 Ad
331 4434 431 4497 lemma
448 4435 485 4483 ost
500 4434 603 4484 dixisset
619 4434 664 4484 hoc
680 4434 772 4484 :otono
786 4432 941 4487 scholiastes
953 4435 1103 4490 adnotavit:
1123 4438 1171 4489 «Et
1181 4436 1332 4501 notabiliter
1342 4439 1431 4494 media
1441 4439 1517 4494 verbi
1528 4441 1604 4506 parte

276 4510 409 4572 subtracta
426 4521 479 4559 non
497 4508 532 4559 444
552 4508 616 4560 levit
632 4508 755 4559 omnihus
772 4507 880 4571 syllabis
897 4511 1012 4575 44444444,
1034 4512 1083 4564 sed
1100 4513 1195 4579 44444.»
1219 4512 1334 4571 Klotzius
1350 4515 1453 4580 recepit
1469 4514 1538 4567 dicet
1554 4514 1604 4567 do·

277 4588 370 4651 ctaque
387 4583 478 4646 adnot.
497 4521 641 4635 delendere
660 4585 770 4635 4444444
787 4584 829 4633 444
845 4584 871 4647 ir:
888 4586 971 4649 praei.
991 4586 1034 4639 ed.
1052 4586 1153 4639 Teuhn.
1172 4600 1198 4653 p.
1211 4590 1254 4641 VI.
1274 4615 1302 4639 -.
1320 4590 1361 4649 2⁰.
1380 4590 1448 4642 44444
1463 4590 1534 4649 Picis
1550 4590 1604 4639 icio

277 4660 317 4721 P¹;
336 4660 417 4710 uidete
432 4656 503 4708 4444444
518 4659 572 4709 lom
588 4655 646 4710 Ρ’6
670 4660 711 4723 (ln
728 4656 757 4709 Ρ1
774 4654 838 4707 nihil
853 4658 978 4711 4444444444
995 4663 1037 4715 est
1053 4676 1134 4728 quam
1151 4664 1223 4729 quod
1240 4666 1250 4713 i
1265 4666 1327 4730 pcst
1343 4668 1368 4727 4,,
1392 4668 1421 4716 ut
1437 4664 1602 4735 saepissimo.

276 4748 323 4801 pro
339 4748 353 4787 e
373 4734 458 4800 posite
476 4732 538 4795 est.)
556 4759 583 4768 -
602 4734 644 4784 44.
661 4733 723 4784 mihi
738 4744 796 4782 4444
809 4732 892 4795 fram
907 4747 965 4784 4444
978 4742 1053 4799 patre
1068 4737 1104 4803 P¹
1127 4752 1208 4804 quam
1224 4738 1366 4805 lectionem
1383 4740 1495 4796 lacobus
1511 4753 1539 4806 p·
1554 4741 1603 4797 44444

277 4804 409 4877 distendit:
434 4820 492 4859 com
515 4809 597 4873 444444
619 4808 680 4860 mihi
704 4808 744 4859 444
764 4819 881 4873 conopoea
901 4822 957 4867 cen
976 4817 1051 4873 pairs
1071 4814 1108 4873 (33
1133 4814 1194 4868 misi
1217 4828 1274 4865 aaa
1290 4815 1398 4878 poesis
1417 4817 1445 4867 et
1459 4815 1604 4878 Madvigius

277 4921 302 4973 p.
320 4904 375 4967 445.
398 4928 427 4940 -
446 4902 486 4953 23.
505 4904 621 4959 44444444
638 4904 687 4960 60
703 4929 730 4939 -
749 4901 866 4967 :stipavit
882 4904 914 4964 P:
932 4905 1116 4974 coordinavit
1132 4910 1153 4963 6
1171 4934 1200 4945 -
1226 4908 1319 4971 4444444
1336 4922 1379 4961 ,44.
1395 4922 1423 4972 μ
1441 4909 1487 4961 66.
1501 4908 1601 4971 (444)Ρ;

277 4978 431 5039 acanthi.
450 4978 477 5027 Ρ.
498 4991 523 5029 c.
543 4980 563 5029 6
582 5004 610 5017 -
629 4979 670 5031 44.
689 4976 1080 5043 pcoc--dqrrecooihoheta
1099 5009 1124 5021 -
1149 4981 1605 5045 mancaepammus:

278 5064 356 5113 seam
373 5060 524 5122 priscianus
540 5056 564 5119 Ι,
582 5071 608 5123 p.
627 5056 674 5115 344
692 5054 736 5105 ed.
755 5047 855 5113 Krehl.)
874 5077 902 5087 -
920 5054 969 5105 cici
984 5055 1028 5107 his
1044 5058 1109 5109 PG:
1127 5057 1180 5110 cicc
1194 5056 1238 5110 his
1254 5060 1289 5118 A:
1307 5056 1370 5116 illud
1387 5058 1476 5113 4444444
1491 5057 1604 5109 Priscia-

277 5146 325 5185 nos
342 5133 359 5185 l.
379 5147 403 5189 c.
424 5161 451 5171 -
471 5136 511 5187 44.
530 5135 693 5199 4444444444
709 5133 728 5195 Ρ
748 5155 775 5164 -
801 5124 842 5191 26·
860 5132 905 5182 att
922 5142 970 5193 qao
986 5133 1049 5183 PG:
1068 5138 1114 5193 4444
1130 5132 1172 5190 oi.
1190 5134 1258 5186 lunt.
1274 5135 1302 5184 et
1319 5133 1459 5188 Gentem:
1482 5134 1510 5183 44
1529 5133 1603 5188 recte

278 5207 379 5271 conteri
393 5206 508 5263 Klotzius
525 5209 553 5263 ia
569 5206 652 5273 praet.
674 5204 719 5262 ed.
732 5201 834 5265 Teubtt·
852 5212 892 5257 cr.
910 5205 937 5256 ic
954 5204 1029 5269 4444.
1042 5206 1091 5271 444,
1109 5205 1125 5277 5
1142 5207 1200 5259 473.
1218 5205 1362 5270 Ρ4441.ΧΝ,
1380 5206 1396 5276 4
1414 5206 1454 5261 44.
1472 5218 1501 5271 ρ.
1513 5204 1602 5264 Caelio

278 5283 354 5351 gith
372 5284 493 5362 adda‘or.
512 5282 577 5339 Phil.
595 5284 626 5345 ΙΙ,
646 5282 662 5349 fi
679 5284 719 5337 38.
