4009 6159
396 542 459 615 7⁶²
826 558 980 625 oasuo
1002 559 1081 624 sao
1103 559 1137 623 s.
1159 559 1286 625 sucus

397 708 637 797 coniiteorzlsiu
658 732 690 789 te
712 727 854 809 potentia
876 746 955 802 mea,
977 726 1006 791 si
1028 726 1217 805 dominatio,
1239 728 1267 793 si
1288 728 1427 813 denique
1449 728 1581 813 aliquod
1602 729 1720 793 dietum

260 826 271 852 ¹
333 822 335 827 '
396 836 547 900 arrogans
567 826 622 883 aut
642 820 812 903 superbum
835 804 971 903 moreti
988 822 1067 906 quin
1097 829 1133 885 tu
1161 823 1193 886 id
1221 824 1326 907 potius
1356 822 1477 907 proiers
1508 843 1604 907 quam
1632 823 1720 887 verbi

248 905 258 916 ’
395 908 546 974 iuvidiam
568 914 854 1000 contumeliamque
876 915 1056 979 maledicti?
1170 980 1178 993 ,

481 1006 538 1069 ill.
559 1002 611 1069 26.
632 1008 714 1091 Ego,
737 1010 834 1073 tantis
855 1030 874 1074 a
895 1029 946 1074 me
966 1007 1129 1075 beneficiis
1151 1011 1185 1073 iu
1206 1031 1241 1075 re
1263 1010 1392 1094 publiea
1406 1011 1533 1093 positis,
1555 1011 1582 1075 si
1598 1012 1719 1075 nullum

370 1098 481 1163 saliud
503 1101 580 1165 mihi
601 1104 775 1185 praemium
796 1104 837 1167 ab
860 1111 970 1167 senatu
991 1104 1175 1188 populoque
1196 1105 1339 1168 Romano
1360 1104 1421 1167 nisi
1437 1103 1605 1167 lrouestum
1620 1104 1720 1169 otium

395 1192 601 1275 postularem,
625 1197 697 1281 quis
719 1217 784 1262 nou
806 1197 1014 1262 concederet?
1058 1198 1125 1262 Sibi
1148 1198 1302 1262 habereut
1322 1199 1470 1272 honoros,
1493 1198 1554 1261 sibi
1576 1198 1721 1281 imperia,

396 1286 454 1349 sibi
477 1288 672 1370 provincias,
696 1291 755 1355 sibi
777 1291 969 1374 triumphos,
992 1291 1051 1354 sibi
1073 1291 1137 1355 alia
1157 1292 1336 1376 praeclarae
1352 1291 1455 1355 laudis
1469 1290 1622 1372 insignia:
1644 1291 1721 1355 milri

395 1379 505 1443 liceret
526 1382 595 1447 eius
616 1385 720 1459 urbis,
753 1405 849 1470 4444444
876 1404 1130 1459 conservassem,
1159 1394 1333 1468 conspectu
1361 1385 1533 1468 tranquillo
1562 1385 1722 1449 animost

396 1474 504 1556 quieto
525 1475 599 1539 irui.
635 1478 743 1554 Quidi
766 1479 792 1541 si
813 1479 874 1542 hoe
895 1498 961 1543 nou
981 1479 1123 1562 postulo;
1141 1480 1180 1546 si
1202 1479 1257 1543 iile
1278 1479 1368 1544 labor
1389 1499 1479 1543 meus
1499 1478 1670 1562 pristinus,
1692 1478 1720 1542 si

215 1582 291 1674 ‘ass
357 1580 385 1627 44
395 1566 593 1647 sollicitudo,
621 1573 649 1636 si
670 1568 790 1647 officia,
819 1572 847 1635 si
868 1592 1001 1655 operae,
1031 1572 1059 1635 si
1080 1572 1207 1655 vigiliae
1236 1574 1419 1637 deserviunt
1443 1564 1573 1658 amicis)
1594 1580 1720 1655 praesto

395 1669 468 1725 suut
488 1654 654 1762 omuibus)
683 1665 710 1729 si
735 1662 840 1750 noque
868 1666 960 1729 amici
988 1666 1024 1729 in
1051 1665 1122 1729 toro
1143 1668 1309 1752 requirunt
1329 1666 1468 1732 studium
1489 1685 1595 1729 meum
1616 1686 1720 1749 neque
1760 1729 1764 1738 ,

394 1775 446 1821 res
466 1757 593 1841 publica
614 1760 647 1823 iu
669 1759 770 1835 curia3
793 1760 820 1823 si
842 1780 892 1824 me
913 1780 977 1823 non
1000 1760 1094 1823 modo
1116 1780 1181 1823 non
1203 1770 1490 1843 rerumgestarum
1503 1760 1641 1833 vacatio,
1663 1759 1719 1823 sed

244 1907 318 1961 -ae‘
357 1864 499 1932 sueque
526 1850 657 1917 honoris
683 1874 787 1938 neque
819 1853 931 1918 aetatis
959 1854 1123 1918 excusatio
1148 1854 1290 1919 vindieat
1318 1876 1337 1918 a
1365 1854 1489 1929 labore3
1505 1852 1548 1925 {si
1575 1853 1720 1918 voluutas

355 1933 371 2014 l
395 1962 481 2018 mea,
504 1944 531 2007 si
552 1946 723 2023 industria,
745 1950 772 2013 si
787 1949 916 2022 domus,
938 1948 966 2011 si
982 1947 1123 2023 animus,
1146 1948 1173 2012 si
1187 1969 1278 2013 aures
1293 1956 1401 2032 patent
1415 1945 1579 2041 omnum)
1600 1948 1627 2011 si
1642 1947 1718 2011 milri

358 2049 436 2101 44444
457 2037 497 2102 ad
520 2059 558 2103 ea
579 2041 724 2125 quidem,
757 2062 839 2127 quae
860 2062 918 2125 pro
948 2043 1050 2107 saluto
1071 2043 1212 2107 omnium
1235 2023 1561 2127 gessisreoordanda
1581 2049 1615 2107 et
1635 2043 1720 2125 cogi·

395 2130 491 2197 tanda
512 2134 686 2219 quidquam
707 2136 897 2220 relinquitur
916 2137 1087 2220 temporis:
1117 2143 1222 2202 tamen
1251 2138 1313 2201 hoc
1340 2158 1472 2220 requam
1501 2136 1719 2220 appellabitur,

394 2226 485 2291 cuius
506 2228 641 2293 vicarius
663 2232 718 2315 qui
739 2230 818 2296 velit
838 2250 910 2295 esse
931 2230 1065 2294 inveniri
1087 2250 1181 2295 nemo
1208 2236 1335 2314 potestt
1378 2230 1429 2294 27.
1461 2230 1570 2315 Longe
1591 2232 1721 2296 alaesta

395 2340 446 2384 me
467 2322 556 2406 requi
578 2324 733 2407 suspicio:
762 2326 789 2389 si
811 2324 953 2409 quaeris,
977 2325 1033 2408 qui
1053 2323 1118 2387 sint
1138 2326 1256 2389 Romae
1275 2346 1408 2409 rogorum
1428 2346 1585 2409 occupare
1606 2325 1720 2398 conati,

395 2421 431 2477 ut
451 2435 492 2479 ne
513 2417 648 2501 replices
671 2420 832 2484 annalium
854 2420 1054 2496 memoriam,
1082 2439 1123 2482 ex
1145 2420 1325 2484 domesticis
1353 2420 1545 2503 imaginihus
1565 2419 1720 2483 invenies.

357 2508 456 2571 oues
477 2508 563 2575 euim
584 2519 709 2595 gestae,
731 2512 842 2588 credo,
865 2532 954 2577 meae
976 2532 1028 2576 me
1049 2513 1144 2576 uimis
1166 2512 1350 2577 extulerunt
1370 2534 1408 2578 ac
1422 2514 1500 2578 milri
1515 2515 1623 2579 nescio
1639 2534 1721 2598 quos

386 2609 533 2774 tuiti,
560 2606 781 2784 illitum
795 2607 934 2775 itit,
952 2606 1119 2785 “lollii
1145 2608 1348 2766 {triu
1371 2608 1720 2786 ,irrutiles

394 2791 504 2855 urbem
532 2794 614 2859 hanc
642 2800 675 2859 et
700 2796 804 2859 vitam
826 2795 967 2859 omnium
997 2795 1131 2871 civium,
1160 2796 1237 2859 satis
1260 2796 1410 2881 adeptum
1430 2796 1516 2872 iore,
1546 2796 1574 2861 si
1596 2815 1638 2859 ex
1657 2795 1720 2859 hoc

394 2892 483 2950 tauto
511 2887 545 2951 in
567 2908 678 2953 omues
709 2890 858 2955 mortales
879 2884 1034 2953 beneficio
1057 2889 1180 2953 nullum
1203 2889 1236 2951 in
1257 2909 1309 2952 me
1329 2889 1506 2973 periculum
1526 2889 1718 2955 redundarit

356 2978 446 3047 4428.
467 2982 593 3048 Etenim
614 2985 648 3049 iu
670 3005 734 3068 qua
756 2984 880 3049 civitate
902 3003 953 3047 res
980 2990 1083 3046 tantas
1111 2984 1280 3066 gesserim,
1312 2985 1457 3062 momiui3
1488 2984 1523 3049 in
1551 3004 1614 3068 qua
1642 2983 1720 3047 urbe

393 3096 515 3153 verser,
537 3078 691 3163 intelligo.
733 3078 865 3143 Plenum
885 3077 988 3142 lorum
1011 3085 1061 3141 est
1082 3098 1190 3141 eorum
1205 3077 1382 3152 hominum,
1404 3099 1485 3164 quos
1501 3098 1560 3161 ogo
1574 3098 1594 3141 a
1607 3077 1721 3142 vestris

394 3173 568 3238 cervicibus
588 3173 714 3258 depuli,
742 3171 877 3249 iudices,
907 3172 1027 3237 amois
1048 3191 1113 3234 uon
1134 3173 1269 3236 removi:
1297 3172 1360 3235 nisi
1381 3192 1457 3236 vero
1479 3191 1598 3257 paucos
1620 3170 1720 3235 luisse

394 3268 604 3343 arbitramini,
636 3268 692 3352 qui
722 3268 829 3331 consu
851 3274 906 3331 aut
933 3285 1063 3350 sperare
1083 3274 1213 3349 possent
1238 3286 1273 3329 se
1293 3273 1416 3331 tantum
1438 3267 1606 3350 imperium
1624 3285 1721 3351 posse

395 3361 512 3424 delere.
564 3362 685 3426 llorum
715 3382 773 3446 ego
800 3362 885 3426 laces
914 3364 1039 3445 eripere
1069 3362 1109 3424 de
1138 3361 1284 3425 manibus
1313 3368 1345 3424 et
1377 3360 1500 3444 gladios
1532 3368 1721 3444 extorquere

356 3454 500 3538 eupotui,
527 3456 620 3519 sicuti
640 3455 720 3533 leei;
748 3455 925 3521 voluntates
955 3476 1031 3520 vero
1061 3454 1292 3520 consceleratas
1313 3474 1351 3518 ac
1372 3454 1509 3518 nefarias
1529 3472 1589 3517 uec
1609 3472 1721 3517 sanare

394 3551 486 3707 ppttqi
507 3549 708 3709 neclttiqllpre.
746 3550 823 3657 'Qua
845 3570 879 3706 qe
901 3570 966 3613 nou
988 3569 1059 3613 sum
1081 3548 1227 3703 uesqilus,
1256 3556 1376 3657 quanto
1398 3547 1542 3705 perqpplo
1561 3546 1721 3702 qivambin

430 3664 450 3705 u
512 3666 566 3707 mu
618 3665 639 3707 u
662 3663 714 3706 ruo
743 3664 785 3707 rm
809 3663 844 3706 ro
868 3663 977 3719 orum,
1005 3662 1077 3705 cum
1106 3664 1150 3706 mr
1174 3662 1184 3704 4
1212 3661 1268 3705 unr
1295 3661 1368 3705 eum
1397 3663 1449 3706 om
1503 3662 1541 3705 us
1568 3660 1671 3724 impro
1693 3661 1721 3703 rs

395 3744 558 3800 aeteruum
580 3736 704 3801 videam
730 3666 808 3800 essi)
828 3736 948 3800 beilum
976 3744 1168 3820 susceptum.
1211 3736 1252 3799 X.
1285 3732 1336 3799 29.
1369 3735 1462 3811 Quod
1492 3736 1519 3798 si
1548 3735 1612 3798 iliis
1641 3735 1721 3799 meis

460 3992 484 4041 4.
503 3990 677 4053 444444444-
695 3988 719 4040 4.
738 3988 1178 4053 4444444444-44444444Β-
1196 3992 1222 4040 s.
1240 3988 1460 4039 4444444444-
1477 3985 1719 4039 comesuris:

395 4067 581 4119 4444444440
600 4090 627 4101 -
646 4064 810 4115 444444444-
828 4067 983 4116 cerrima
1003 4087 1031 4101 -
1050 4064 1075 4117 6.
1093 4064 1364 4115 4444444444νὸ
1382 4061 1531 4124 4444444444
1550 4062 1722 4113 teter-emim

394 4145 429 4203 Bi
447 4142 494 4193 4444
509 4142 627 4193 44444444
642 4140 687 4191 otii
703 4138 764 4191 cod.
783 4140 921 4191 Patrensis
938 4139 1069 4189 Torrentii
1085 4141 1114 4190 et
1129 4140 1221 4190 Lamb.
1236 4141 1261 4190 iu
1278 4152 1363 4202 marg.
1377 4164 1404 4173 -
1422 4137 1469 4189 4444
1482 4140 1600 4201 praem
1614 4140 1723 4202 4444444444

394 4220 427 4279 Τ,
445 4216 494 4269 444
508 4218 626 4281 praeusto
642 4216 738 4267 eadem
755 4230 791 4267 m.
811 4215 937 4267 delatum.
959 4241 985 4251 ·-
1005 4216 1029 4265 7.
1044 4216 1187 4277 provintias
1202 4216 1222 4265 T
1241 4241 1268 4251 -
1288 4216 1328 4264 sc.
1343 4219 1446 4277 praesto
1462 4227 1518 4264 444444
1533 4215 1554 4264 Β
1567 4241 1595 4253 -
1614 4216 1654 4265 43.
1672 4228 1723 4265 nos

394 4294 467 4344 modo
482 4306 533 4343 4444
549 4292 667 4343 Tvus:
691 4306 741 4343 44444
757 4292 830 4341 modo
846 4289 902 4351 aiii,
921 4292 950 4341 0.
972 4318 999 4327 -
1017 4294 1117 4341 4444444
1132 4290 1156 4339 V
1173 4316 1202 4326 -
1226 4290 1266 4341 43.
1282 4290 1462 4341 4444444444
1481 4315 1510 4327 -
1529 4290 1570 4339 46.
1588 4289 1723 4351 quoquere

394 4370 414 4420 T
433 4394 460 4406 -
478 4367 655 4431 4444444444
676 4396 703 4405 -
721 4372 836 4419 meone
851 4365 929 4417 lectio
945 4368 1019 4417 varia
1036 4368 1063 4417 iu
1079 4380 1163 4430 marg.
1182 4364 1275 4416 Lamh.
1295 4392 1323 4401 -
1341 4365 1381 4414 44.
1400 4364 1444 4425 qui
1461 4364 1547 4415 om.B
1566 4390 1594 4399 -
1612 4365 1723 4415 tremiss

395 4446 414 4495 Β
433 4470 460 4479 -
479 4458 498 4494 4
512 4458 552 4495 rue
568 4443 620 4495 Eri.
640 4446 667 4495 et
683 4444 719 4494 V:
738 4456 791 4494 om.
804 4443 853 4493 'lli
866 4468 893 4477 -
915 4441 954 4492 is.
972 4442 1003 4509 44]
1020 4441 1060 4491 rin
1076 4442 1113 4500 Vi
1131 4447 1155 4492 44
1169 4440 1192 4491 ri
1208 4438 1268 4490 cod.
1287 4439 1426 4490 Parceusis
1442 4440 1470 4489 et
1486 4439 1519 4490 li.
1537 4438 1671 4503 Stephani.
1691 4464 1719 4475 -

393 4520 485 4570 sontii
508 4546 535 4557 -
562 4518 602 4570 49.
620 4518 784 4583 441444-
807 4515 1408 4568 20.meueom.B-2t.imnortotibcrl'v
1428 4515 1723 4566 -ta.sersmmirT

395 4593 674 4646 vnterrcumiriio
692 4592 1082 4656 -pesuucsrsposronsw
1101 4590 1474 4654 444444444444444140-
1492 4588 1534 4639 23.
1552 4589 1723 4641 4444444444-

393 4671 585 4722 mortotr'r'l-
603 4666 644 4720 44.
662 4666 752 4733 4444444]
769 4668 1022 4729 tameiprumv-
1040 4667 1190 4718 44444444444
1207 4667 1337 4718 Esil'il:
1358 4664 1590 4717 rscosaacuu-
1609 4666 1723 4715 44444444

394 4752 493 4797 motum
509 4748 530 4797 Δ
547 4742 633 4803 solus,
652 4742 725 4807 quod
741 4741 858 4808 praefert
874 4739 1020 4805 secretius
1037 4755 1064 4807 p.
1082 4742 1107 4793 8.
1124 4768 1153 4811 ¹·-
1175 4744 1202 4793 444
1218 4756 1270 4807 qno
1285 4742 1347 4793 44444
1362 4744 1397 4793 A:
1421 4746 1445 4792 44
1461 4754 1512 4803 quo
1527 4740 1555 4789 44
1570 4738 1633 4791 arbe
1647 4742 1681 4801 Τ;
1699 4746 1723 4791 at

394 4824 421 4873 44
438 4836 489 4885 qus
505 4820 566 4871 urbs
582 4819 661 4870 codd.
680 4816 736 4869 reli.
756 4816 813 4881 (sed
829 4818 849 4868 B
867 4829 921 4867 om.
939 4816 974 4879 44)
993 4817 1056 4867 440
1076 4842 1103 4853 -
1122 4816 1163 4867 26.
1179 4830 1265 4868 oerrsr
1280 4817 1388 4868 ATVB
1408 4814 1464 4878 (sed
1475 4815 1495 4865 B
1506 4815 1614 4875 44444444
1634 4816 1721 4865 omit

398 4924 424 4935 -
443 4896 556 4960 intrusus
572 4897 661 4947 AT-
682 4910 700 4947 4
715 4897 801 4947 cmii
821 4922 847 4932 -
867 4894 1135 4957 samuelus&
1153 4888 1721 4955 rspottvtisdicerdepntiiamb.iumarg.)

397 5000 424 5009 -
443 4973 495 5023 444.
513 4977 537 5022 44
553 4984 571 5021 4
587 4972 630 5036 (er
646 4972 842 5031 tediesrredc,
860 4971 891 5019 ut
906 4969 1021 5033 videtur)
1038 4971 1058 5020 B
1078 4996 1103 5007 -
1128 4968 1400 5031 uiusortapnrrroaii
1419 4990 1448 5002 -
1472 4966 1514 5015 28.
1531 4964 1722 5015 redtcotseal

397 5074 427 5087 -
445 5048 486 5099 29.
503 5047 578 5112 44444]
595 5047 690 5110 {cem
706 5046 728 5095 V
747 5072 775 5081 -
793 5045 833 5095 30.
852 5044 924 5094 aaut
940 5045 1006 5095 TV:
1023 5045 1086 5095 444444
1101 5044 1151 5094 440
1171 5071 1199 5080 -
1216 5057 1275 5094 cero
1293 5054 1347 5093 om.
1360 5043 1379 5091 li
1393 5066 1420 5077 -·
1439 5039 1480 5091 33.
1498 5038 1721 5090 onustum.

396 5126 430 5175 T:
449 5124 538 5175 44444444
552 5136 618 5173 acm.
635 5134 687 5173 4444
703 5122 737 5179 V:
757 5120 846 5172 44444444
861 5132 911 5171 erre
926 5134 990 5171 44444.
1009 5121 1029 5171 R
1047 5117 1144 5181 (44444444
1158 5120 1258 5169 uideam
1273 5130 1324 5168 ears
1338 5115 1454 5178 444414).
1481 5115 1511 5165 tu
1526 5126 1567 5164 or.
1585 5111 1661 5166 caui.
1678 5113 1721 5175 lv,

397 5200 422 5265 g.
434 5201 466 5251 44
483 5198 548 5250 dixit
558 5197 668 5250 Tullius:
686 5196 1047 5259 murmurosorum
1062 5200 1192 5247 4444444444
1208 5193 1297 5247 44444444
1309 5196 1448 5258 acceptares
1458 5203 1508 5242 4444
1518 5190 1598 5242 44444.
1611 5214 1639 5225 -
1658 5189 1725 5252 qnod

397 5272 948 5345 umstdupraericttsmsrforemviue
962 5272 992 5327 Β.
