4009 6159
796 539 961 611 ⁴066
1633 553 1936 619 ORATIO
1979 555 2066 617 IN
2109 554 2181 620 L.
2222 554 2579 621 PISONEM

1807 724 2409 789 FRAGMENTA.

965 865 1011 925 Ι.
1056 865 1173 926 Pto
1218 863 1284 927 di
1329 861 1743 928 immortales!
1790 866 1899 948 qui
1949 865 2051 929 hic
2093 866 2311 929 illuxit
2351 866 2519 929 diesl

962 958 1037 1019 11.
1084 956 1268 1042 Quod
1329 958 1658 1022 minimum
1715 960 2037 1042 specimen
2090 962 2152 1023 in
2212 968 2274 1023 te
2319 961 2607 1045 ingenii?
2651 962 2889 1045 ingenii
2932 966 3186 1027 autem?
3244 963 3433 1027 immo

794 1052 1053 1133 ingenui
1096 1051 1371 1115 hominis
1429 1073 1503 1115 ac
1561 1053 1777 1128 liberi3
1839 1055 1948 1138 qui
1996 1056 2206 1118 colore
2250 1056 2390 1137 ipso
2436 1056 2700 1137 patriam
2732 1058 3104 1139 aspernaris,
3148 1058 3434 1121 oratione

793 1165 1025 1226 genuS,
1069 1146 1348 1209 moribus
1393 1167 1641 1210 nomen.

744 1252 774 1297 ὅ
961 1238 1067 1299 111.
1127 1239 1262 1301 Hoc
1330 1260 1456 1303 non
1518 1241 1597 1303 ad
1655 1241 2178 1305 contemnendam
2239 1242 2619 1306 Placentiam
2677 1245 2982 1328 pertinet,
3040 1244 3209 1307 unde
3268 1265 3336 1308 se
3379 1246 3433 1309 is

791 1339 997 1395 ortum
1056 1332 1306 1414 gloriari
1365 1335 1555 1410 solet;
1622 1355 1829 1418 neque
1888 1337 2053 1400 enim
2113 1338 2235 1400 hoc
2289 1358 2427 1400 mea
2477 1346 2697 1401 natura
2758 1338 2878 1402 fert
2922 1357 3038 1401 nec
3082 1339 3429 1423 municipii,

790 1427 1162 1509 praesertim
1209 1427 1287 1490 de
1331 1447 1431 1490 me
1478 1430 1711 1510 optime
1757 1430 1995 1505 meriti,
2041 1430 2309 1514 dignitas
2353 1431 2603 1515 patitur.

961 1523 1065 1584 IV.
1111 1522 1373 1584 Insuber
1418 1522 1675 1606 quidam
1719 1522 1873 1597 fuit,
1920 1524 2086 1587 idem
2134 1533 2439 1589 mercator
2483 1532 2546 1588 et
2587 1546 2849 1608 praeco:
2895 1527 2951 1590 is
2996 1547 3141 1591 cum
3170 1528 3434 1592 Romam

512 1612 567 1721 ζ
792 1637 935 1679 cum
979 1613 1110 1679 filia
1151 1617 1458 1689 venisset,
1516 1615 1981 1702 adolescentem
2026 1618 2300 1681 nobilem
2350 1619 2804 1696 Caesoninum,
2856 1621 3131 1684 bominis
3172 1620 3434 1684 furacis-

691 1652 772 1783 (ιο
791 1709 934 1772 simi
980 1706 1215 1785 filium,
1258 1731 1449 1774 ausus
1495 1718 1591 1773 est
1632 1711 1985 1793 appellare3
2032 1709 2224 1775 filIam
2269 1713 2617 1777 collocavit.

957 1791 1334 1870 Vsllomini
1377 1805 1501 1868 levi
1546 1811 1610 1866 et
1653 1805 1860 1867 subito
1904 1802 2095 1870 filiam
2140 1807 2497 1871 collocavit.

958 1900 1062 1961 VI.
1110 1899 1287 1974 Quae
1331 1905 1394 1961 te
1437 1896 1691 1961 beluam
1740 1919 1822 1962 ex
1862 1907 2080 1976 utero,
2125 1919 2254 1964 non
2297 1902 2618 1965 bominem
2663 1903 2846 1967 fudit.

573 987 651 1079 [ptr

958 1995 1092 2056 VII.
1157 1993 1275 2056 Hic
1336 2015 1477 2056 cum
1523 1993 1604 2055 ad
1647 2012 1749 2055 om
1765 2038 2138 2057 ...........
2182 1995 2538 2060 Placentiae
2579 1996 2741 2060 forte
2786 1998 3068 2061 consedit
3113 2004 3178 2061 et
3218 1999 3435 2081 paucis

781 2095 920 2170 post
963 2091 1140 2151 anuis
1182 2089 1248 2151 in
1293 2107 1431 2152 eam
1475 2089 1790 2152 civitatem
1833 2118 1914 2135 -
1957 2109 2102 2152 nam
2149 2098 2282 2154 tum
2324 2099 2459 2154 erat
2501 2094 2713 2154 civitas
2740 2124 2823 2138 —
2851 2092 3193 2155 adscendit.
3253 2095 3433 2157 Prius

715 2195 771 2243 45
793 2184 959 2247 enim
1005 2181 1255 2258 Gallus,
1302 2181 1451 2245 dein
1495 2183 1874 2258 Gallicam-5,
1919 2192 2197 2247 extremo
2246 2187 2797 2271 Semiplacentinus
2840 2186 3057 2250 haberi
3092 2229 3279 2248 ......
3308 2205 3435 2248 coe-

777 2286 922 2361 ptus
964 2284 1080 2341 est.

958 2371 1121 2434 vlu.
1167 2371 1472 2437 Maiorem
1516 2372 1637 2435 sibi
1680 2374 1945 2437 Insuber
1987 2375 2097 2438 ille
2142 2393 2295 2439 avus
2339 2375 2685 2459 adoptavit.

958 2463 1069 2528 IX.
1115 2466 1478 2531 Lautiorem
1524 2511 1851 2532 ..........
1899 2477 2078 2552 pater
2134 2477 2277 2534 tuus
2335 2491 2656 2545 socerum,
2709 2492 2897 2554 quam
2943 2470 3007 2533 C.
3052 2469 3198 2534 Piso
3244 2513 3432 2531 ......

791 2560 857 2624 in
902 2561 1014 2625 illo
1057 2562 1232 2626 luctu
1411 2583 1542 2625 non
1589 2563 1646 2625 ei
1693 2561 1882 2627 filiam
1927 2585 2128 2627 meam
2176 2564 2512 2639 collocavi,
2558 2585 2746 2648 quem
2791 2587 2909 2650 ego
2955 2610 3213 2630 ........
3257 2570 3436 2648 pote-

683 2663 918 2723 ‚metas
962 2662 1094 2720 tum
1137 2658 1415 2721 omnium
1460 2658 1714 2732 fuisset,
1757 2678 1954 2721 unum
1999 2659 2395 2741 potissimum
2441 2659 2839 2741 delegissem.

956 2752 1036 2816 X.
1084 2751 1237 2815 Cum
1282 2751 1397 2815 tibi
1443 2759 1575 2816 tota
1621 2754 1913 2835 cognatio
1959 2773 2208 2816 serraco
2253 2752 2619 2817 advehatur.

954 2847 1064 2910 XI.
1108 2847 1440 2910 Proximus
1483 2848 1854 2931 Pompeium
1897 2848 2216 2950 sedebam.

918 3161 957 3209 Ι.
997 3160 1349 3219 anmmus
1382 3158 1467 3220 IX,
1493 3156 1543 3218 4,
1581 3157 1723 3221 376:
1760 3158 1933 3217 Itaque
1964 3163 2012 3207 et
2043 3170 2213 3207 versus
2246 3159 2334 3208 toti
2366 3159 2469 3220 fere
2502 3158 2764 3219 excidunt,
2802 3171 2923 3220 quos
2943 3160 3128 3209 Brutus
3160 3160 3266 3222 ipso
3299 3174 3435 3211 com-

780 3235 995 3297 ponendi
1028 3235 1201 3283 ductus
1231 3234 1392 3282 studio
1425 3233 1707 3295 saepissime
1736 3233 1885 3295 facit,
1921 3246 2024 3281 non
2052 3247 2177 3283 raro
2198 3233 2417 3292 Asinius,
2455 3235 2538 3282 sed
2569 3225 2911 3284 etiam'Cicero
2932 3248 3034 3284 uon
3054 3248 3347 3297 numquam,
3382 3241 3438 3285 ut

786 3312 840 3360 in
868 3310 1114 3372 principio
1147 3309 1316 3359 statim
1348 3309 1590 3358 orationis
1619 3310 1673 3356 in
1706 3309 1913 3358 Lucium
1944 3309 2195 3358 Pisonem:
2238 3311 2367 3359 «Pro
2403 3307 2474 3358 dii
2508 3309 2831 3360 immortales
2866 3310 2986 3373 quis
3024 3311 3128 3373 (qui
3163 3313 3270 3361 cod.
3300 3313 3433 3362 Flor.

789 3387 949 3434 Turic.
978 3385 1157 3446 θωπί.)
1193 3384 1277 3433 hic
1311 3381 1473 3433 illuxit
1506 3382 1690 3434 diesln
1721 3409 1774 3418 —
1814 3382 2054 3434 Eundem
2088 3383 2265 3434 locum
2297 3384 2461 3434 habet
2495 3385 2777 3435 Diomedes
2802 3399 2850 3450 p.
2882 3384 2977 3438 464
3013 3384 3195 3436 dicens
3217 3385 3438 3437 Tullium

786 3475 815 3509 a
853 3461 1091 3510 trimetro
1137 3460 1428 3508 orationem
1471 3458 1521 3508 in
1558 3460 1612 3508 L.
1652 3460 1894 3509 Pisonem
1938 3459 2215 3523 incepisse.
2280 3461 2449 3510 Locus
2490 3461 2539 3509 in
2576 3460 2693 3510 cod.
2731 3462 2933 3510 Monac.
2968 3463 3327 3512 vetustissimo
3359 3465 3438 3513 sic

787 3536 1015 3599 scriptus
1051 3534 1162 3583 est:
1204 3548 1304 3597 pro
1337 3534 1407 3582 dii
1447 3534 1735 3584 inmortales
1767 3535 1852 3596 qui
1884 3534 1962 3583 hic
1994 3534 2181 3584 inlusit
2212 3535 2329 3584 dies.
2385 3536 2517 3584 Item
2552 3535 2674 3584 citat
2709 3533 2957 3586 Claudius
2991 3535 3253 3587 Sacerdos
3286 3551 3338 3601 p.
3373 3540 3437 3588 25

789 3609 874 3660 ed.
902 3606 1050 3658 Eudl.
1090 3620 1214 3669 «pro
1246 3609 1316 3659 dii
1349 3609 1654 3659 immortales
1687 3609 1774 3668 qui
1804 3609 1882 3658 hic
1914 3609 2084 3658 illuxit
2116 3610 2265 3658 dies.»
2320 3609 2467 3659 Idem
2502 3611 2751 3661 orationis
2785 3610 2988 3660 initium
3021 3611 3220 3662 Theod.
3255 3612 3439 3663 oehle-

788 3696 879 3734 rus
914 3685 966 3732 in
1003 3683 1267 3745 excerptis
1303 3681 1400 3734 illis
1433 3682 1706 3743 Tullianis,
1757 3683 1823 3733 de
1859 3683 2052 3747 quibus
2087 3683 2154 3733 ad
2192 3685 2524 3734 Fonteianam
2559 3699 2612 3750 p.
2651 3684 2745 3735 465
2782 3685 3038 3746 diximus,
3076 3699 3133 3736 se
3172 3687 3436 3739 invenisse

789 3759 943 3819 dicit,
991 3757 1080 3808 ubi
1125 3755 1274 3808 locus
1315 3755 1524 3822 plenius
1566 3759 1643 3809 sic
1690 3760 1896 3809 exstare
1933 3758 2098 3809 fertur
2133 3760 2194 3821 (v.
2233 3758 2556 3809 Schneidew.
2593 3757 2774 3810 Philol.
2811 3759 2893 3821 IV,
2931 3772 2984 3824 p.
3023 3759 3162 3823 37⁴0:
3209 3764 3335 3812 Proh
3367 3764 3439 3813 dii

787 3834 1093 3885 immortales
1135 3833 1221 3894 qui
1261 3833 1341 3882 hic
1385 3833 1554 3882 illusit
1595 3833 1696 3883 dies
1737 3833 1858 3882 mihi
1892 3835 2090 3894 quidem
2129 3849 2181 3897 p.
2218 3848 2263 3884 c.
2293 3841 2602 3898 peroptatus.
2668 3837 2802 3886 Cum
2835 3836 3161 3898 grammatici
3198 3835 3371 3888 locum
3405 3853 3438 3887 a

789 3911 1027 3960 trimetro
1063 3909 1326 3972 incepisse
1362 3909 1567 3969 dicant,
1614 3907 1943 3972 Spaldingius
1979 3910 2205 3959 coniecit
2243 3908 2465 3959 fortasse
2503 3908 2784 3972 legendum
2820 3922 2969 3961 esse:
3010 3924 3109 3972 pro
3142 3911 3212 3961 dii
3256 3914 3436 3975 (immo

789 3987 855 4050 di)
892 3986 1193 4036 ivnmortales
1226 3986 1313 4047 qui
1344 3985 1422 4034 hic
1453 3997 1586 4034 nunc
1619 3985 1788 4034 illuxit
1821 3985 1941 4035 dies.
1962 4010 2018 4020 —-
2060 3985 2117 4034 ll.
2154 3988 2401 4034 Asconius
2435 3984 2574 4034 circa
2609 3997 2823 4035 versum
2846 3998 2877 4033 a
2909 3985 3081 4049 primo
3104 3986 3170 4019 θ*
3192 3988 3265 4051 (p.
3292 3989 3323 4038 2
3347 3988 3434 4039 ed.

789 4063 940 4126 Bait.)
977 4086 1031 4097 ·-
1071 4062 1120 4111 2.
1158 4059 1366 4122 speciem
1396 4058 1528 4108 euim
1559 4058 1613 4107 in
1645 4063 1691 4108 te
1724 4061 1878 4108 Laur.
1908 4084 1962 4095 -
2000 4060 2051 4109 3.
2088 4061 2175 4121 qui
2206 4073 2292 4109 ore
2324 4059 2443 4109 cod.
2470 4059 2871 4119 Riccardianus;
2908 4060 2994 4122 qui
3025 4060 3196 4111 color?
3229 4075 3315 4112 ore
3349 4062 3433 4112 ed.

789 4138 958 4202 princ.
998 4138 1075 4198 (ac
1108 4135 1250 4185 liberi
1283 4134 1371 4196 qui
1402 4132 1577 4184 color?
1611 4135 1708 4184 Ore
1737 4134 1844 4196 ipso
1878 4137 2014 4186 coni.
2041 4137 2186 4199 Rau).
2228 4164 2281 4172 —
2321 4137 2402 4186 III.
2439 4140 2684 4186 Asconius
2720 4137 2859 4186 circa
2888 4149 3029 4186 vers.
3055 4136 3245 4186 LXXX.
3274 4137 3341 4200 (p.
3368 4139 3435 4200 3.)

794 4240 847 4251 --
887 4213 935 4263 6.
971 4212 1060 4261 hoc
1093 4211 1233 4261 Ricc.
1272 4208 1483 4260 Ambr.:
1521 4207 1643 4258 haec
1676 4207 1761 4258 ed.
1788 4222 1866 4273 pr.
1899 4234 1952 4246 —
1991 4212 2076 4260 lv.
2104 4213 2347 4261 Ascomus
2383 4224 2437 4274 p.
2463 4212 2511 4259 5.
2541 4237 2594 4246 -
2634 4212 2683 4259 8.
2720 4210 2914 4260 iutuber
2935 4210 3074 4260 Ricc.
3101 4212 3255 4261 Laur.
3282 4212 3434 4262 Goth.

798 4317 850 4327 -
886 4289 982 4351 suit
1014 4289 1068 4337 id
1098 4292 1167 4337 est
1196 4291 1449 4337 mercator
1481 4285 1630 4335 Goth.
1664 4311 1716 4320 -
1756 4284 1807 4334 9.
1840 4299 1954 4335 cum
1980 4286 2087 4350 filio
2120 4284 2279 4336 codd.
2318 4313 2367 4322 —
2406 4284 2689 4335 cassania-ni
2721 4286 2859 4337 Ricc.
2889 4283 3073 4347 Ambr.
3103 4286 3285 4346 Laur.;
3322 4299 3438 4336 cae-

790 4365 984 4415 souiam
1017 4364 1169 4414 Goth.
1208 4366 1263 4412 et
1296 4359 1380 4411 ed.
1420 4360 1619 4424 princ.;
1659 4360 1950 4411 Caesonium
1982 4362 2023 4410 Ο
2062 4390 2115 4398 -
2152 4361 2441 4424 ferocissimi
2473 4360 2739 4420 Baiterus3
2775 4360 3030 4423 fortissimi
3063 4360 3339 4410 Manutius.
3380 4386 3432 4396 —-

792 4442 852 4490 V.
891 4443 1167 4491 Anusmuus
1201 4437 1415 4489 Msssms
1448 4449 1501 4501 p.
1538 4437 1627 4486 22⁴
1670 4436 1817 4486 Lind.
1858 4437 2122 4488 «Conlocat
2152 4435 2241 4486 illi.
2278 4437 2409 4485 idem
2440 4435 2494 4485 in
2523 4436 2770 4485 Ρίεοηετηε
2808 4436 3009 4485 homini
3040 4433 3143 4485 levi
3177 4436 3231 4485 et
3262 4433 3439 4485 subito

791 4514 951 4566 filiam
996 4511 1323 4564 collocavit.»
1392 4511 1611 4562 Videtur
1651 4512 2003 4576 fragmentum
2048 4527 2113 4563 ex
2146 4512 2338 4564 eodem
2370 4509 2488 4561 loco
2524 4523 2674 4571 esse,
2724 4523 2884 4573 quem
2920 4510 3081 4560 modo
3115 4523 3182 4559 ex
3215 4511 3437 4561 Asconio

791 4589 1077 4641 attulimus..
1118 4616 1173 4626 —
1212 4590 1297 4639 VI.
1335 4589 1545 4638 Ssavms
1579 4588 1646 4637 ad
1673 4588 1829 4651 Verg.
1854 4590 1986 4638 Aen.
2012 4589 2149 4648 vln,
2188 4588 2298 4637 ⁴39.
2339 4585 2515 4635 :Fudit
2546 4589 2714 4635 autem
2744 4599 2847 4634 uon
2876 4586 3114 4637 iniuv-iose
3144 4587 3331 4636 dictim
3348 4592 3435 4650 est,

789 4672 845 4717 ut
875 4668 930 4715 in
961 4666 1182 4715 Pisonem
1196 4678 1213 4713 .·
1258 4665 1402 4723 Quae
1437 4664 1490 4713 te
1525 4661 1739 4713 beluam
1773 4676 1839 4713 ex
1871 4665 2053 4723 utero,
2099 4674 2202 4712 non
2239 4662 2506 4711 hominem
2549 4659 2707 4719 fudit,
2760 4661 2842 4709 sed
2873 4660 3171 4710 celeritatem
3196 4662 3439 4724 parientis

789 4741 1048 4794 ostendit.»
1087 4765 1141 4775 -—
1180 4740 1261 4788 ⁴2.
1298 4738 1492 4788 beluam
1524 4751 1631 4788 om.
1671 4738 1835 4789 Guels.
1874 4740 1924 4799 13
1962 4737 2106 4788 belua
2128 4739 2188 4800 V,
2228 4734 2393 4786 Guelf.
2420 4738 2463 4785 ll
2498 4738 2554 4786 et
2585 4735 2738 4786 Basil.
2768 4762 2823 4771 —-
2860 4736 2966 4786 VII.
3003 4739 3249 4787 Asconius
3282 4734 3437 4801 paulo

791 4818 914 4882 post
937 4816 1140 4878 (fragm.
1166 4814 1270 4876 111.)
1296 4839 1350 4849 —-
1391 4813 1470 4862 ⁴3.
1506 4814 1634 4875 soret
1666 4814 1820 4865 codd.
1853 4841 1907 4850 -
1944 4814 2232 4864 consedisset
2257 4811 2436 4874 paucis
2458 4812 2498 4860 Ο
2525 4838 2578 4847 -
2618 4812 2698 4861 45.
2736 4812 2848 4861 dein
2879 4811 3064 4875 9allica
3085 4811 3223 4861 Ricc.
3249 4809 3434 4861 Ambr.

793 4894 973 4947 Laur.;
1025 4890 1195 4940 deinde
1235 4888 1423 4952 gallica
1464 4889 1616 4938 Goth.
1658 4915 1712 4925 —
1762 4895 2013 4940 extrevnus
2044 4889 2355 4951 placentinus
2392 4885 2549 4937 codd.
2591 4914 2644 4922 —
2684 4887 2812 4936 VIII.
2850 4890 3125 4937 Aansuuus
3160 4899 3213 4951 p.
3246 4887 3344 4936 250
3377 4887 3433 4936 L.

796 4967 891 5017 «Et
921 4966 991 5015 sie
1024 4964 1176 5014 etiam
1206 4963 1299 5013 sibi
1331 4963 1606 5025 adoptavit.
1653 4964 1752 5014 Cic.
1791 4965 1843 5014 in
1874 4965 2121 5014 Pisonem:
2161 4963 2417 5013 maiorem
2454 4961 2553 5012 sibi
2587 4962 2804 5025 insuper
2837 4960 2920 5011 ille
2954 4974 3085 5012 avus
3118 4962 3435 5026 adoptavit.»

798 5069 852 5078 —
891 5041 976 5091 lx.
1013 5040 1260 5089 Ascomus
1294 5038 1432 5087 circa
1466 5050 1607 5100 vers.
1645 5052 1675 5088 a
1710 5039 1881 5102 primo
1908 5039 1988 5073 Η
2016 5065 2069 5075 -
2109 5042 2189 5089 48.
2226 5038 2463 5103 Spatium
2496 5050 2723 5087 vacuum
2758 5039 2878 5101 post
2908 5037 3172 5086 lautiorem
3202 5050 3308 5086 non
3343 5036 3438 5085 ha-

793 5117 890 5168 bet
919 5113 1105 5166 Ambr.
1147 5140 1202 5148 —
1242 5112 1398 5163 Gaius
1429 5113 1584 5161 Laur.
1625 5138 1678 5148 —
1726 5112 1808 5162 ⁴9.
1845 5112 1906 5177 ei]
1941 5113 2073 5164 enim
2104 5114 2243 5163 Ricc.
2282 5114 2435 5163 Laur.
2479 5138 2531 5149 --
2568 5113 2756 5163 colloca
2788 5113 2945 5163 codd.
2983 5124 3105 5163 cum
3141 5113 3309 5176 spatio
3343 5125 3438 5161 va-

796 5207 897 5245 cuo
932 5193 986 5242 in
1020 5191 1162 5241 Ricc.
1202 5191 1256 5239 et
1290 5189 1442 5239 Goth.
1480 5213 1535 5224 —-
1567 5193 1787 5251 potestas
1818 5203 1971 5252 quum
2003 5189 2224 5239 omnium
2256 5189 2297 5238 Ο
2334 5213 2389 5222 -
2426 5187 2488 5238 X.
2527 5188 2879 5247 Qumriuauus
2911 5188 3048 5247 VIII,
3087 5187 3142 5248 3,
3179 5187 3271 5237 2⁴:
3311 5187 3440 5236 «Nec

793 5268 1028 5338 auqenda
1057 5277 1248 5335 semper
1280 5264 1442 5320 oratio
1480 5265 1566 5317 sed
1595 5265 1945 5316 summittenda
1974 5277 2076 5315 non
2107 5276 2383 5331 numquam
2415 5266 2500 5317 est.
2561 5264 2669 5314 Vim
2697 5264 2845 5315 rebus
2875 5263 3147 5327 aliquando
3176 5262 3441 5314 verberum
