4009 6159
655 518 728 584 cn.
750 517 958 584 xiv-xvc
984 514 1031 601 ss
1053 514 1201 582 as-as.
1506 511 1590 582 coes

272 689 461 754 citeriorem.
498 686 561 762 Qui
582 687 775 762 ulteriorem,
806 688 912 752 omnia
940 687 1011 763 illa,
1039 689 1078 752 de
1100 689 1214 772 quihus
1234 687 1370 752 dissensu
1388 688 1485 771 paulo
1506 695 1590 762 ante,

270 783 448 866 perturbat,
469 780 563 846 simul
585 780 722 844 ostendit
743 782 852 862 eam†
874 782 991 846 sentiro
1012 781 1130 865 legem,
1153 802 1248 867 quam
1270 803 1340 846 esse
1362 781 1463 864 legem
1484 790 1589 865 neget,

272 888 428 960 et,·quae
450 894 523 958 pars
545 875 723 958 provinciae
745 876 801 949 sit,
832 877 882 938 cui
904 895 967 939 nou
990 877 1091 958 possit
1111 876 1277 950 intercedi,
1299 895 1369 940 eam
1391 897 1425 940 se
1446 876 1590 952 avellere,

272 990 354 1053 quae
382 969 579 1034 defensorem
604 967 734 1042 haheat,
763 987 828 1030 nou
854 975 1000 1050 tangere:
1029 968 1122 1032 simul
1145 976 1176 1032 et
1195 969 1276 1032 illud
1296 969 1393 1044 facit,
1421 977 1473 1046 nt,
1503 972 1591 1054 quod

270 1062 317 1125 illi
339 1084 358 1127 a
379 1062 500 1146 populo
523 1062 630 1125 datum
652 1063 709 1134 sit,
731 1061 765 1123 id
786 1081 849 1124 non
864 1063 978 1137 violet,
1001 1061 1087 1145 quod
1109 1070 1235 1126 senatus
1255 1062 1396 1139 dederit,
1417 1065 1451 1127 id
1465 1073 1616 1129 senatore
1640 1128 1642 1131 .

270 1163 420 1240 properet
441 1155 573 1219 auferre.
606 1154 694 1219 Alter
713 1155 790 1218 belli
810 1155 922 1219 Gallici
944 1156 1101 1219 rationem
1114 1155 1223 1230 habet,
1245 1155 1386 1238 fungitur
1401 1154 1503 1220 officio
1516 1159 1593 1221 boni

272 1248 451 1313 senatoriae
471 1250 573 1332 legem
602 1268 698 1343 aarum
720 1269 783 1312 non
811 1255 916 1333 putat,
946 1269 1017 1334 eam
1038 1268 1167 1333 quoque
1188 1257 1310 1324 servan
1340 1250 1487 1334 praefinit
1507 1253 1590 1315 enim

271 1343 445 1408 successori
473 1342 567 1406 diem.
611 1342 682 1417 Quo
711 1342 787 1406 mihi
815 1342 895 1406 nihil
916 1343 1042 1406 videtur
1061 1342 1197 1407 alienius
1222 1364 1242 1407 a
1271 1344 1422 1427 dignitate
1451 1345 1592 1430 discipli-

271 1456 376 1519 naque
405 1437 559 1500 maiorum
588 1455 683 1519 quam
713 1445 763 1510 ut,
796 1436 852 1519 qui
878 1436 989 1500 consul
1017 1435 1169 1499 Kalendis
1196 1437 1349 1502 Ianuariis
1374 1439 1492 1502 habere
1517 1460 1592 1523 pro-

271 1530 543 1604 vinciamdebet,
574 1531 601 1593 is
631 1537 667 1594 nt
688 1549 756 1592 eam
785 1529 992 1614 desponsam,
1021 1550 1086 1593 uon
1114 1529 1271 1595 demetam
1296 1533 1412 1597 habere
1438 1535 1629 1617 sidoniense

271 1623 322 1688 37.
344 1625 450 1688 Fuerit
470 1632 536 1687 toto
557 1625 591 1686 in
613 1623 778 1687 consulatu
802 1625 870 1688 sine
897 1623 1073 1706 provincia,
1103 1624 1155 1686 oui
1175 1624 1288 1699 fuerit,
1317 1635 1486 1712 antequam
1508 1628 1592 1692 desi·

271 1724 384 1800 gnatus
406 1725 471 1794 est,
495 1718 621 1782 decreta
642 1717 827 1799 provincial
851 1717 1008 1781 sortietur
1028 1737 1069 1780 an
1091 1721 1179 1782 nont
1200 1738 1273 1782 nam
1295 1728 1326 1783 et
1341 1742 1405 1786 nou
1419 1723 1523 1786 sortiri
1538 1725 1592 1786 ab·

271 1811 400 1876 surdum
431 1820 479 1876 est
508 1819 539 1876 et
566 1813 650 1896 qnod
680 1812 809 1874 sortitus
840 1811 884 1875 sis
909 1830 973 1875 non
994 1811 1123 1876 hahere.
1164 1809 1383 1878 Proficiscetur
1402 1817 1592 1900 paludatus?

272 1907 366 1981 Quot
388 1927 451 1991 quo
473 1907 639 1988 pervenire
662 1912 735 1968 aute
758 1913 874 1970 certmn
890 1903 973 1968 diem
996 1925 1060 1968 non
1083 1904 1202 1968 licebit.
1234 1907 1398 1983 Ianuario,
1420 1911 1592 1975 Februario

270 2001 465 2083 provinciam
492 2020 557 2063 non
586 1998 730 2064 hebebit:
763 1998 913 2062 Kalendis
937 1999 966 2062 ei
989 1999 1129 2082 deniqne
1150 2000 1271 2064 Martiis
1293 2009 1440 2066 namemr
1460 2013 1630 2087 repentest

270 2093 442 2177 provincia.
474 2094 519 2156 dc
542 2101 647 2156 tamen
667 2092 719 2156 his
741 2092 906 2156 sententiis
927 2091 1000 2156 Piso
1022 2093 1057 2154 in
1076 2093 1240 2173 provincia
1259 2097 1466 2177 permanebit
1504 2101 1592 2175 Quae

271 2209 341 2252 cum
369 2189 474 2270 gravia
507 2195 598 2262 sunt,
630 2194 699 2250 tum
728 2184 808 2250 nihil
834 2185 959 2267 gravim
988 2186 1063 2261 illo,
1098 2187 1184 2270 quod
1213 2189 1340 2252 multari
1370 2191 1592 2274 imperatorem

270 2281 486 2347 deminutione
507 2281 689 2367 provinciae
711 2279 975 2344 contumeliosum
997 2286 1062 2354 est,
1082 2300 1189 2364 nsque
1211 2282 1314 2346 solum
1328 2304 1449 2349 summo
1464 2288 1498 2350 in
1511 2289 1591 2365 viro,

270 2377 326 2440 sed
348 2377 442 2440 etiam
463 2375 616 2441 mediocri
638 2375 672 2436 iu
692 2373 821 2437 homine
843 2392 883 2436 ne
905 2374 1028 2438 accidat
1046 2373 1288 2458 providendum.

353 2471 438 2533 XVl.
461 2466 511 2532 38.
543 2469 611 2551 Ego
640 2487 696 2533 soe
725 2467 888 2549 intelligo,
919 2473 1024 2550 patres
1053 2469 1239 2552 conscripti,
1271 2471 1386 2543 multos
1411 2474 1628 2542 decrevissem

270 2563 402 2628 eximios
432 2562 571 2626 honores
595 2562 628 2625 C.
652 2561 777 2625 Caesari
806 2569 838 2624 et
865 2581 964 2643 prope
987 2560 1180 2642 singulares:
1214 2563 1258 2636 si,
1288 2564 1374 2647 quod
1395 2567 1439 2630 ita
1460 2573 1591 2634 meritus

270 2665 354 2732 erat,
382 2656 479 2738 grati,
509 2659 558 2720 siu
581 2658 691 2730 etiam,
719 2663 872 2738 utquam
895 2655 1172 2718 coniunctissimus
1191 2655 1268 2720 huic
1289 2658 1392 2722 ordini
1413 2671 1511 2739 esset,
1541 2685 1591 2729 sa-

267 2753 391 2837 pientes
413 2770 449 2814 ac
471 2750 572 2814 divini
593 2749 706 2813 inistis.
740 2749 902 2813 Neminem
924 2767 1074 2831 nmquam
1096 2756 1145 2811 est
1164 2748 1218 2812 lric
1237 2751 1315 2814 ordo
1332 2754 1519 2836 complexus
1533 2758 1591 2821 lno-

268 2845 399 2908 ncribus
420 2850 452 2908 et
471 2840 633 2906 beneficiis
654 2843 737 2917 suis,
759 2843 815 2925 qui
830 2842 926 2906 ullam
942 2840 1125 2924 dignitatem
1138 2844 1409 2925 praestabiliorem
1424 2869 1472 2923 ea,
1494 2871 1590 2934 mam

267 2957 325 3022 per
346 2957 404 3000 vos
426 2942 512 3001 esset
531 2937 680 3020 adeptus,
701 2936 827 3019 putarit.
863 2937 961 2998 Nemo
984 2940 1135 3019 umquam
1153 2936 1206 2999 hic
1227 2940 1331 3019 potuit
1346 2961 1417 3005 esse
1431 2945 1627 3028 prinospnre

268 3033 324 3116 qni
345 3029 490 3094 maluerit
511 3048 582 3094 esse
604 3029 776 3113 popularis.
799 3030 862 3092 Sed
878 3027 1023 3092 homines
1036 3037 1093 3092 aut
1114 3037 1244 3113 propter
1264 3032 1483 3116 indignitatem
1497 3057 1588 3102 suam

268 3121 364 3190 diffisi
394 3124 455 3206 ipsi
485 3122 545 3186 sibi
567 3129 623 3186 aut
644 3129 773 3205 propter
793 3121 990 3205 reliquorum
1011 3123 1270 3188 obtrectationem
1290 3126 1331 3189 als
1350 3129 1448 3194 huius
1468 3131 1589 3197 ordinis

269 3219 490 3282 coniunctione
513 3215 638 3299 depulsi
660 3236 756 3300 saepe
777 3237 818 3279 ex
838 3216 900 3280 hoo
922 3225 1014 3300 portu
1037 3237 1071 3280 se
1093 3218 1127 3281 in
1147 3218 1219 3282 illos
1233 3220 1348 3286 lluotue
1368 3244 1466 3308 prope
1480 3246 1589 3290 neees-

268 3311 352 3376 sario
374 3311 583 3374 contulerunt.
617 3310 679 3385 Qui
701 3311 728 3374 si
751 3330 792 3373 ex
813 3308 866 3392 illa
890 3310 1059 3375 iactatione
1073 3330 1229 3394 cursuque
1244 3315 1391 3398 populari
1403 3318 1486 3382 bene
1500 3328 1589 3402 gesta

268 3425 302 3467 rc
329 3403 456 3486 publica
476 3403 617 3467 referunt
638 3402 821 3485 adspectum
844 3404 877 3466 iu
899 3405 1019 3469 curiam
1040 3412 1135 3487 atque
1156 3405 1233 3470 lruic
1253 3409 1464 3492 amplissimae
1485 3412 1626 3496 digni-ao

267 3498 324 3563 tati
353 3518 423 3562 esse
451 3496 660 3562 commendati
689 3497 816 3572 volunt,
844 3517 909 3561 uon
938 3496 1035 3560 modo
1063 3518 1128 3562 non
1156 3501 1332 3583 repellendi
1357 3511 1448 3580 sunt,
1477 3525 1588 3569 rernm

268 3592 364 3656 etiam
385 3589 564 3674 expetendi.
607 3586 658 3652 39.
680 3593 846 3656 llouemur
866 3611 886 3654 a
906 3591 1077 3656 fortissimo
1098 3594 1167 3657 viro
1188 3601 1284 3678 atque
1299 3598 1418 3681 optimo
1438 3607 1512 3683 post
1529 3599 1589 3664 ho·

333 3945 449 4008 l.pcelo
466 3947 531 3994 PG:
548 3944 633 4007 paullo
650 3944 670 3994 0
689 3970 716 3981 -
734 3946 759 3995 θ.
777 3947 938 3998 cornescere
954 3947 1154 4012 causamn
1177 3951 1588 4017 mmdrslagempnamasss

268 4017 311 4081 P²;
330 4030 386 4069 eom
400 4031 425 4068 se
440 4020 504 4068 aetra
519 4019 596 4083 mpero
612 4032 688 4082 asom
703 4032 754 4070 esse
769 4021 833 4080 GE,
852 4035 909 4072 eom
924 4023 1267 4088 essecommoda»
1282 4028 1588 4087 ceremonensem

267 4096 357 4160 epac,
376 4107 452 4156 onom
467 4107 518 4145 sese
534 4093 678 4157 Madvigius
701 4092 725 4158 (l,
744 4093 761 4145 l.
779 4108 806 4161 p.
826 4097 852 4146 ll
873 4097 939 4161 sq.);
965 4112 1022 4149 eata
1039 4111 1065 4149 te
1080 4099 1178 4150 mamm
1193 4100 1282 4164 upon,
1301 4113 1378 4163 qaam
1392 4116 1444 4155 ease
1459 4106 1584 4162 llalmins.

267 4170 336 4220 Fert.
355 4181 411 4220 eom
425 4181 450 4220 ae
465 4170 556 4220 ansteo
571 4170 648 4234 ugera
663 4181 713 4221 erae
729 4171 815 4234 [penos
830 4170 889 4237 ease]
906 4177 958 4223 eet.
973 4199 1000 4210 -
1020 4175 1044 4225 3.
1063 4175 1102 4240 stt]
1119 4177 1154 4226 stc
1169 4178 1199 4227 P¹
1218 4203 1244 4215 -
1259 4183 1341 4240 posset
1356 4179 1386 4230 1²¹
1404 4209 1431 4218 —
1449 4196 1505 4234 eam
1521 4200 1584 4239 nos:

267 4243 1588 4326 aar,tamone-6.0fflno1>-s.QeoManutius:qsssP⁹cE;om.1>¹in1cccna;etpet

267 4319 316 4369 LO
331 4345 357 4354 -
376 4317 481 4368 mentae
496 4331 514 4368 o
529 4318 683 4382 musmo.
696 4332 731 4370 m.
744 4333 820 4381 prtum
837 4320 994 4384 Madvigius:
1013 4325 1096 4375 messe
1112 4325 1194 4389 (prior
1209 4323 1312 4389 syllaba
1329 4330 1370 4378 est
1385 4329 1413 4380 in
1428 4331 1587 4387 flneversns

266 4397 294 4444 st
315 4395 342 4444 ln
362 4394 464 4444 maiore
485 4405 565 4457 quam
587 4393 699 4444 dnamm
722 4393 870 4447 litterarum
886 4397 978 4460 spatio)
999 4399 1153 4464 coscollela
1168 4399 1348 4464 coeptasque
1360 4405 1487 4457 motorrsn
1508 4409 1544 4472 (at
1560 4411 1586 4461 in

265 4469 366 4530 rasura)
379 4480 456 4531 geom
472 4470 506 4526 P;
523 4469 763 4533 mlcmodtpnttcts
780 4471 876 4522 ceteris
893 4472 1073 4533 omissisGE3
1089 4475 1172 4539 mepta
1187 4487 1206 4525 o
1221 4476 1343 4540 &mirate
1357 4478 1536 4544 direptosque
1550 4499 1585 4536 m,

266 4543 580 4603 nmtceeqsomto-
600 4543 719 4594 tenc:
739 4557 792 4595 om,
811 4545 832 4594 0
850 4571 877 4582 —
898 4547 937 4596 lt.
956 4552 991 4597 eat
1008 4549 1045 4599 C:
1064 4551 1200 4601 macto-
1219 4551 1587 4622 mmmmmcc-

265 4618 350 4668 cs'oes'o
366 4618 464 4668 decreto
480 4618 501 4668 0
519 4643 547 4654 -
564 4631 615 4668 coo
631 4620 692 4682 post
708 4624 732 4669 et
747 4631 800 4670 om.
815 4622 877 4670 G-
896 4621 936 4671 tt.
953 4625 1154 4688 macrescere
1169 4651 1195 4662 -
1215 4624 1255 4676 ll.
1269 4625 1342 4689 ooo?
1358 4628 1415 4693 oso]
1433 4635 1586 4695 coarctes

269 4717 296 4728 -·
315 4691 499 4758 deliciosae]
519 4693 559 4743 Jl.
578 4695 597 4743 Ρ
616 4719 642 4730 -
662 4695 703 4744 ld.
722 4699 930 4746 octcmmPG:
950 4699 1346 4761 octcmtaiE;cttomeo0-
1365 4703 1585 4763 aaronemc

269 4765 628 4818 -ts.demsstssoesr¹—
652 4768 895 4821 lensemc-
920 4771 1203 4839 eosconporo-
1227 4777 1584 4843 samuelemaoesr-

265 4841 1585 4918 rememorare:mmmmoo-cmmer1-eopsam:cqoscomtsms2

266 4915 861 4982 &spammqsodcmpsloresosodo-
881 4923 1411 4991 onodaltoP-tt.crctisioeticml’¹:
1431 4933 1586 4996 paemene

268 4991 310 5050 Ρη
327 4991 417 5056 grotta
434 4993 480 5042 stc
495 4994 571 5045 dimo
587 4995 635 5045 GE
653 5021 680 5031 -
700 4995 740 5046 2³.
758 4999 794 5046 est
810 5009 890 5064 supra
905 5011 1016 5050 versum
1031 4998 1115 5050 habet
1130 5003 1163 5063 P,
1181 5001 1241 5054 lert.
1257 5004 1354 5055 excidit
1369 5007 1430 5069 post
1445 5009 1587 5071 conspicans

270 5090 296 5102 -
316 5065 363 5132 lic]
379 5067 494 5128 tatem
512 5067 545 5118 cl.
563 5082 587 5120 v.
602 5069 643 5119 25.
657 5095 684 5106 -
703 5071 744 5121 tt.
760 5073 850 5134 patae
865 5074 915 5125 GE
934 5099 962 5111 -
979 5073 1027 5140 tic]
1044 5075 1101 5126 lade
1116 5077 1150 5138 P;
1169 5076 1293 5130 cl.r.23.
1306 5105 1340 5118 -
1356 5079 1396 5132 26.
1414 5080 1586 5146 lodlgrutatem

268 5137 437 5192 miraculus:
464 5141 639 5207 maome
658 5171 684 5181 —
712 5145 753 5197 30.
770 5153 897 5210 amentem
912 5151 962 5200 PG
984 5176 1012 5187 —
1038 5151 1224 5215 mesenes
1246 5180 1273 5191 -
1299 5153 1587 5212 acoenonoetus

267 5213 330 5264 Pe:
349 5219 376 5268 et
395 5218 609 5282 mactem
627 5221 936 5278 maroneo·-
955 5223 1239 5292 anteponem-
1258 5223 1394 5294 sepem.
