4009 6159
420 580 503 647 4008
836 578 989 646 ΟΙΙΑΤΙΟ
1013 579 1091 645 PRO
1112 581 1155 646 it.
1179 578 1325 645 CAELIO

419 752 579 837 praeditus
599 750 697 815 irater
717 749 786 814 eius
808 748 847 813 de
869 752 911 814 bl.
935 750 1043 814 Caelio
1065 750 1240 824 existimet,
1263 770 1305 813 ex
1325 748 1413 831 ipsis,
1435 749 1462 811 si
1482 747 1629 831 producti
1645 756 1744 822 erunt,

419 848 563 911 audietis.
596 847 678 927 Ergo
699 844 778 909 haec
800 854 1038 920 removeantur,
1060 854 1095 909 ut
1117 844 1306 929 aliquando,
1329 845 1362 907 in
1384 842 1500 925 quibus
1515 861 1612 906 causa
1627 843 1743 916 nititur,

419 941 459 1004 ad
480 960 517 1005 ea
539 942 713 1004 veniamus.

502 1034 557 1096 xi.
580 1030 631 1096 25.
655 1035 867 1098 Animadverti
891 1036 983 1110 enim,
1007 1033 1147 1106 iudices,
1169 1033 1273 1096 audiri
1288 1054 1308 1096 a
1323 1033 1414 1097 vobis
1428 1053 1533 1097 meum
1547 1032 1744 1105 familiarem,

395 1128 454 1191 ol..
475 1128 688 1203 Herennium,
710 1135 897 1212 perattente.
935 1130 971 1192 ln
994 1149 1059 1212 qno
1081 1130 1141 1192 etsi
1163 1148 1276 1210 magna
1297 1148 1338 1191 ex
1359 1136 1449 1211 parte
1473 1128 1600 1209 ingenio
1623 1126 1692 1190 sius
1714 1136 1744 1189 et
1790 1144 1794 1152 ·

419 1220 547 1284 dicendi
569 1241 685 1303 genere
709 1222 848 1306 quodam
871 1224 1080 1297 tenebamini,
1103 1232 1208 1287 tamen
1223 1245 1289 1288 non
1303 1244 1475 1309 numquam
1491 1223 1624 1287 verebar
1636 1243 1678 1285 ne
1692 1221 1745 1284 illa

417 1316 576 1379 subtiliter
604 1315 643 1378 ad
671 1317 897 1381 criminandum
930 1316 1059 1381 inducta
1091 1322 1191 1382 oratio
1214 1319 1253 1382 ad
1283 1322 1404 1384 animos
1425 1324 1549 1381 vestros
1571 1318 1690 1381 sensim
1710 1336 1745 1379 ac

417 1411 531 1474 leniter
550 1410 725 1473 accederet
758 1411 847 1477 Dixit
869 1412 954 1474 enim
978 1411 1075 1475 multe
1092 1411 1131 1474 de
1146 1412 1287 1488 luxurie,
1310 1415 1409 1479 multa
1424 1411 1464 1476 de
1478 1411 1626 1485 libidine,
1649 1412 1745 1473 multa

417 1506 457 1569 de
480 1505 563 1569 vitiis
585 1504 777 1581 iuventutis,
800 1505 899 1569 multa
921 1506 960 1568 de
983 1505 1140 1580 moribus,
1163 1509 1270 1589 etqui
1291 1507 1544 1590 inreliqnavita
1559 1508 1644 1570 mitis
1663 1511 1745 1568 esset

380 1616 408 1661 to
418 1609 450 1664 et
468 1600 501 1663 in
523 1598 582 1662 hac
597 1600 750 1663 suavitate
765 1598 979 1674 humanitatis,
996 1618 1060 1682 qua
1082 1620 1181 1683 prope
1196 1602 1258 1664 iam
1274 1601 1469 1664 delectantur
1484 1620 1605 1674 omnes,
1629 1599 1745 1661 versari

416 1693 610 1781 periucunde
633 1693 764 1768 soleret,
787 1692 847 1757 suit
868 1696 902 1756 in
923 1694 982 1757 bac
1004 1714 1100 1756 causa
1121 1695 1277 1777 pertristis
1300 1695 1430 1778 quidam
1451 1702 1599 1777 patruus,
1624 1712 1744 1764 censor,

417 1790 582 1871 magister3
605 1786 780 1869 obiurgavit
801 1787 842 1850 Μ.
860 1786 1017 1860 Caelium,
1040 1786 1122 1849 sicut
1143 1790 1302 1853 neminem
1321 1808 1473 1873 umquam
1495 1808 1627 1872 parens3
1650 1787 1746 1850 multa

417 1881 457 1945 de
485 1881 712 1944 incontinentia
748 1881 1051 1965 intemperantiaque
1080 1879 1238 1945 disseruit.
1286 1884 1371 1959 Quid
1401 1882 1570 1965 quaeritis,
1603 1880 1745 1945 iudices?

416 1976 621 2060 ignoscebam
644 1974 732 2037 vobis
753 1982 873 2038 attente
896 1974 1116 2049 audientibus,
1137 1986 1303 2061 propterea
1324 1977 1410 2061 qnod
1433 1984 1558 2059 egomet
1579 1982 1643 2037 tam
1659 1974 1745 2035 triste

381 2071 495 2135 stillud
516 2078 551 2133 et
568 2078 634 2132 tam
655 2087 803 2150 asperum
826 2088 927 2152 genus
949 2068 1104 2131 orationis
1125 2069 1303 2135 horrebam.
1347 2070 1398 2135 26.
1419 2074 1463 2133 Ac
1485 2071 1585 2153 prima
1601 2088 1673 2151 pars
1687 2067 1746 2129 init

417 2166 489 2241 illa,
519 2184 601 2250 quac
630 2184 680 2226 me
709 2165 813 2227 minus
841 2163 1002 2239 movebat,
1034 2162 1133 2226 luisse
1162 2184 1233 2228 meo
1255 2166 1435 2229 necessario
1448 2164 1582 2227 ¹Bestiae
1605 2163 1745 2226 Caelium

416 2258 621 2331 familiarem,
653 2278 782 2321 cenasse
805 2258 890 2341 apud
912 2279 1001 2332 eum,
1024 2260 1196 2323 ventitasse
1219 2248 1549 2335 uomumJ‘s'tuduisre
1570 2266 1743 2341 praeturae.

417 2355 487 2418 Non
516 2372 567 2415 me
587 2352 667 2416 baec
689 2361 831 2427 movent,
860 2372 943 2437 quae
965 2354 1130 2435 perspicue
1151 2352 1231 2417 salsa
1253 2363 1341 2418 sunt:
1374 2355 1491 2417 etenim
1520 2372 1576 2416 eos
1606 2372 1671 2415 una
1696 2370 1746 2413 ce·

418 2466 511 2510 nasse
533 2446 632 2522 dixit,
654 2448 710 2530 qui
731 2456 786 2511 aut
807 2447 923 2511 absunt
944 2455 999 2509 ant
1021 2446 1136 2530 quibus
1158 2467 1288 2512 necesse
1310 2457 1359 2511 est
1380 2448 1465 2512 idem
1484 2446 1603 2511 dicere.
1635 2448 1744 2529 Neque

380 2554 492 2605 atvero
514 2540 593 2604 illud
616 2562 666 2605 me
689 2550 882 2616 commovet,
910 2540 997 2625 quod
1028 2542 1088 2605 sibi
1120 2542 1152 2605 in
1176 2544 1328 2627 Lupercis
1350 2543 1492 2608 sodalem
1513 2562 1584 2605 esse
1607 2540 1745 2605 Caelium

418 2636 507 2699 dixit.
539 2636 619 2699 Fara
641 2636 796 2720 quaedam
819 2635 969 2700 sodalitas
992 2643 1024 2698 et
1048 2635 1142 2719 plane
1164 2638 1334 2721 pastoricia
1355 2646 1449 2721 atque
1471 2638 1604 2719 agrestis
1625 2652 1745 2720 garma-

416 2750 529 2795 norum
551 2731 785 2813 Lupercorum,
809 2752 943 2816 quorum
967 2731 1059 2793 coitio
1080 2730 1136 2794 illa
1158 2732 1311 2795 silvestris
1334 2740 1407 2796 ante
1430 2741 1480 2794 est
1492 2732 1638 2795 instituta
1652 2748 1745 2814 quam

416 2824 597 2889 hnmanitas
626 2832 721 2909 atque
744 2826 850 2908 leges,
881 2827 907 2889 si
930 2823 1060 2907 quidem
1082 2844 1148 2887 non
1169 2825 1266 2888 modo
1288 2826 1418 2889 nomina
1441 2824 1588 2888 deiernnt
1608 2826 1692 2887 inter
1711 2842 1745 2885 sc

418 2915 561 2993 sodales,
591 2918 647 2982 sed
670 2920 764 2982 etiam
787 2925 1034 2982 commemorant
1056 2918 1255 2982 sodalitatem
1278 2920 1312 2982 in
1334 2919 1528 2993 accusando,
1549 2926 1586 2982 ut
1612 2938 1654 2981 ne
1675 2918 1746 3001 quis

379 3012 448 3077 uid
470 3012 551 3076 forte
574 3014 694 3078 nesciat
714 3014 825 3078 timere
847 3014 1025 3076 videantur.
1070 3012 1133 3075 Sed
1154 3012 1233 3076 baec
1255 3015 1413 3077 omittam:
1435 3012 1474 3076 ad
1497 3012 1567 3087 illa,
1591 3030 1674 3095 qnae
1695 3029 1746 3072 me

417 3108 516 3191 magis
538 3117 721 3184 moverunt,
744 3108 934 3191 respondeo.

491 3198 543 3265 27.
558 3202 750 3265 Deliciarum
766 3201 944 3283 obiurgatio
959 3200 1022 3263 luit
1037 3201 1131 3284 longa
1146 3209 1178 3263 et
1192 3220 1231 3264 ea
1244 3202 1356 3275 lenior,
1371 3201 1508 3285 plusque
1522 3200 1744 3284 disputationis

415 3296 526 3360 babuit
548 3316 643 3379 quam
665 3295 854 3359 atrocitatis:
877 3314 941 3380 quo
965 3297 1059 3358 etiam
1081 3295 1190 3358 andita
1204 3303 1252 3358 est
1267 3295 1428 3358 attentius.
1462 3296 1540 3356 Nam
1556 3294 1590 3357 P.
1607 3293 1744 3366 Clodius,

417 3392 537 3478 anricus
564 3411 669 3466 meus,
699 3410 771 3453 cum
800 3409 835 3453 se
863 3389 1046 3472 gravissime
1068 3388 1410 3471 vehementissimeque
1432 3389 1562 3452 iactaret
1584 3396 1616 3451 et
1639 3386 1745 3449 omnia

377 3744 386 3757 ⁵
416 3764 478 3827 post
494 3759 584 3822 ouini),
606 3770 632 3807 v.
651 3768 720 3820 quae
742 3753 856 3805 diximus
877 3755 904 3805 in
923 3756 990 3805 blus.
1009 3754 1092 3806 llben.
1111 3754 1158 3816 lx,
1176 3768 1204 3818 p.
1221 3754 1269 3805 328
1286 3767 1310 3804 a.
1330 3753 1402 3805 48444.
1429 3753 1507 3805 Aliud
1528 3752 1745 3819 supplementum

416 3835 542 3896 lacunae,
561 3844 641 3898 quam
659 3831 704 3895 qui
722 3829 844 3880 codicem
860 3830 997 3895 Pscripsit
1013 3834 1060 3881 ant
1076 3832 1129 3881 iam
1146 3832 1174 3882 in
1189 3830 1335 3895 archetypo
1352 3830 1490 3880 invenerat
1506 3833 1553 3881 ant
1568 3829 1668 3881 litteras
1681 3844 1745 3881 eva·

417 3912 493 3963 nidas
510 3912 563 3961 iam
580 3908 669 3971 legere
687 3919 739 3957 non
757 3906 893 3971 potuerat,
911 3904 1034 3956 homines
1051 3905 1107 3956 itali
1124 3906 1348 3967 excogitaverunt,
1367 3906 1397 3955 nt
1407 3906 1449 3955 est
1463 3906 1535 3956 ins:
1553 3906 1613 3955 titius
1627 3906 1746 3968 emurque

416 3986 537 4051 [coponib
555 3984 598 4047 put
614 3996 648 4033 ac
664 3980 776 4033 mnibus
790 3980 903 4030 mecm
918 3979 998 4031 (ΙΙοηΙε
1014 3987 1121 4032 mortem
1136 3981 1275 4033 detumet.
1294 3982 1337 4044 qut
1353 3994 1411 4031 casa
1426 3982 1555 4033 motum
1572 3983 1656 4033 studio
1670 3989 1746 4045 utque

415 4056 1149 4119 tumuitottatiaaetiombosptttodiooituuebmtvr,
1174 4058 1743 4121 bebitobotieupedlucsiienstwdistis.

413 4138 498 4201 fumi
519 4134 550 4200 ei]
572 4134 685 4199 cognitu
705 4132 873 4184 otaeoedrioe
890 4132 956 4193 cet..
980 4136 1008 4183 et
1027 4134 1066 4184 sic
1087 4136 1129 4184 est
1144 4134 1171 4184 in
1187 4136 1216 4186 0.
1243 4135 1276 4184 At
1291 4146 1318 4183 v.
1336 4146 1405 4198 qnae
1423 4132 1458 4183 de
1474 4134 1526 4185 bac
1542 4132 1744 4199 interpolatione

415 4212 519 4263 monuit
534 4207 679 4273 Madvigius
695 4222 723 4274 p.
741 4207 798 4259 393.
818 4234 846 4244 -
865 4206 918 4269 quit
937 4212 976 4260 sut
996 4208 1036 4258 bic
1052 4209 1080 4260 ΡΙ
1100 4236 1126 4245 -
1152 4210 1174 4260 Ι.
1194 4209 1277 4259 coelio
1292 4209 1415 4259 mium
1429 4222 1484 4260 om.
1502 4210 1553 4259 EG
1572 4236 1599 4247 -
1617 4210 1643 4261 Ι.
1660 4222 1745 4261 reno-

415 4308 507 4355 uentur
526 4302 546 4353 C
566 4328 594 4338 —
615 4312 696 4351 cauco
714 4300 805 4349 ηΙΙΙΙυν
826 4300 886 4351 PS:
913 4300 1032 4351 emittar
1051 4303 1094 4365 (ax
1109 4304 1238 4366 emnem)
1259 4304 1294 4364 G,
1319 4303 1477 4353 mulciber
1495 4330 1524 4340 -
1548 4299 1745 4365 blandiorem

414 4392 497 4429 maen
514 4379 575 4427 G·
594 4378 619 4426 d.
637 4376 682 4425 otti
696 4370 737 4431 1²²:
756 4375 806 4429 ani
821 4375 891 4426 1³¹-
910 4376 934 4425 i.
953 4378 1149 4440 suptiliterP—
1165 4380 1200 4428 od
1215 4378 1496 4428 oebnosnuccederet
1511 4378 1653 4442 PEtilsed
1665 4379 1742 4440 P¹ot,

415 4458 446 4505 ut
461 4454 591 4516 videtur):
610 4452 909 4503 auduom-ocemund
925 4453 972 4504 SO
986 4480 1013 4487 —
1033 4457 1057 4502 et
1072 4454 1132 4501 G-
1152 4452 1177 4503 8.
1196 4452 1331 4503 hebeti:
1350 4454 1437 4503 lentur
1452 4452 1566 4504 PES-
1585 4453 1742 4504 mosee:

415 4530 534 4581 lucinius
551 4532 594 4588 Gt,
610 4529 729 4579 ,tumeam
744 4530 778 4589 1²3
799 4528 906 4577 timeto
922 4528 1007 4578 ESO.
1035 4526 1073 4578 Ci.
1091 4526 1118 4577 in
1134 4528 1211 4578 verr.
1228 4528 1277 4587 ΙΙΙ,
1296 4526 1311 4590 S
1329 4527 1375 4577 460
1393 4530 1421 4578 et
1436 4540 1492 4577 var.
1510 4525 1572 4578 lect.
1590 4540 1618 4593 p.
1637 4530 1710 4591 4424),
1729 4531 1740 4579 4

416 4606 484 4657 etl.
504 4631 531 4640 -
550 4604 575 4654 9.
592 4607 617 4653 st
633 4604 676 4666 oui
692 4604 780 4653 G²:ut
797 4604 840 4665 qui
856 4602 969 4653 PEG¹S
989 4627 1016 4637 -
1036 4602 1076 4650 ts.
1094 4600 1148 4651 Hoc
1164 4604 1183 4653 P
1202 4628 1229 4636 -
1249 4602 1290 4651 46,
1308 4602 1500 4652 mooebntl‘s:
1519 4606 1742 4655 moueratEG-

416 4683 457 4732 ΙΙ.
474 4692 590 4733 comesse
605 4681 624 4729 P
642 4677 704 4741 (sed
722 4690 746 4727 v.
761 4678 791 4727 48
809 4678 926 4739 mausel;
952 4677 1102 4727 consuesco
1122 4704 1149 4713 -
1168 4677 1308 4727 matium
1327 4678 1386 4727 P¹E
1405 4703 1433 4713 —
1452 4679 1491 4727 ts.
1511 4678 1577 4728 dicit
1592 4681 1658 4732 PG:
1685 4681 1744 4730 dicit

416 4757 515 4820 Ettlso
534 4782 560 4793 -
580 4755 697 4818 quietat
713 4758 804 4815 opsuat
820 4756 839 4803 Ρ
858 4779 885 4789 -
904 4758 949 4802 out
965 4753 995 4801 de
1012 4750 1099 4812 quitiae
1114 4750 1263 4801 abramius.
1278 4776 1305 4785 —
1324 4752 1441 4802 dicent>
1458 4753 1485 4801 in
1502 4764 1556 4803 ras,
1574 4753 1657 4804 babet
1673 4768 1687 4804 a
1705 4767 1742 4804 m.

415 4844 482 4893 see,
501 4834 530 4882 ut
546 4832 599 4881 iam
615 4826 666 4878 loci
682 4828 826 4891 scriptura,
844 4828 890 4891 qui
907 4827 1065 4890 Augustino,
1083 4825 1221 4888 Abramio,
1240 4826 1370 4889 Ernestio,
1389 4829 1528 4878 Garatonio
1546 4832 1687 4894 corruptus
1703 4829 1744 4879 vi-

415 4905 541 4967 debatur,
560 4906 641 4956 etiam
657 4905 742 4968 magis
758 4906 883 4968 suspecta
901 4906 943 4955 sit.
959 4932 987 4940 -
1004 4902 1046 4953 20.
1064 4902 1158 4953 wican
1173 4914 1223 4952 esso
1234 4904 1255 4952 G
1268 4928 1295 4938 -
1313 4904 1355 4953 ut.
1369 4904 1509 4965 pastoricio
1525 4907 1557 4965 P,
1576 4905 1627 4956 sed
1641 4906 1744 4955 miscio

414 4982 442 5032 in
459 4994 512 5032 ras.
531 4992 568 5031 m.
581 4981 611 5039 Ξ,
630 4982 658 5030 at
673 4981 777 5039 vetere,
796 4982 825 5029 ut
842 4980 900 5030 lert.
917 4979 1053 5042 pastoralis
1068 4977 1241 5029 scribendum
1252 4978 1299 5039 sit,
1317 4991 1386 5042 qnae
1398 4979 1483 5029 torma
1494 4992 1566 5030 nunc
1578 4980 1660 5031 etiam
1671 4978 1743 5044 apud

414 5054 520 5107 Florum
536 5056 561 5115 1,
580 5054 686 5117 tuti),
705 5054 721 5105 t
738 5067 771 5104 ex
787 5053 878 5105 cedit
897 5056 1017 5106 restituta
1035 5056 1084 5105 est.
1096 5082 1130 5091 -
1145 5056 1187 5104 22.
1201 5067 1308 5116 quorum
1324 5056 1357 5104 P:
1376 5069 1425 5117 quo
1441 5056 1532 5105 EG—
1550 5054 1592 5105 23.
1606 5056 1667 5120 lepis
1682 5057 1741 5107 P-

414 5131 552 5193 siqvideoa
567 5134 600 5182 1³:
618 5130 660 5181 esd
676 5130 775 5193 quidem
790 5130 825 5189 Ε;
844 5131 885 5181 sed
901 5131 961 5193 qnid
977 5135 1013 5180 est
1029 5131 1050 5179 G
1065 5156 1099 5167 -
1117 5129 1158 5180 il.
1176 5144 1208 5181 ne
1224 5130 1279 5192 quit
1294 5130 1332 5190 ΡΙ,
1350 5131 1380 5180 ut
1395 5129 1537 5181 Abramius
1554 5128 1693 5180 divinavit:
1712 5142 1743 5180 aa

414 5206 508 5269 apris
522 5202 611 5257 P²EG
630 5234 657 5244 -
675 5205 717 5257 st.
734 5205 1046 5258 namnetensem
1062 5203 1261 5255 etAbramins:
1279 5204 1425 5256 oideomrc
1445 5232 1473 5244 -
1491 5204 1533 5255 26.
1551 5205 1688 5268 respondeo
1704 5204 1738 5255 C:

413 5280 564 5346 immiso
579 5282 601 5332 0
617 5305 645 5318 -
663 5280 705 5334 it.
722 5281 880 5347 ΝΜ
893 5281 1158 5343 menemus
1172 5282 1202 5331 P.
