4009 6159
711 587 785 653 cn.
806 587 972 654 u-vn
999 584 1045 672 ss
1067 584 1212 653 44-44.
1259 608 1263 615 ·
1537 586 1619 654 reae

302 758 472 825 Massiliam
503 777 639 842 eumque
667 757 851 841 cognovisse
879 758 1077 843 paratissimo
1111 759 1235 835 enimc,
1265 765 1302 824 ut
1328 780 1400 824 cum
1426 760 1493 825 suis
1521 760 1620 843 copiis

302 853 363 917 iret
389 852 429 917 ed
459 852 629 934 Mutinam,
659 852 692 916 ni
714 859 875 917 vereretur
899 872 939 915 444
961 861 1182 917 veteranorum
1203 853 1325 917 animos
1346 851 1530 919 offenderet.
1563 854 1622 917 Est
1723 900 1724 904 =

301 967 377 1013 vero
408 946 477 1011 eius
506 946 605 1030 patris
633 946 735 1021 iilius,
765 946 820 1028 qni
849 947 1009 1030 sapienter
1036 946 1171 1010 faciebat
1197 966 1261 1011 non
1281 948 1386 1011 minus
1406 948 1504 1012 muita
1524 966 1620 1031 quem

300 1039 433 1106 fortiter.
475 1041 586 1123 ltaque
615 1039 792 1123 intelligitis
822 1047 854 1103 44
882 1040 1020 1104 animum
1049 1041 1078 1104 ei
1109 1047 1234 1124 praesto
1255 1038 1352 1105 inisse
1373 1060 1433 1105 nec
1453 1041 1620 1106 consilium

301 1134 452 1201 defuisse.
487 1135 592 1217 Atque
622 1134 717 1199 eiiam
745 1133 808 1197 boc
829 1136 871 1199 u.
894 1133 1014 1218 Lepido
1036 1134 1268 1218 providendum
1291 1143 1354 1211 est,
1374 1154 1415 1199 ne
1438 1132 1512 1219 quid
1535 1150 1642 1197 erro-n

300 1228 442 1313 gentius,
475 1246 571 1311 quam
600 1228 671 1291 eius
701 1248 805 1291 mores
832 1228 954 1302 lerunt,
986 1227 1089 1292 iacere
1120 1228 1271 1291 videatur.
1315 1224 1365 1293 ti.
1394 1228 1427 1293 si
1457 1228 1540 1291 enim
1561 1246 1620 1289 nos

300 1322 442 1387 exercitu
464 1329 577 1397 terret,
598 1341 663 1385 non
685 1323 828 1386 meminit
849 1321 939 1385 illum
961 1322 1134 1385 exercitum
1153 1330 1278 1387 senatus
1300 1322 1474 1406 populique
1488 1319 1621 1384 Romani

299 1424 396 1501 atque
425 1416 591 1479 universae
620 1415 667 1479 rei
695 1415 839 1499 publicae
870 1435 959 1490 esse,
986 1435 1052 1479 non
1081 1436 1181 1480 suum.
1217 1416 1258 1479 44
1278 1417 1325 1481 uti
1346 1421 1452 1501 potest
1471 1434 1528 1499 pro
1550 1433 1620 1478 suo.

300 1509 384 1586 Quid
407 1513 497 1574 tumi
528 1509 674 1573 omniane
696 1508 788 1572 bonis
808 1510 902 1583 viris,
931 1530 1014 1593 quae
1043 1508 1146 1573 iacere
1175 1518 1326 1593 possunt,
1355 1509 1498 1574 faciende
1524 1510 1620 1574 sunti

298 1604 448 1678 etiamne,
478 1602 505 1665 si
533 1603 653 1687 turpia,
682 1603 710 1667 si
738 1603 915 1687 pemicioae
936 1605 1051 1666 erunt?
1084 1604 1112 1666 si
1134 1602 1236 1667 iacere
1258 1605 1388 1669 omnino
1408 1624 1472 1667 non
1493 1603 1658 1667 licebitiao

299 1696 386 1773 Quid
416 1703 520 1759 autem
550 1698 672 1782 turpius
701 1703 757 1760 aut
782 1696 907 1760 foedius
936 1706 990 1761 aut
1022 1696 1107 1781 quod
1137 1699 1241 1762 minus
1263 1700 1375 1763 deceat
1396 1718 1492 1783 quem
1513 1704 1622 1761 contra

299 1786 458 1864 senatum,
481 1798 590 1855 contra
611 1791 713 1865 cives,
736 1798 845 1856 contre
864 1791 999 1875 petriam
1021 1792 1193 1855 exereitum
1215 1791 1351 1856 duceret
1374 1791 1452 1879 qnid
1466 1810 1540 1855 vero
1556 1808 1621 1853 me·

297 1885 345 1967 3444
366 1884 608 1967 vituperandum
630 1905 723 1969 quam
744 1885 779 1947 id
799 1884 918 1960 iacere,
941 1885 1027 1969 quod
1047 1905 1111 1949 non
1134 1885 1250 1950 liceat?
1272 1888 1360 1951 Licet
1380 1893 1485 1951 autem
1502 1883 1621 1948 nemini

296 1986 406 2046 contra
433 1982 566 2061 patriam
593 1978 709 2043 ducere
736 1978 924 2043 exercitum:
955 1979 983 2043 si
1011 1978 1137 2063 quidem
1168 1980 1264 2045 licere
1293 1980 1324 2043 id
1353 1979 1504 2055 dicimus,
1533 1977 1620 2062 quod

291 2072 434 2155 legibus,
456 2072 541 2156 quod
558 2092 645 2136 more
659 2073 812 2136 maiorum
826 2072 1043 2157 institutisque
1058 2072 1253 2138 conceditur.
1286 2076 1397 2159 Neque
1412 2073 1513 2149 enim,
1534 2071 1657 2157 quodie

300 2167 437 2251 quisque
453 2172 581 2249 potest,
603 2166 637 2229 id
658 2166 688 2229 ei
709 2166 802 2241 licet,
824 2185 900 2240 nec,
930 2167 957 2230 si
978 2186 1044 2231 non
1065 2167 1223 2243 obstetur,
1245 2176 1414 2252 propterea
1434 2168 1527 2232 etiam
1549 2187 1620 2251 per·

296 2260 441 2326 mittitur.
477 2258 547 2322 Tibi
571 2260 654 2322 enim
676 2258 867 2332 exereitum,
888 2259 1025 2343 Lepide,
1047 2266 1110 2321 tam
1126 2280 1220 2343 quem
1241 2262 1414 2325 maioribus
1436 2262 1498 2326 iuis
1520 2259 1621 2345 petria

295 2373 354 2438 pro
376 2374 411 2418 se
435 2352 530 2416 dedit.
565 2352 635 2415 Hoc
657 2359 691 2417 tu
714 2352 835 2417 arcebis
854 2352 995 2427 hostem,
1017 2352 1099 2416 fines
1120 2353 1244 2437 imperii
1265 2356 1472 2438 propaqebis:
1495 2355 1619 2420 senatui

296 2448 485 2533 populoque
514 2448 655 2511 Romano
685 2446 826 2533 parebis,
855 2446 882 2511 si
904 2466 997 2531 quam
1019 2446 1058 2510 ed
1082 2447 1174 2512 aliam
1195 2467 1261 2511 rem
1283 2456 1314 2513 te
1335 2448 1415 2513 ferte
1436 2449 1619 2513 traduxerit

300 2542 365 2605 vll.
389 2535 439 2603 45.
462 2540 549 2605 Η444
570 2540 597 2603 44
620 2541 757 2624 cogites,
779 2561 814 2604 es
836 2542 877 2605 ld.
899 2539 1054 2624 Lepidus,
1075 2539 1218 2624 pontifex
1237 2542 1411 2619 maximus,
1432 2543 1473 2607 Μ.
1495 2540 1619 2626 Lepidi,
1627 2538 1663 2628 44]
1763 2568 1772 2592 4

294 2634 456 2722 pontilicis
477 2634 626 2708 maximi,
647 2653 822 2719 pronepos:
843 2634 893 2699 sin
913 2634 1094 2698 bominibus
1109 2642 1231 2699 tantum
1251 2636 1346 2699 licere
1361 2635 1498 2711 iudicas,
1520 2654 1620 2719 quen·
1644 2633 1661 2722 f
1745 2634 1767 2668 ‘⁷

200 2722 203 2726 ’
295 2737 364 2794 ium
393 2736 543 2813 possunt,
571 2726 643 2793 vide
670 2748 711 2793 ne
739 2729 852 2793 alienis
880 2729 1034 2812 exemplis
1063 2730 1168 2813 iisque
1196 2730 1375 2794 recentibus
1402 2729 1565 2811 utiquam
1586 2735 1619 2791 et

295 2823 435 2908 antiquis
456 2830 490 2886 ei
512 2822 692 2887 domesticis
719 2822 813 2886 malle
841 2822 979 2887 videare.
1027 2822 1118 2898 Quod
1148 2823 1175 2887 si
1204 2824 1422 2888 auctoritatem
1443 2822 1618 2905 interponis

294 2917 363 2981 sine
391 2916 503 2992 armis,
532 2915 632 2999 44444344
659 2915 808 3000 equidem
831 2915 943 2992 laudo,
971 2915 1027 2980 sed
1049 2917 1121 2981 ride
1142 2937 1183 2982 ne
1204 2916 1267 2981 boc
1288 2917 1392 3002 ipsum
1414 2936 1479 2979 non
1500 2916 1542 2979 eit
1563 2935 1619 2979 ne

295 3031 392 3076 cesse.
430 3011 630 3094 Quemquam
651 3011 737 3073 enim
760 3017 808 3074 est
829 3017 915 3075 tanta
937 3011 970 3074 in
993 3018 1024 3075 te
1043 3012 1232 3087 auctoritas,
1254 3018 1373 3096 quanta
1394 3011 1540 3075 debetis
1561 3009 1654 3073 boma

294 3106 378 3171 mine
408 3105 622 3179 nobilissimo,
650 3111 756 3168 temen
781 3112 910 3169 senatus
931 3106 1054 3188 seipse
1075 3125 1140 3169 non
1163 3107 1353 3183 coutemnit,
1381 3125 1440 3169 nee
1461 3125 1537 3169 vero
1558 3104 1618 3167 iuit

294 3221 445 3286 umquam
467 3198 609 3283 gravior,
631 3199 843 3274 constantior,
865 3199 983 3263 sortior.
1018 3200 1143 3263 Incensi
1167 3219 1276 3264 omnes
1301 3202 1440 3284 rapimur
1460 3198 1501 3264 ad
1522 3199 1617 3263 liber·

293 3301 391 3358 tatem
413 3291 680 3375 recuperandam:
707 3313 771 3357 non
792 3301 897 3376 potest
916 3293 1012 3357 ullius
1033 3295 1218 3357 auctoritate
1240 3301 1346 3358 tantus
1368 3301 1495 3359 senatus
1516 3311 1616 3378 popu-

292 3385 381 3469 lique
409 3387 541 3449 Romani
569 3387 664 3449 ardor
692 3387 869 3471 exstingui:
900 3387 1039 3462 odimus,
1068 3388 1140 3451 irati
1170 3407 1362 3472 pugnamus,
1393 3387 1615 3472 extorquerie

292 3480 437 3543 manibus
466 3499 552 3544 arma
577 3499 643 3543 non
673 3488 821 3565 possunt:
850 3482 988 3566 receptui
1016 3480 1141 3564 signum
1163 3489 1218 3544 aut
1238 3482 1470 3546 revocationem
1491 3500 1510 3543 a
1530 3479 1653 3545 bellota

292 3572 401 3637 audire
423 3592 489 3636 non
513 3594 700 3658 possumust
729 3594 891 3658 speramus
914 3575 1050 3658 optima,
1077 3576 1142 3659 peti
1172 3576 1223 3639 vel
1252 3575 1439 3641 difficillima
1460 3574 1615 3639 malumus

292 3688 387 3753 quam
416 3669 543 3731 servire.
588 3663 638 3731 46.
668 3668 782 3734 Caesar
810 3668 945 3733 coniecit
975 3668 1124 3733 invictum
1147 3670 1338 3735 exercitum:
1367 3672 1430 3734 duo
1451 3668 1614 3734 tortissimi

296 3868 458 3879 ——u-—u

355 4007 478 4058 4444444
498 4031 522 4041 -
550 4016 677 4056 4444444444,
696 4006 733 4068 34
754 4031 782 4043 -
802 4005 882 4070 aad
904 4020 939 4056 4444
960 4006 984 4066 44
1007 4004 1616 4072 444444444444444-444--444444444

289 4084 383 4149 agii:
407 4084 529 4147 44444444
550 4080 611 4133 edd.
629 4082 808 4141 recentiores,
832 4081 881 4133 sed
901 4083 928 4133 444
949 4082 1154 4145 antiquissimis,
1178 4083 1207 4132 ut
1227 4082 1295 4134 ven.
1313 4081 1392 4146 iiii,
1410 4086 1520 4137 4444444.
1539 4085 1612 4146 tiit,

288 4158 357 4209 lunt
374 4160 417 4207 444
437 4170 500 4208 vere
521 4155 613 4217 lectio,
637 4168 690 4206 non
713 4156 778 4207 item
799 4156 826 4205 in
844 4156 915 4207 Cret.
934 4170 958 4208 e.
977 4158 1052 4209 4448.
1071 4156 1101 4221 (b
1119 4170 1240 4223 quoqne,
1267 4171 1353 4223 equo
1369 4172 1400 4210 44
1415 4158 1506 4222 ebest,
1533 4158 1615 4210 hebet

288 4232 435 4295 4444444444,
457 4232 533 4283 4444
554 4231 687 4297 punctete)
707 4258 734 4267 -
760 4230 784 4283 4.
804 4234 889 4294 ioque
913 4230 1003 4283 emb
1022 4259 1049 4269 -
1073 4232 1212 4297 inadipatis
1227 4246 1244 4298 3
1261 4247 1294 4284 ex
1309 4234 1460 4299 4444444444,
1483 4237 1513 4287 ut
1528 4236 1570 4286 est
1586 4236 1613 4285 in

288 4307 629 4370 et-prasstoom.t··
649 4305 955 4371 444444444444144444444-
974 4307 1614 4375 6.oideotur!ocerei-siagi:siuet;eiae

287 4380 321 4443 b,
339 4380 389 4432 sed
405 4393 436 4432 444
452 4383 542 4447 punct
563 4406 590 4424 -ι
609 4393 655 4431 eos
671 4393 687 4443 3
703 4408 737 4419 -
753 4380 777 4431 i.
796 4380 891 4432 tereth
909 4407 936 4418 -
955 4388 1056 4433 44444444
1071 4396 1125 4435 om.
1144 4396 1159 4433 a
1177 4409 1204 4421 -
1221 4384 1363 4448 4444444444]
1381 4397 1416 4448 ,4.
1434 4384 1453 4435 b
1471 4386 1527 4451 (pro
1541 4386 1613 4449 ,4.4.)

286 4457 498 4518 &atqueatoue
513 4469 566 4507 om.
581 4458 591 4507 t
609 4482 637 4493 -
654 4456 740 4506 44444444
756 4455 834 4507 abii
853 4484 880 4494 -
899 4458 1033 4521 4444444444
1050 4460 1077 4519 4;
1095 4458 1157 4521 quid
1172 4472 1229 4509 444444
1245 4472 1262 4524 3
1279 4484 1307 4497 -
1325 4460 1387 4509 44444
1403 4460 1472 4511 bonis
1488 4462 1613 4512 04444444

286 4544 407 4583 mooe·
426 4532 554 4583 i0.etiom
570 4532 592 4581 44
607 4532 658 4581 4-
677 4532 816 4597 ii.qnom]
828 4533 871 4595 qai
888 4534 937 4582 4-
957 4532 997 4583 44.
1009 4534 1220 4597 4444444444-
1240 4532 1279 4584 43.
1292 4533 1384 4585 4444444
1400 4535 1555 4587 liceant-v
1570 4534 1610 4587 ti.

286 4606 355 4657 liceri
370 4607 397 4656 44
411 4604 429 4657 b
444 4632 472 4644 -
490 4608 530 4658 iii.
550 4608 629 4669 mors]
643 4607 740 4659 maiore
755 4610 806 4657 4-
825 4608 954 4657 salmom.
967 4607 976 4657 4
990 4632 1017 4643 -
1037 4608 1077 4657 46.
1095 4607 1123 4657 44
1138 4607 1160 4658 et
1176 4608 1395 4660 convermescit
1411 4624 1426 4660 e
1444 4635 1472 4648 -
1491 4610 1531 4662 44.
1545 4615 1612 4660 4444-

286 4694 362 4744 quara
379 4680 457 4739 edd.;
476 4680 510 4732 de
527 4682 553 4732 vi
570 4680 758 4746 particularum
773 4695 799 4732 v.
817 4681 939 4744 Madvigii
956 4682 1052 4746 opusc.
1071 4681 1098 4741 1,
1115 4694 1142 4745 4.
1155 4679 1214 4732 494.
1230 4708 1257 4719 -
1277 4682 1316 4733 48.
1334 4682 1460 4735 4444444444
1480 4712 1507 4721 -
1524 4684 1611 4751 4444444)

288 4783 315 4794 -
336 4756 375 4806 ia.
390 4754 520 4817 44444444)
540 4783 566 4792 -
583 4756 648 4819 sorte
664 4762 687 4807 te
703 4760 713 4806 4
731 4782 759 4793 -
778 4757 819 4807 20.
837 4756 906 4807 44444
926 4756 1074 4819 -.4444444
1089 4768 1115 4804 es
1131 4753 1186 4804 eb:
1206 4756 1337 4819 4444444444
1353 4758 1404 4821 344
1422 4785 1449 4796 -
1467 4761 1503 4812 ii.
1523 4773 1612 4824 cmg

287 4856 315 4867 -
334 4831 440 4892 Lepidus
455 4832 491 4882 D:
511 4831 599 4893 444444
615 4832 623 4881 4
641 4858 669 4867 -
688 4833 728 4882 44,
746 4845 818 4882 mee.
836 4832 914 4896 444444
927 4844 1050 4895 44444444
1066 4830 1074 4879 4
1093 4856 1120 4865 -
1139 4830 1178 4880 sio
1194 4831 1265 4881 mei:
1283 4832 1305 4881 44
1321 4844 1412 4885 errore
1430 4835 1533 4900 typogr.
1547 4836 1567 4886 0
1581 4862 1608 4872 -

284 4905 326 4956 44.
343 4918 375 4954 ee
391 4908 509 4955 om.t-
527 4906 607 4967 4444444
622 4909 673 4957 et:
691 4906 775 4969 44444444
791 4906 852 4969 4434
871 4935 898 4945 -
917 4919 994 4968 quarn
1011 4906 1119 4968 4444444444
1135 4906 1144 4954 4
1162 4930 1189 4941 -
1208 4903 1248 4956 ii.
1262 4907 1374 4970 equidem
1389 4910 1426 4960 D:
1445 4910 1543 4972 quidem
1560 4910 1608 4958 i-

284 4980 326 5030 sed
342 4991 396 5029 om.
409 4981 419 5027 4
433 5005 460 5015 -
479 4992 524 5029 444
538 4980 584 5029 boc
601 4992 658 5029 e-
676 4980 716 5031 26.
730 4994 755 5031 se
772 4982 823 5044 4444
839 4982 876 5031 D:
895 4982 987 5045 ipsese
1003 4981 1081 5031 40-
1100 4980 1141 5030 si.
1161 4994 1280 5043 umquam
1292 4994 1346 5033 om.
1359 4981 1389 5032 b¹
1401 5008 1429 5020 -
1446 4985 1537 5048 fortior
1554 4996 1608 5034 om.

284 5056 321 5118 34
338 5078 365 5090 -
384 5054 419 5102 44
433 5052 571 5105 libertatem
586 5057 703 5117 rapimur
718 5055 737 5106 b
751 5083 778 5093 -
797 5058 839 5107 49.
852 5056 965 5121 44444444
982 5056 1050 5115 mei;
1069 5054 1189 5117 restioqui
1205 5054 1376 5119 probabiliter
1387 5058 1493 5109 Ursinus
1507 5084 1534 5094 -
1554 5058 1610 5108 444-

283 5142 339 5179 44444
349 5140 404 5179 om.
416 5127 457 5188 b¹;
477 5131 614 5194 usurpavit
631 5131 685 5181 cie.
698 5130 781 5183 verbe
798 5131 903 5193 Lucilii,
921 5144 990 5196 qeee
1008 5131 1065 5195 ipse
1082 5128 1167 5181 attulit
1183 5130 1209 5181 in
1221 5131 1327 5183 Tuscul.
1340 5133 1382 5194 iv,
1396 5132 1411 5197 Β
1423 5130 1495 5183 i&—
1514 5144 1528 5182 4
1544 5145 1608 5184 nos:

285 5216 338 5256 om.
357 5205 414 5264 4444
433 5206 462 5256 de
479 5206 514 5267 0,
531 5208 563 5256 ut
578 5208 620 5257 est
636 5206 662 5256 in
680 5206 723 5257 ed.
741 5206 808 5257 ven.
827 5205 899 5258 4444.
916 5232 944 5244 -
964 5206 1005 5257 344.
1022 5210 1135 5270 receptos
1151 5204 1261 5273 (recept)
1278 5210 1288 5259 4
1306 5234 1334 5245 -
1352 5208 1393 5259 34.
1409 5219 1536 5271 4444444444
1551 5210 1562 5259 4
1580 5234 1607 5243 -

284 5277 325 5330 34.
343 5279 447 5345 44444444
461 5279 487 5331 i:
505 5280 603 5347 44444444
617 5280 650 5331 D.
