4009 6159
383 575 466 642 l080
822 575 973 640 oulrlo
994 577 1037 639 Ill
1058 577 1094 639 L.
1115 575 1293 640 PISONEM

385 747 549 832 spoliatam
577 746 734 811 senonum
756 746 915 811 conteram
945 767 1014 810 curn
1037 748 1169 810 florente
1189 745 1317 810 fortuna
1336 747 1532 830 imperatoris
1546 771 1608 810 -:
1630 747 1703 831 quis

382 861 532 925 umquam
548 841 741 924 provinciam
757 861 827 904 eum
843 841 982 904 exercitu
998 842 1149 913 obtinuit,
1171 840 1226 923 qui
1248 841 1353 904 nullas
1368 842 1408 904 ad
1423 850 1565 905 senatum
1582 843 1703 906 litteras

382 937 528 999 miserit?
550 942 669 999 tantam
691 955 766 998 vero
787 935 981 1018 provinciam
1003 955 1073 997 cum
1095 942 1181 997 tanto
1196 935 1359 1011 exercitu,
1381 936 1598 999 Macedoniam
1612 956 1703 1020 prae·
1772 943 1778 954 “

383 1031 505 1104 sertim,
523 1041 629 1113 'quam
657 1036 763 1092 tantae
792 1029 995 1092 barbarorum
1025 1036 1133 1110 gentes
1155 1029 1326 1110 attingunt,
1355 1037 1391 1092 ut
1412 1050 1537 1112 semper
1556 1031 1703 1093 lllacedo-

358 1125 461 1188 snicis
489 1123 734 1206 imperatoribus
762 1125 845 1187 idem
873 1124 953 1186 lines
982 1122 1160 1206 provinciae
1187 1122 1305 1186 fuerint
1333 1124 1388 1207 qui
1410 1123 1585 1206 gladiorum
1606 1131 1702 1207 atque

381 1218 533 1300 pilorum;
568 1238 609 1280 ex
636 1237 698 1301 qua
734 1218 857 1302 aliquot
886 1217 1044 1299 praetorio
1075 1215 1227 1299 imperio,
1261 1216 1418 1279 consulari
1451 1217 1578 1301 quidem
1610 1212 1710 1280 uemo'

381 1310 491 1385 rediit,
520 1312 575 1394 qui
597 1310 763 1374 incolumis
785 1309 896 1384 suerit,
927 1311 1005 1394 quin
1027 1309 1236 1392 triumpharit.
1278 1310 1335 1371 list
1355 1309 1416 1372 boc
1438 1331 1572 1373 novum:
1603 1309 1701 1373 multo

380 1404 461 1468 iilud
476 1407 586 1488 magis.
628 1405 815 1489 Appellatus
838 1413 886 1468 est
906 1405 958 1466 bic
982 1403 1139 1468 vulturius
1160 1401 1246 1465 illius
1261 1403 1460 1486 provinciae,
1482 1403 1509 1467 si
1526 1403 1573 1468 dis
1589 1405 1701 1488 placet,

380 1501 559 1584 imperator.
602 1499 701 1562 XVll.
724 1494 775 1561 39.
797 1501 843 1562 Ne
866 1506 932 1561 tum
954 1498 1099 1582 quidem,
1123 1496 1218 1560 Paule
1240 1503 1364 1571 noster,
1386 1497 1518 1560 tabellas
1540 1518 1612 1561 cum
1634 1499 1702 1562 lau·

344 1607 435 1658 screa
464 1597 596 1658 Romam
625 1594 749 1664 mittere
772 1593 933 1656 audebas?
980 1591 1067 1664 lllisi,
1097 1590 1209 1674 inquit
1253 1590 1331 1666 Quis
1360 1610 1511 1674 umquam
1532 1595 1702 1658 recitavit?

381 1690 452 1777 quis
474 1696 510 1752 ut
530 1689 738 1751 recitarentur
758 1687 954 1768 postulavit?
991 1683 1076 1746 Nihil
1104 1685 1188 1747 enim
1218 1705 1287 1747 mea
1315 1684 1379 1747 iam
1400 1684 1510 1759 refert,
1539 1695 1646 1749 utrum
1667 1696 1702 1749 tu

381 1782 574 1845 conscientia
588 1800 760 1864 oppressus
783 1780 936 1842 scelerum
959 1789 1084 1843 tuorum
1107 1780 1187 1843 nibil
1209 1800 1357 1864 umquam
1380 1801 1476 1844 ausus
1498 1781 1542 1842 sis
1564 1780 1701 1843 scribere

381 1876 421 1938 ad
444 1896 516 1938 eum
537 1875 699 1947 ordinem,
734 1892 828 1956 quem
852 1874 1057 1957 despexeras,
1091 1895 1185 1959 quem
1208 1870 1382 1948 afflixeras,
1415 1893 1507 1957 quem
1530 1873 1701 1948 deleveras,

381 1989 421 2033 an
444 1969 535 2032 amici
556 1969 603 2032 tui
625 1967 755 2031 tabellas
778 1967 957 2030 abdiderint
977 1968 1126 2052 idemque
1149 1968 1276 2031 silentio
1298 1988 1356 2030 suo
1379 1968 1585 2031 temeritatem
1607 1975 1701 2052 atque

344 2063 542 2127 manduriam
577 2070 662 2124 tuam
695 2062 943 2124 condemnarint.
998 2066 1100 2145 litque
1128 2061 1213 2125 baud
1247 2061 1314 2123 scio
1342 2081 1383 2124 an
1413 2061 1518 2123 malim
1548 2070 1579 2124 te
1600 2063 1700 2125 videri

381 2157 467 2221 nullo
488 2155 608 2239 pudore
629 2154 729 2218 luisse
751 2154 783 2216 in
805 2153 916 2217 litteris
938 2155 1117 2229 mittendis,
1151 2175 1190 2218 an
1219 2157 1336 2218 amicos
1359 2164 1430 2218 tuos
1460 2156 1532 2238 plus
1552 2155 1701 2219 babuisse

379 2251 511 2336 pudoris
534 2257 565 2313 et
584 2248 727 2322 consilii,
750 2267 844 2331 quam
867 2258 921 2312 aut
942 2257 973 2312 te
996 2249 1096 2312 videri
1117 2249 1339 2333 pudentiorem
1361 2248 1473 2324 luisse,
1496 2269 1590 2332 quam
1606 2250 1700 2324 soles,

381 2354 436 2410 aut
455 2352 543 2408 tuum
565 2343 681 2406 iactum
704 2361 768 2405 non
791 2361 860 2404 esse
883 2343 1126 2406 condemnatum
1149 2343 1267 2406 iudicio
1289 2344 1471 2406 amicorum.
1520 2339 1571 2406 49.
1604 2345 1701 2422 Quod

381 2440 407 2502 si
429 2458 493 2502 non
516 2437 578 2501 tuis
600 2435 728 2498 nefariis
749 2436 783 2498 in
805 2435 890 2498 huuc
911 2437 1056 2499 ordinem
1079 2437 1276 2499 contumeliis
1298 2437 1331 2499 in
1353 2445 1539 2520 perpetuum
1569 2441 1625 2502 tibi
1648 2460 1701 2503 cu·

344 2537 459 2600 soriam
480 2533 723 2618 praeclusisses,
747 2531 824 2615 quid
847 2532 973 2595 tandem
997 2539 1064 2593 erat
1085 2540 1190 2593 actum
1204 2540 1259 2594 aut
1273 2537 1396 2613 gestum
1411 2533 1444 2594 in
1459 2542 1512 2595 tua
1527 2534 1700 2615 provincia,

381 2632 420 2694 de
450 2649 515 2713 quo
543 2626 583 2691 ad
612 2633 755 2688 senatum
783 2646 854 2687 cum
882 2625 1092 2706 gratulatione
1122 2624 1229 2706 aliqua
1256 2624 1350 2686 scribi
1378 2625 1433 2688 abs
1463 2635 1494 2689 te
1516 2632 1700 2710 oporteret?

380 2725 505 2788 vexatio
520 2720 746 2784 Macedoniae?
769 2740 808 2782 an
824 2720 1013 2801 oppidorum
1029 2718 1130 2800 turpis
1145 2719 1299 2781 amissio?
1314 2738 1354 2781 an
1370 2722 1527 2784 sociorum
1543 2720 1700 2804 direptio?

381 2839 421 2882 an
444 2835 590 2900 agrorum
614 2813 843 2896 depopulatio?
874 2833 914 2876 an
937 2812 1070 2875 munitio
1093 2810 1364 2875 Thessalonicae?
1392 2833 1431 2876 an
1455 2813 1596 2877 obsessio
1617 2814 1701 2876 mili-

381 2909 456 2975 taris
471 2909 565 2972 viae?
587 2928 628 2971 an
651 2907 808 2970 exercitus
824 2907 926 2970 nostri
940 2906 1088 2968 interitus
1102 2905 1201 2980 ferro,
1223 2906 1326 2992 fame,
1343 2906 1475 2990 frigore,
1497 2907 1700 2990 pestilentia?

343 3006 428 3069 rs'l'n
450 3020 543 3075 vero,
566 3001 622 3086 qui
644 3001 685 3065 ad
707 3007 850 3063 senatum
873 2999 954 3062 nibil
976 2999 1153 3082 scripseris,
1187 3001 1276 3063 utin
1298 3001 1375 3063 urbe
1398 2994 1533 3085 nequior
1553 3001 1700 3064 inventus

380 3118 414 3162 es
436 3117 530 3180 quam
552 3093 721 3168 Gabinius,
757 3095 802 3158 sic
830 3096 864 3157 in
892 3094 1055 3177 provincia
1076 3095 1170 3176 paulo
1198 3103 1303 3158 tamen
1325 3117 1420 3178 quam
1447 3095 1501 3160 ille
1524 3097 1700 3159 demissior.

340 3249 362 3281 Α
379 3182 530 3278 tillium
552 3189 614 3270 ille
628 3208 742 3272 gurges
764 3194 860 3276 atque
880 3180 1028 3274 helluo.)
1044 3196 1136 3251 natus
1158 3187 1319 3252 abdomini
1349 3210 1423 3263 suo,
1458 3210 1522 3253 non
1552 3191 1637 3254 laudi
1669 3199 1701 3254 et

379 3286 519 3371 gloriae,
551 3304 622 3346 cum
644 3285 768 3366 equites
789 3284 947 3346 Romanos
969 3283 1002 3344 in
1023 3282 1202 3366 provincia,
1233 3303 1305 3345 cum
1326 3283 1513 3366 publicanos
1535 3283 1699 3348 nobiscum

381 3388 413 3445 et
430 3380 591 3442 voluntate
614 3385 646 3439 et
667 3375 819 3459 dignitate
840 3376 1025 3439 coniunctos
1047 3396 1156 3438 omnes
1171 3376 1324 3451 fortunis,
1347 3376 1463 3440 multos
1475 3375 1557 3440 fama
1572 3377 1698 3461 vitaque

254 3503 263 3523 ·
342 3489 372 3538 sc
380 3475 550 3559 privasset,
579 3492 650 3535 cum
680 3470 797 3553 egisset
818 3470 903 3532 aliud
927 3469 1003 3532 nibil
1026 3469 1082 3531 illo
1106 3471 1247 3533 exercitu
1268 3471 1330 3533 nisi
1352 3479 1388 3533 ut
1410 3472 1503 3534 urbes
1526 3470 1699 3554 depopula-

254 3559 261 3583 ''
380 3575 484 3640 retur,
513 3584 605 3647 agros
626 3573 780 3639 vastaret,
813 3564 995 3628 exhauriret
1016 3558 1163 3644 domos(
1178 3550 1411 3657 4444440444)-
1433 3565 1510 3650 quid
1532 3566 1616 3628 enim
1645 3565 1699 3630 ille

380 3681 445 3724 non
460 3661 595 3722 audeat?
610 3691 652 3704 —
671 3665 689 3721 a
709 3665 819 3722 senatu
841 3659 1102 3742 supplicationem
1117 3678 1174 3739 per
1188 3658 1308 3722 litteras
1323 3659 1492 3741 postulare.
1536 3660 1648 3722 xvtll.
1671 3659 1697 3721 0

380 3757 412 3819 di
434 3752 647 3818 immortales?
678 3760 753 3815 tune
777 3753 871 3815 etiam
893 3759 988 3836 atque
1011 3753 1090 3815 adeo
1113 3771 1185 3826 vos,
1219 3754 1362 3837 gemiqae
1391 3753 1557 3835 voragines
1586 3773 1699 3837 scopu-

379 3849 467 3933 lique
488 3846 535 3910 rei
556 3846 719 3931 publicae,
750 3866 807 3909 vos
829 3865 929 3909 meam
952 3846 1110 3909 fortunam
1133 3845 1328 3928 deprimitis?
1359 3855 1493 3910 vestram
1525 3846 1698 3910 extollitis?

341 3954 452 4006 secum
476 3941 515 4004 de
537 3960 587 4004 me
604 3959 641 4002 ea
664 3947 792 4003 senatus
809 3939 951 4003 consulta
965 3940 1095 4004 absente
1116 3939 1200 4004 facta
1213 3941 1292 4016 sint,
1315 3961 1371 4005 eae
1386 3940 1548 4005 contiones
1562 3941 1698 4017 habitae,

446 4154 472 4204 2.
489 4153 595 4216 optinuit
610 4151 672 4202 E-
689 4151 785 4201 44444444
800 4151 895 4201 litteras
906 4153 923 4201 S
936 4178 963 4188 -
982 4150 1006 4202 l.
1026 4166 1103 4214 quom
1118 4157 1202 4203 motos
1218 4153 1241 4202 b.
1258 4159 1341 4216 peotes
1356 4153 1527 4216 ruamur:
1545 4166 1610 4214 quos
1625 4153 1700 4203 44444444

380 4229 404 4278 b.
422 4225 533 4293 quattus
554 4227 688 4290 attingitur
705 4227 754 4276 CO
774 4253 799 4262 -
824 4227 998 4277 Macedonibus
1018 4228 1069 4278 bis
1088 4255 1114 4264 —
1142 4230 1167 4277 5.
1185 4229 1249 4278 idern
1265 4228 1327 4278 FG:
1353 4229 1427 4278 iidsm
1443 4229 1464 4277 0
1483 4253 1510 4265 —
1530 4229 1700 4290 sufflator-sss

382 4306 450 4364 Ell;
469 4303 502 4354 cl.
520 4315 576 4352 var.
596 4300 655 4352 lect.
675 4301 710 4352 ad
728 4302 811 4365 pbr,
830 4303 854 4350 4.
875 4329 902 4338 -
921 4304 1076 4364 sopitorum
1092 4306 1149 4353 S-
1169 4303 1193 4353 6.
1212 4303 1349 4352 cossutoru
1365 4305 1415 4354 lis
1434 4330 1461 4340 -
1479 4304 1505 4353 ’4.
1522 4303 1696 4355 restitvit-

382 4381 425 4443 qut
442 4380 474 4429 G:
494 4378 555 4440 quiu
571 4377 593 4425 V
613 4402 639 4411 —
658 4378 720 4438 quta
735 4376 771 4425 V:
791 4379 834 4438 qui
850 4391 900 4426 uos
918 4379 937 4428 G
957 4403 983 4412 —
1002 4379 1027 4428 8.
1046 4377 1354 4441 Appuusus--oudsbos
1369 4378 1451 4428 babet
1466 4380 1487 4429 Α
1500 4403 1527 4415 -
1544 4379 1700 4429 uuttoriusv

381 4454 545 4520 (corruptum
563 4465 595 4501 ex
611 4451 757 4512 uolturium
780 4453 869 4501 4444444
886 4453 903 4502 F
920 4455 947 4501 et
964 4452 1042 4502 codd.
1061 4457 1136 4512 Asc.;
1158 4453 1283 4503 4444444444
1298 4453 1365 4502 iltius
1383 4467 1456 4515 prov.
1474 4453 1551 4504 atteri
1566 4455 1699 4506 Charisius

380 4532 407 4593 1,
426 4527 441 4592 S
458 4527 516 4577 236.
537 4553 564 4562 —
584 4527 622 4578 dis
637 4530 674 4578 A:
697 4527 744 4576 diis
760 4528 781 4578 0
799 4553 826 4563 -
851 4527 875 4577 9.
894 4527 955 4591 trun]
975 4529 1028 4577 uim
1043 4529 1063 4579 E
1080 4528 1161 4580 solus.
1182 4555 1210 4566 -
1234 4527 1337 4578 tobalias
1356 4541 1414 4578 sasso
1432 4527 1523 4578 loursn
1544 4530 1647 4580 domum
1661 4533 1697 4579 A:

381 4603 479 4655 mbulur
495 4603 599 4653 bonum
614 4615 671 4650 oum
687 4602 776 4652 lourso
792 4602 842 4652 VC
858 4625 883 4638 -
904 4603 944 4652 tl.
962 4615 1019 4652 msa
1034 4603 1087 4652 tom
1103 4603 1136 4650 V:
1155 4603 1208 4652 tom
1223 4617 1279 4654 meo
1295 4606 1316 4656 C
1335 4630 1362 4640 -
1382 4603 1421 4654 tl.
1440 4603 1584 4654 tobdtosV:
1603 4605 1700 4655 tubulos

381 4681 449 4731 C·
468 4678 581 4740 uosque
598 4678 657 4728 FG:
676 4677 798 4738 litteraque
814 4678 874 4728 0-
893 4691 938 4726 suo
954 4680 1083 4728 om.G-
1102 4679 1143 4728 45.
1162 4679 1436 4729 4444444444444-
1455 4680 1593 4730 louE-
1612 4682 1699 4732 idos

381 4757 442 4806 ants
463 4753 556 4804 amicos
577 4750 628 4803 del.
656 4754 795 4812 Graevius,
820 4756 844 4802 44
865 4754 958 4803 amicos
980 4753 1049 4802 coni.
1067 4751 1219 4803 Lambinus.
1244 4754 1269 4803 Si
1287 4753 1350 4817 quid
1367 4753 1522 4804 mutandum
1539 4756 1586 4815 sit,
1612 4756 1699 4820 potius

381 4829 568 4893 corrigendum
592 4829 660 4879 toret
677 4833 722 4878 out
743 4830 849 4885 amicos;
873 4830 900 4878 st
922 4831 1008 4878 Garat.
1027 4829 1061 4877 ita
1085 4830 1158 4877 reete
1179 4831 1268 4878 tuetur
1282 4828 1429 4892 vulgatam,
1450 4831 1480 4878 ut
1496 4827 1529 4878 sd
1547 4842 1582 4878 aa
1597 4831 1700 4894 repetat

380 4905 469 4954 mutim
483 4905 564 4954 uideri
581 4929 609 4940 -
634 4904 675 4954 47.
691 4905 795 4966 pudoris
811 4905 847 4954 V:
871 4903 1012 4966 structoris
1028 4903 1078 4954 CO
1096 4928 1123 4938 -
1148 4903 1188 4952 48.
1206 4917 1256 4954 noo
1271 4905 1342 4954 cond.
1360 4917 1410 4954 ssss
1426 4905 1443 4954 S
1460 4929 1487 4939 -
1513 4903 1552 4952 49.
1570 4905 1657 4954 siuoo
1672 4910 1700 4954 tu

379 4980 496 5030 aestuis
512 4979 532 5030 E
550 5004 577 5014 -
596 4979 776 5040 inperpetuum
792 4979 812 5029 E
831 5005 857 5014 —
876 4980 917 5028 2⁰.
936 4983 981 5028 tuo
997 4978 1033 5027 V:
1058 4978 1103 5026 illu
1119 4979 1169 5028 CO
1186 5005 1213 5015 -
1233 4981 1274 5029 u.
1292 4981 1381 5042 aliquo
1396 4993 1449 5030 om.
1469 4980 1487 5028 Ρ
1504 5005 1531 5014 -
1549 4979 1590 5029 22.
1609 4981 1699 5030 misisse

379 5055 400 5107 E
419 5080 446 5090 -
464 5055 506 5106 ib.
524 5067 550 5104 ss
564 5055 678 5103 iuuentus
695 5054 716 5103 E
733 5053 813 5105 solus.
833 5081 861 5092 -
879 5055 920 5105 27.
939 5054 1009 5104 istuc
1025 5055 1046 5104 0
1065 5080 1092 5089 —
1109 5052 1250 5104 mosminse
1266 5055 1286 5104 E
1304 5055 1405 5117 (nonG)
1418 5079 1446 5091 ·-
1465 5058 1488 5105 44
1502 5055 1539 5103 v:
1557 5059 1633 5116 utque
1648 5056 1699 5105 Gt)

383 5157 411 5168 -
429 5130 470 5181 49.
489 5129 569 5179 omuis
585 5129 605 5178 G
624 5154 651 5165 —
670 5127 711 5178 ³0.
730 5129 773 5178 lito
789 5129 826 5179 V:
848 5131 874 5179 444
895 5130 937 5179 illo
955 5131 989 5188 C;
1015 5129 1048 5179 ct.
1067 5142 1093 5193 p.
1113 5129 1190 5192 44479,
1208 5131 1249 5180 it.
1271 5156 1298 5166 -
1316 5131 1358 5180 34.
1375 5130 1416 5180 4444
1432 5143 1483 5180 sos
1498 5130 1591 5180 oudsot
1605 5130 1640 5180 V:
1657 5131 1699 5180 4444

380 5217 432 5254 uon
447 5206 549 5255 4444444444
564 5204 603 5264 bl;
622 5217 673 5254 noo
687 5204 728 5255 4444
744 5206 846 5256 oudsrst
861 5206 992 5258 El'GPS
1006 5231 1034 5242 -·
1052 5205 1092 5259 33.
1106 5210 1164 5254 tuse
1180 5206 1285 5256 uiomC
1301 5231 1327 5242 -
1346 5205 1471 5271 absecto
1485 5205 1699 5270 mus-Jous

382 5281 463 5336 vis:
480 5281 523 5333 4444
539 5283 573 5344 G,
591 5281 638 5332 isos
653 5280 682 5331 Ε.
