4009 6159
397 580 460 649 972
819 588 970 656 ORATIO
992 589 1071 656 PRO
1094 591 1127 655 P.
1150 534 1291 654 snsrto

396 760 441 823 rei
470 760 531 842 ipsi
559 768 653 845 atque
681 759 804 823 absenti
833 758 958 823 senatui
987 759 1117 844 plausus
1145 765 1194 823 est
1214 759 1254 823 ab
1276 758 1434 823 universis
1455 758 1564 834 datus;
1595 757 1726 832 deinde,

396 873 468 917 cum
489 856 685 919 senatoribus
707 854 841 937 singulis
857 860 1032 937 spectatum
1046 874 1065 917 e
1080 861 1191 918 senatu
1205 854 1419 917 redeuntibus.
1454 854 1531 917 Cum
1546 874 1621 917 vero
1642 856 1726 937 ipse,

396 948 451 1032 qui
473 947 566 1013 ludos
587 949 730 1023 faciebat,
753 950 864 1013 oousnl
878 949 1013 1013 assedit:
1036 956 1155 1013 stantes
1169 949 1199 1012 ei
1218 948 1364 1011 manibus
1378 948 1482 1030 passis
1496 948 1612 1030 gratias
1625 967 1726 1030 agen·

395 1050 444 1106 tes
466 1051 497 1106 et
519 1044 715 1108 lacrimantes
737 1045 852 1127 gaudio
874 1063 963 1108 suam
986 1062 1061 1126 erga
1083 1064 1133 1106 me
1154 1042 1408 1107 benevolentiam
1422 1062 1459 1105 ao
1473 1042 1725 1107 misericordiam

370 1138 603 1203 lldeclararunt.
638 1141 680 1203 At
701 1160 771 1203 oum
793 1139 848 1201 ille
869 1138 1057 1202 furibundus
1077 1139 1206 1201 incitata
1228 1138 1283 1201 illa
1304 1158 1361 1203 sua
1377 1137 1525 1202 vaecordi
1549 1146 1653 1201 mente
1667 1158 1726 1201 ve·

394 1231 509 1306 nisset,
531 1233 585 1296 vir
607 1254 641 1297 se
664 1234 801 1318 populus
824 1234 983 1297 Romanus
1006 1234 1125 1308 tenuit;
1147 1233 1200 1295 vir
1221 1231 1367 1295 homines
1387 1231 1495 1295 odium
1511 1252 1603 1295 suum
1618 1251 1637 1294 a
1652 1252 1726 1295 cor-

393 1346 471 1409 pore
493 1328 563 1391 eius
585 1330 709 1413 impuro
731 1337 828 1413 atque
842 1328 972 1392 infando
987 1334 1221 1411 represserunt:
1244 1346 1340 1389 voces
1354 1325 1484 1411 quidem
1499 1333 1532 1389 et
1544 1325 1725 1409 palmarum

393 1422 533 1486 intentus
561 1430 593 1485 et
618 1422 855 1487 maledictorum
878 1422 1047 1486 clamorem
1069 1441 1179 1485 omnes
1200 1412 1419 1505 profuderunt
1464 1415 1534 1482 il8.
1558 1418 1622 1484 Sed
1644 1420 1725 1504 quid

394 1534 453 1598 ego
475 1516 586 1599 populi
608 1518 741 1580 Romani
762 1517 902 1580 animum
924 1516 1137 1599 virtutemque
1158 1534 1388 1589 commemoro,
1411 1514 1588 1579 libertatem
1603 1513 1665 1577 iam
1680 1534 1724 1577 ex

357 1614 384 1659 ⁴⁰
394 1607 543 1673 diuturna
564 1612 716 1675 servitute
739 1611 955 1695 dispicientia,
984 1612 1017 1673 in
1041 1630 1079 1673 eo
1100 1610 1246 1684 homine,
1274 1612 1324 1673 cui
1354 1617 1421 1672 tum
1442 1608 1563 1695 petenti
1584 1608 1647 1672 iam
1669 1628 1724 1672 ae-

394 1701 548 1767 dilitatem
578 1725 618 1769 ne
648 1706 818 1770 histriones
841 1705 970 1789 quidem
993 1724 1098 1768 eoram
1121 1704 1243 1768 sedenti
1265 1706 1515 1788 perperceruntt
1547 1705 1627 1767 Nam
1648 1724 1722 1766 oum

393 1803 540 1879 ageretur
554 1805 676 1883 togata,
700 1799 868 1875 Simulaus,
891 1807 927 1862 ut
943 1800 1072 1883 opinor,
1095 1806 1220 1862 caterva
1235 1806 1299 1863 tota
1313 1798 1489 1863 clarissima
1502 1797 1722 1871 oonoentione,

394 1890 427 1953 in
450 1910 504 1955 ore
526 1893 642 1977 impuri
664 1895 802 1959 bominis
824 1895 1010 1968 imminens,
1033 1895 1215 1957 contionata
1237 1901 1305 1957 este

1029 1988 1143 2063 «huie,
1166 1989 1255 2063 Tite,

356 2085 384 2133 ⁴5
427 2136 436 2157 ,
564 2092 619 2149 tua
639 2092 712 2170 post
732 2084 889 2168 principia
909 2092 1007 2168 atque
1029 2083 1134 2146 exitus
1155 2083 1289 2147 vitiosae
1310 2084 1433 2148 vitael»
1456 2115 1500 2129 -

395 2179 532 2243 Sedebat
552 2181 765 2255 exanimatum
787 2187 820 2243 et
840 2182 883 2254 is,
907 2181 963 2264 qni
985 2187 1078 2243 antea
1100 2186 1265 2242 cantorum
1286 2179 1431 2243 oonrioio
1451 2176 1617 2241 contiones
1640 2175 1723 2239 oele·

393 2275 484 2338 brare
507 2294 581 2337 suas
602 2274 737 2348 solebat,
760 2282 924 2338 cantorum
948 2274 1088 2356 ipsorum
1109 2273 1239 2336 vocibus
1260 2273 1454 2337 eiiciebatur.

478 2370 519 2431 Et
540 2368 691 2454 quoniam
713 2367 794 2431 lacta
818 2368 936 2431 mentio
961 2375 1010 2430 est
1030 2367 1192 2440 ludorum,
1215 2388 1254 2429 ne
1277 2367 1355 2431 illud
1375 2366 1503 2451 quidem
1525 2368 1723 2449 praetermit-

394 2469 471 2538 tam,
494 2462 527 2525 in
550 2482 663 2546 magna
684 2464 833 2527 varietate
855 2462 1084 2525 sententiarum
1107 2480 1278 2544 numquam
1300 2461 1402 2523 ullum
1423 2460 1521 2525 luisse
1544 2461 1665 2535 looum,
1687 2462 1722 2524 in

355 2572 457 2640 soquo
480 2557 600 2641 aliquid
622 2578 641 2621 a
667 2564 764 2640 poeta
787 2558 907 2621 dietum
928 2556 1040 2620 cadere
1062 2556 1096 2618 in
1118 2563 1244 2638 tempus
1265 2562 1408 2618 nostrum
1430 2556 1607 2628 rideretur,
1636 2554 1721 2638 quod

393 2656 447 2713 aut
468 2652 622 2734 populum
644 2653 826 2717 universum
847 2651 971 2735 lugeret
993 2658 1134 2713 autnon
1157 2651 1348 2731 exprimeret
1368 2650 1437 2734 ipse
1459 2657 1556 2712 actor.
1593 2644 1664 2710 tto.
1681 2649 1723 2711 Et

394 2764 513 2828 quaeso
542 2745 603 2810 hoo
631 2747 664 2809 iu
686 2746 774 2821 loco,
804 2746 944 2820 iudices,
971 2764 1013 2808 ne
1035 2765 1099 2829 qua
1121 2744 1249 2807 levitate
1271 2764 1321 2807 me
1344 2745 1473 2807 ductum
1495 2741 1536 2806 ad
1558 2742 1723 2806 insolitum

393 2858 493 2921 genus
522 2840 648 2904 dioendi
677 2840 740 2904 labi
770 2842 906 2923 putetis,
935 2841 962 2902 si
995 2839 1178 2922 depotitio,
1207 2840 1247 2902 de
1268 2838 1491 2911 histrionibus,
1522 2836 1561 2899 de
1582 2837 1665 2900 ludis
1686 2837 1722 2898 in

392 2931 511 2997 iudicio
533 2935 656 3019 loquar.
700 2936 779 2999 tvl.
800 2937 871 2998 Non
894 2956 963 2997 sum
978 2940 1043 2997 tam
1057 2935 1201 3016 ignarus,
1223 2932 1356 3007 iudices,
1375 2952 1556 3007 causarum,
1579 2950 1643 2994 uon
1657 2938 1721 2995 tam

355 3028 533 3093 noinsolens
564 3031 598 3093 in
629 3030 782 3105 diceudo,
811 3037 847 3093 ut
878 3032 964 3093 omni
994 3048 1035 3091 ex
1063 3048 1178 3111 genere
1200 3027 1375 3091 orationem
1397 3046 1537 3109 aucuper
1557 3033 1591 3088 et
1610 3045 1722 3089 omnes

392 3122 534 3207 undique
556 3125 703 3189 llosoulos
726 3145 852 3208 carpam
872 3130 967 3208 atque
983 3123 1131 3186 delibem.
1152 3112 1249 3197 (Soio,
1267 3121 1345 3205 quid
1360 3123 1497 3205 gravitas
1512 3128 1627 3196 vestra,
1642 3119 1721 3204 quid

391 3216 470 3280 baec
492 3216 673 3294 advocatio,
696 3220 774 3304 quid
797 3219 851 3282 ille
874 3225 1065 3293 conventus,
1088 3215 1167 3301 quid
1189 3216 1326 3299 dignitas
1348 3217 1380 3278 P.
1403 3215 1515 3288 Sestii,
1537 3215 1615 3299 quid
1636 3216 1722 3298 peri·

226 3319 303 3401 W
393 3312 456 3374 culi
478 3312 682 3395 magnitudo,
705 3312 782 3396 quid
805 3321 902 3387 aetas,
926 3312 1003 3395 quid
1023 3311 1126 3375 bonos
1141 3331 1230 3374 meus
1245 3292 1408 3397 poenitet.)
1432 3306 1586 3390 Sed(mibi
1600 3308 1720 3391 sumpsi

392 3406 545 3471 hocloco
569 3407 743 3471 doctrinam
768 3407 926 3491 quandam
951 3408 1125 3482 iuventuti,
1148 3407 1203 3490 qui
1226 3413 1333 3468 essent
1352 3406 1534 3487 optimates)
1561 3404 1597 3465 In
1613 3423 1651 3465 ea
1665 3422 1721 3466 ex·

217 3500 235 3551 t
260 3498 269 3519 ‘²
355 3502 539 3587 eoplioanda
561 3502 841 3565 demonstrandum
864 3510 999 3565 estnon
1023 3520 1093 3564 esse
1115 3495 1286 3583 populares
1309 3518 1420 3561 omnes
1442 3518 1508 3573 eos,
1530 3499 1586 3583 qui
1609 3505 1722 3581 puten-

392 3606 452 3658 tur.
498 3596 533 3658 ld
562 3595 711 3660 facillime
739 3615 934 3679 consequar,
964 3597 989 3658 si
1018 3596 1157 3657 universi
1179 3593 1291 3677 populi
1314 3592 1467 3655 iudicium
1489 3612 1599 3656 verum
1621 3601 1653 3656 et
1672 3593 1721 3655 in·

394 3698 574 3773 corruptum
598 3698 630 3753 et
651 3692 677 3754 si
699 3692 827 3755 intimos
850 3710 962 3753 sensus
985 3690 1120 3753 civitatis
1136 3707 1334 3771 expressero.
1368 3682 1439 3749 ⁴20.
1457 3685 1543 3762 Quid
1557 3686 1720 3760 initillud,

396 3890 642 3901 -—-·-·-—--·----—·
658 3890 699 3896 -..
718 3888 1051 3898 .---·-.-..-.-.---.0--.--—

389 4028 473 4092 primo
490 4030 510 4077 P
527 4026 768 4090 correxerimus·
785 4028 796 4075 4
812 4038 860 4087 m.,
878 4028 908 4077 ut
923 4024 1038 4077 videtur.
1058 4025 1178 4088 (primun
1193 4023 1281 4075 emto
1297 4022 1367 4073 ooni.
1386 4022 1456 4072 Bake
1473 4035 1500 4086 p.
1520 4022 1588 4085 tlt.)
1607 4050 1634 4061 -
1660 4037 1721 4075 ooa-

392 4103 456 4153 nutto
471 4103 510 4153 ret
524 4102 572 4165 ipat
589 4102 711 4153 Garatoni
729 4103 756 4152 et
772 4100 892 4152 Dobree:
920 4102 1093 4167 consoratpst
1110 4102 1130 4151 P
1147 4100 1240 4162 (littera
1258 4100 1268 4147 i
1284 4100 1345 4149 ante
1362 4098 1410 4161 ipsi
1426 4097 1526 4159 erasa);
1551 4099 1663 4150 oomuo
1678 4114 1723 4151 ore

392 4179 439 4241 ipsi
456 4178 506 4228 GO
524 4177 581 4239 (sed
598 4177 632 4227 0:
651 4181 669 4241 †
685 4177 736 4241 ore)
757 4203 783 4213 -
803 4177 827 4227 3.
846 4178 1007 4227 ossedttantes
1024 4179 1044 4226 G
1060 4204 1093 4213 -
1109 4176 1132 4225 et
1148 4177 1182 4226 P:
1204 4181 1227 4224 et
1244 4174 1303 4224 G0.
1328 4173 1367 4224 Cl.
1386 4174 1475 4224 Herm.
1495 4186 1521 4237 p.
1539 4175 1564 4225 9.
1590 4176 1719 4227 Weseub.

391 4259 415 4303 ot
431 4250 548 4318 praefert
563 4252 711 4316 explicans:
733 4252 767 4302 ita
784 4252 882 4315 gratias
899 4255 1023 4317 agentes,
1041 4255 1071 4303 ut
1087 4254 1188 4304 starent
1204 4254 1234 4302 et
1249 4263 1345 4301 manus
1363 4249 1524 4314 pendissent.
1545 4276 1573 4286 -
1591 4249 1616 4301 t.
1634 4250 1721 4300 toene

391 4334 486 4380 meotes
503 4331 522 4379 P
541 4354 567 4365 -
587 4326 776 4377 bentootemtom
794 4328 812 4376 Ρ
828 4354 861 4363 -
877 4328 901 4377 5.
921 4328 955 4377 ad
973 4329 1001 4377 Ρι
1021 4356 1048 4364 -
1071 4328 1177 4376 molesta
1193 4339 1246 4376 om.
1266 4328 1301 4385 G;
1322 4326 1441 4375 incitatus
1456 4325 1524 4375 coni.
1543 4327 1634 4376 neseio
1651 4326 1719 4389 quis.

393 4402 508 4453 abluitur
525 4401 632 4453 Clodius
650 4401 684 4451 ad
702 4399 778 4452 ludos
795 4402 900 4453 venisse
917 4402 1082 4467 witmundus:
1102 4404 1171 4451 our?
1188 4400 1306 4465 eoquod
1322 4413 1408 4450 oeoors
1423 4399 1559 4461 ittam,
1578 4412 1647 4463 qnae
1659 4413 1720 4451 esse

338 4464 352 4481 ⁴
391 4492 487 4541 semper
498 4476 610 4538 solebat,
622 4482 674 4527 tum
688 4477 777 4527 audito
795 4476 836 4528 illo
848 4480 874 4527 S.
889 4479 917 4529 C.
932 4479 1037 4528 incitata
1050 4480 1108 4528 erat
1118 4479 1198 4540 atoue
1209 4476 1373 4527 emerentiana
1382 4477 1549 4541 inflammato.
1567 4476 1606 4527 Gi.
1618 4475 1719 4527 acano.

392 4554 428 4615 11,
444 4553 521 4618 589:
538 4554 654 4605 Atomeeo
671 4558 742 4615 turo,
761 4554 804 4615 qui
819 4560 894 4617 nepot
910 4554 1016 4604 corriti
1032 4566 1090 4603 essm
1105 4553 1183 4603 oeadis
1198 4552 1347 4612 emmelim,
1365 4564 1447 4602 ooaoe
1461 4551 1663 4602 momentote
1678 4552 1722 4614 [ιι-

391 4642 465 4679 rore:
484 4630 551 4680 Unde
566 4630 627 4681 bueo
641 4632 746 4695 flamoso
757 4628 879 4679 oritus-P·
897 4631 1057 4680 Wusernnao
1073 4642 1100 4693 p.
1114 4630 1155 4679 tt.
1167 4656 1201 4665 -
1216 4629 1336 4678 oaoeordt
1347 4630 1380 4678 P:
1399 4626 1564 4678 oeoordtO-
1583 4625 1608 4675 6.
1621 4625 1722 4676 toutm

392 4701 505 4756 P¹G¹-
524 4706 694 4768 7.tnpur01>
713 4731 740 4740 —
759 4706 866 4769 nefando
884 4706 901 4755 S
921 4730 948 4741 ·-
968 4705 992 4755 8.
1012 4706 1181 4755 omnunG-
1201 4705 1241 4754 40.
1260 4704 1409 4766 septumo
1424 4701 1495 4753 PG¹t
1513 4702 1718 4765 temtamina&

391 4781 544 4844 respicientis
559 4780 607 4831 ho
626 4806 652 4816 ·-
679 4781 719 4830 tt.
738 4782 892 4831 contemtoris
908 4783 928 4829 G
947 4808 974 4816 -
998 4780 1038 4829 t3.
1057 4781 1083 4829 in
1100 4794 1128 4829 os
1144 4777 1194 4842 (rel
1212 4780 1258 4839 ors]
1283 4778 1445 4829 Scbuetzius.
1465 4804 1493 4815 -
1516 4777 1602 4839 inpari
1616 4776 1721 4826 bominis

390 4857 514 4907 inminens
528 4858 694 4907 eootioaotost
710 4856 729 4906 P
748 4880 775 4890 -
795 4853 835 4906 tl.
855 4854 925 4914 tulo,
946 4854 1007 4915 Tite,
1025 4859 1071 4903 tuo
1087 4867 1149 4904 nos:
1171 4854 1228 4903 bute
1244 4855 1287 4904 tite
1303 4858 1348 4903 too
1365 4856 1411 4904 PG
1431 4852 1488 4915 (sed
1505 4854 1526 4903 G
1541 4852 1621 4914 etuo);
1645 4851 1721 4900 «hdo

391 4933 459 4983 vitae
475 4936 549 4982 tuoe»
568 4936 591 4982 et
607 4930 654 4980 d0
673 4954 700 4965 -
719 4931 760 4980 45.
776 4930 958 4993 postprtnotpta
975 4929 1036 4981 edd.
1051 4957 1078 4966 -
1099 4929 1140 4979 46.
1158 4934 1182 4979 et
1197 4930 1234 4979 tis
1251 4929 1279 4979 P¹
1293 4954 1320 4965 ·-
1339 4930 1449 4980 οοιιιιίιᾰο
1467 4930 1486 4979 Ρ
1503 4954 1530 4964 -
1550 4928 1591 4978 48.
1608 4928 1722 4978 mordeat

393 5010 458 5058 P—
476 5005 701 5063 oebd:stPG;
720 5005 753 5057 cl.
771 5020 827 5057 var.
847 5005 906 5057 leet.
926 5004 1003 5069 adp.
1023 5004 1084 5063 932,
1103 5005 1186 5054 ιι-
1206 5004 1247 5053 ΞΟ.
1265 5004 1430 5066 usumse-
1450 5004 1556 5053 suam
1569 5016 1620 5052 aon
1636 5002 1721 5064 eapti-

392 5086 469 5133 meret
485 5082 505 5131 P
522 5094 580 5145 sup.
600 5080 645 5131 lin.
664 5079 746 5131 babet
763 5092 799 5131 m.
817 5082 846 5141 2,
865 5080 913 5131 sed
931 5082 1032 5131 vetere.
1047 5104 1073 5115 -
1092 5084 1183 5128 uuowr
1199 5078 1255 5137 (litt.
1266 5092 1286 5128 u
1302 5079 1441 5144 expuncta)
1456 5081 1518 5128 G-
1536 5078 1569 5127 Et
1584 5088 1721 5139 quaeso·-

390 5156 481 5219 putetts
497 5154 578 5205 habet
594 5158 614 5206 Α
630 5182 658 5193 -
677 5156 718 5207 22.
736 5157 781 5205 boc
797 5156 824 5205 tn
840 5156 893 5206 loeo
910 5158 944 5205 A:
963 5155 990 5204 iu
1007 5166 1061 5204 om.
1080 5155 1128 5204 PG
1138 5155 1173 5214 03
1192 5153 1225 5203 ot.
1244 5154 1406 5216 Seyffertum
1422 5168 1450 5219 p.
1462 5152 1503 5204 43.
1517 5178 1545 5188 -
1564 5152 1666 5202 numu
1680 5163 1720 5201 me

394 5231 760 5282 semmouvoauao-
780 5230 930 5281 anime:
952 5230 1072 5280 ttttP-
1098 5228 1164 5279 eutii
1184 5228 1364 5290 aqde-
1389 5230 1518 5281 samen
1538 5254 1566 5264 -
1588 5227 1720 5290 deopta-

392 5308 549 5359 motesP-
573 5306 613 5359 30.
631 5305 871 5359 ammonendum
887 5307 906 5357 P
925 5330 951 5343 ·-
968 5304 1269 5371 mmeramme.
