4009 6159
251 3123 259 3144 4

210 3146 269 3204 0ss

387 473 450 543 ato
662 477 814 544 ORATIO
838 477 921 543 CUM
942 474 1116 542 SENATUI
1137 474 1309 541 GRATIAS
1329 475 1426 540 EGIT

388 673 439 717 me
457 651 579 718 nefarie
593 649 762 716 commissa
774 654 948 733 praetereo.
982 648 1052 711 Non
1067 655 1117 711 est
1131 647 1193 712 mei
1208 646 1359 731 temporis
1373 646 1505 712 iniurias
1520 649 1713 725 meminisse,

388 766 467 830 quas
489 765 549 828 ego
571 745 666 808 etiam
688 743 715 806 si
736 742 845 806 ulcisci
866 762 1010 824 possem,
1034 751 1139 805 umen
1162 740 1308 804 oblivisci
1330 740 1474 804 mallem:
1496 743 1559 808 alio
1580 744 1715 808 transfe-

387 839 488 903 renda
509 859 579 904 mse
600 845 664 902 tota
685 838 749 900 vita
771 845 832 909 est,
861 843 897 899 ut
918 835 1000 899 beno
1024 834 1063 898 de
1085 856 1136 898 mc
1157 834 1278 898 meritis
1301 836 1436 899 referam
1458 837 1606 918 gratiam,
1635 839 1716 902 ami·

388 934 475 997 citias
497 932 563 1015 igni
584 938 765 1016 perspectas
786 938 891 1005 tuear,
914 949 985 993 cum
1008 930 1126 1013 apertis
1148 928 1292 994 hostibus
1314 930 1432 993 bellum
1454 949 1572 1012 geram,
1594 931 1715 996 timidis

364 1026 495 1090 caminis
524 1025 700 1106 ignoscam,
732 1024 909 1110 proditores
942 1043 1008 1087 non
1038 1023 1192 1098 indicem,
1226 1024 1368 1088 dolorem
1397 1024 1603 1108 profectionis
1624 1045 1716 1090 meae

388 1120 508 1184 reditus
531 1119 682 1203 dignitate
704 1119 860 1182 consoler.
897 1115 947 1181 al.
971 1116 1067 1192 Quod
1090 1117 1117 1180 si
1140 1116 1218 1180 mihi
1236 1117 1358 1180 nullum
1373 1115 1458 1182 aliud
1474 1127 1559 1182 esset
1572 1119 1716 1184 officium

388 1217 421 1278 in
444 1215 529 1277 omui
552 1215 616 1277 vita
637 1214 812 1296 reliquum,
844 1213 904 1276 nisi
927 1221 961 1276 ut
983 1231 1058 1294 erga
1080 1210 1176 1275 ducas
1198 1214 1285 1293 ipsos
1307 1220 1340 1275 et
1360 1213 1519 1296 principes
1541 1222 1637 1298 atque
1659 1234 1717 1277 au-

388 1317 488 1373 ctores
511 1307 623 1371 salutis
644 1325 734 1370 meae
757 1306 833 1370 satis
856 1313 963 1387 gratus
985 1305 1159 1381 iudicarer,
1182 1315 1287 1369 umen
1309 1308 1459 1389 exiguum
1474 1307 1616 1392 reliquae
1630 1309 1716 1372 vitae

388 1412 510 1486 tempus
532 1421 596 1465 non
618 1401 714 1464 modo
736 1399 777 1464 ad
799 1398 1008 1472 referendam,
1032 1419 1141 1462 verum
1157 1399 1308 1463 etiamad
1323 1403 1629 1467 commemorandam
1645 1423 1717 1486 gra·

350 1498 463 1560 notiam
491 1494 569 1559 mihi
597 1495 741 1558 relictum
763 1501 917 1577 putarem.
944 1479 1096 1570 (Quando
1120 1493 1205 1575 enim
1228 1515 1287 1576 ego
1310 1494 1386 1558 huic
1406 1495 1528 1559 homini
1549 1515 1586 1559 ac
1608 1497 1715 1560 liberis

388 1590 470 1665 sius,
494 1589 621 1672 quando
643 1609 753 1654 omnes
773 1590 836 1652 mei
858 1591 988 1670 gratiam
1010 1586 1282 1682 referenttjquae
1303 1591 1471 1667 memoria,
1493 1611 1576 1675 quae
1598 1593 1646 1656 vis
1666 1593 1716 1654 in·

387 1687 487 1768 genii,
515 1703 598 1771 quae
627 1682 810 1765 magnitudo
840 1683 1060 1748 observantiae
1088 1691 1135 1747 tot
1155 1684 1317 1769 tantisque
1338 1683 1502 1749 beneficiis
1522 1686 1716 1769 respondere
1797 1760 1800 1764 A

386 1781 529 1864 poteritv
552 1779 608 1863 qui
638 1777 714 1840 mihi
743 1778 862 1862 primus
884 1773 1003 1840 afllicto
1027 1784 1059 1839 et
1081 1777 1198 1841 iacenti
1219 1778 1417 1842 consularem
1439 1775 1535 1842 fidem
1557 1778 1717 1844 dextram·

389 1863 634 1959 qudporraxit:
663 1872 720 1956 qui
749 1890 799 1932 mc
828 1890 847 1934 a
868 1876 969 1934 morte
991 1870 1168 1945 advitam,
1196 1891 1215 1934 a
1237 1872 1457 1956 desperatione
1478 1871 1519 1936 ad
1540 1891 1648 1956 apem,
1675 1875 1717 1937 ab

351 1968 486 2033 «teritio
508 1967 547 2031 ad
570 1967 702 2030 salutem
717 1967 855 2030 vocavit:
879 1965 933 2047 qui
956 1971 1043 2026 tanto
1066 1984 1173 2028 amore
1195 1967 1229 2028 in
1250 1986 1317 2040 me,
1340 1966 1448 2030 studio
1471 1967 1504 2030 in
1523 1986 1591 2030 rem
1612 1969 1717 2051 publi·

388 2083 457 2126 cam
477 2059 554 2137 fuit,
576 2069 612 2124 ut
632 2063 844 2145 excogitaret,
866 2079 962 2144 quem
985 2059 1024 2121 ad
1047 2059 1176 2122 modum
1198 2060 1407 2124 calamitatem
1425 2080 1526 2124 meam
1542 2081 1606 2124 non
1621 2063 1717 2125 modo

388 2156 522 2230 levaret,
545 2154 601 2218 sed
624 2156 719 2219 etiam
740 2155 932 2218 honestaret.
967 2152 1054 2228 Quid
1075 2154 1160 2216 euim
1183 2151 1451 2237 magnificentius,
1477 2154 1557 2238 quid
1577 2156 1719 2238 praecla-

389 2251 455 2313 rius
477 2249 556 2312 mihi
577 2248 721 2312 accidere
741 2247 860 2331 potuit,
890 2267 985 2330 quam
1008 2247 1094 2330 quod
1122 2246 1178 2309 illo
1199 2247 1355 2311 referente
1376 2268 1433 2311 vos
1454 2248 1654 2322 decrevistis,
1681 2257 1718 2312 ut

390 2343 495 2407 cuncti
518 2362 559 2405 ex
580 2345 666 2406 omni
687 2343 797 2417 Italia,
827 2342 881 2427 qui
904 2362 971 2405 rem
993 2340 1152 2423 publicam
1174 2341 1293 2405 salvam
1314 2342 1452 2417 vellent,
1473 2341 1513 2405 ad
1536 2361 1586 2405 me
1607 2363 1718 2417 unum

353 2436 552 2518 inhominem
573 2436 707 2502 fractum
729 2443 761 2499 et
781 2456 879 2520 prope
901 2433 1103 2518 dissipatum,
1126 2436 1355 2498 restituendum
1371 2444 1402 2499 et
1416 2435 1649 2500 defendendum
1665 2457 1719 2501 ve·

392 2533 519 2596 uirenti
541 2539 592 2606 ut,
616 2553 681 2614 qua
702 2551 779 2595 voce
802 2540 851 2594 ter
871 2531 1002 2593 omnino
1025 2537 1099 2612 post
1120 2530 1251 2592 Romam
1268 2528 1427 2593 conditam
1442 2529 1553 2593 consul
1575 2551 1653 2595 usus
1669 2551 1719 2595 es-

392 2635 441 2690 set
464 2646 523 2708 pro
551 2625 699 2691 universa
720 2647 754 2689 re
780 2624 908 2709 publica
929 2623 1013 2706 apud
1036 2642 1092 2686 eos
1114 2623 1236 2696 solum,
1265 2623 1320 2706 qui
1343 2624 1412 2686 eius
1435 2643 1544 2686 vocem
1567 2625 1718 2689 exaudire

391 2727 538 2803 possent,
560 2721 672 2784 eadem
695 2739 773 2783 voce
796 2726 923 2783 senatus
939 2737 1050 2781 omnes
1065 2739 1107 2781 ex
1121 2717 1268 2781 omnibus
1283 2716 1368 2799 agris
1381 2725 1477 2800 atque
1492 2719 1618 2801 oppidis
1633 2720 1719 2784 cives

391 2821 554 2898 totamque
576 2813 699 2877 ltaliam
721 2812 760 2876 ad
782 2813 875 2876 unius
897 2811 1030 2875 salutem
1052 2811 1282 2875 defendendam
1304 2811 1468 2874 excitaret.
1502 2813 1543 2874 X.
1565 2810 1617 2875 25.
1632 2813 1718 2889 Quid

354 2920 383 2968 44
393 2913 452 2990 ego
470 2906 640 2990 gloriosius
654 2908 734 2971 meis
748 2907 882 2991 posteris
897 2905 988 2988 potui
1004 2906 1182 2988 relinquere
1198 2924 1293 2988 quam
1307 2905 1378 2979 hoc,
1394 2913 1537 2970 sanatum
1551 2905 1718 2983 iudicasse,

393 3002 449 3087 qui
472 3002 549 3066 civis
572 3021 622 3065 me
644 3022 709 3066 non
732 2999 942 3075 defendisset,
967 3019 1038 3064 eum
1061 3020 1126 3064 rem
1148 2999 1307 3082 publicam
1329 2999 1447 3065 salvam
1468 2998 1720 3086 noluisset(lta·

393 3117 456 3181 que
478 3103 600 3162 tantum
621 3103 726 3164 vestra
747 3095 937 3170 auctoritas,
959 3103 1080 3160 tantum
1101 3093 1218 3158 eximia
1240 3093 1380 3158 consulis
1395 3094 1532 3178 dignitas
1551 3094 1662 3182 valuit,
1684 3081 1738 3182 ut)

460 3458 482 3506 4.
498 3461 633 3520 procures
649 3454 669 3505 E
688 3481 714 3490 -
734 3455 759 3506 2.
779 3455 853 3505 etiarn
871 3467 925 3505 om.
945 3457 964 3504 G
983 3481 1010 3490 -
1030 3455 1201 3518 nnnsterendo
1217 3453 1264 3504 ΕΡ
1282 3480 1309 3488 -
1330 3453 1353 3502 3.
1373 3458 1426 3503 tota
1441 3467 1497 3503 men
1514 3455 1534 3502 G
1553 3480 1578 3489 -
1597 3455 1720 3505 4444444444

394 3560 431 3571 --
443 3538 517 3583 tneor
533 3545 586 3581 om.
607 3532 668 3590 GS,
687 3531 766 3594 legg.
780 3532 887 3595 praeter
903 3531 934 3582 40
951 3531 978 3579 et
994 3530 1035 3588 44,
1054 3527 1105 3579 elii.
1122 3557 1148 3566 —
1168 3529 1192 3581 l.
1210 3529 1264 3593 ipni
1280 3531 1312 3578 P:
1331 3529 1405 3592 digne
1420 3529 1440 3578 E
1458 3531 1484 3578 et
1501 3527 1554 3579 Pal.
1567 3529 1614 3589 1x3
1632 3531 1721 3595 dignus

396 3609 429 3665 P;
447 3609 505 3672 ipne
521 3607 541 3655 0
559 3608 586 3655 et
602 3607 664 3667 Lag.
685 3604 723 3654 lo.
742 3606 785 3655 il.
805 3606 926 3666 4444444444
941 3605 1010 3668 segni
1026 3606 1046 3653 P
1063 3617 1131 3654 corr.
1144 3617 1181 3654 m.
1194 3606 1229 3668 2.)
1256 3603 1295 3654 Cf.
1315 3603 1348 3654 de
1361 3604 1433 3654 Offlc.
1447 3605 1481 3664 44,
1500 3603 1575 3668 53⁸²
1594 3605 1721 3670 iancipti

394 3687 530 3746 spectatam
553 3680 720 3730 arbitrantur.
742 3707 770 3716 -
792 3685 934 3743 perspectas
954 3679 1017 3729 EF:
1041 3684 1170 3741 perspecta
1192 3681 1210 3728 P
1232 3692 1300 3730 corr.
1320 3681 1347 3729 in
1365 3685 1504 3742 perspecto.
1524 3706 1551 3715 -
1570 3685 1643 3731 tuear
1658 3681 1719 3732 EF:

394 3763 452 3808 tuen
469 3759 488 3807 Ρ
505 3767 546 3820 pr.
565 3767 618 3815 m.;
643 3759 701 3804 tanc
723 3757 742 3805 P
766 3767 835 3805 corr.
856 3781 882 3790 —
909 3759 982 3820 perot
1003 3755 1023 3803 P
1048 3766 1089 3819 pr.
1108 3768 1144 3804 m.
1165 3781 1193 3790 -
1219 3756 1243 3803 5.
1258 3753 1575 3818 proditores--consoierl
1592 3755 1631 3805 slc
1647 3757 1721 3807 PES

394 3830 448 3884 Pel.
467 3831 499 3882 lx
523 3830 580 3894 (sed
601 3832 621 3880 P
643 3831 750 3880 (44444444
771 3833 797 3880 et
821 3830 965 3893 consolerel:
990 3829 1161 3891 proditoribus
1178 3830 1239 3880 rnsir
1253 3843 1304 3879 non
1319 3831 1425 3879 44444444
1441 3830 1550 3880 4444444
1562 3830 1723 3894 profectionis

393 3921 476 3968 meae,
501 3907 637 3970 defensores
657 3906 752 3956 reditur
773 3906 895 3970 dipnttcte
914 3904 1026 3955 consoler
1042 3906 1092 3955 GO
1110 3905 1165 3967 (sed
1184 3907 1205 3955 G
1222 3918 1261 3970 pr.
1281 3917 1317 3954 m.
1335 3905 1464 3968 comior).
1490 3907 1520 3955 In
1541 3908 1561 3956 P
1577 3909 1638 3971 post
1652 3921 1723 3959 rnene

395 3991 529 4046 superscr.
555 3981 596 4032 est
616 3993 652 4030 m.
670 3981 694 4030 2.
712 3995 730 4030 n
752 3983 808 4044 (pro
830 3977 876 4044 rii)
902 3981 929 4030 et
952 3979 1049 4030 deinde
1066 3981 1207 4030 conastmr
1223 3981 1354 4030 mutatum
1371 3984 1420 4031 est.
1440 4007 1468 4016 -
1495 3981 1519 4032 6.
1538 3983 1604 4044 quod
1622 3982 1682 4033 44444
1701 3985 1723 4033 ri

394 4057 491 4106 nulium
507 4059 566 4104 arsat
581 4054 652 4104 aliud
669 4056 688 4105 E
708 4081 734 4091 ·-
759 4056 783 4104 7.
803 4057 934 4105 actoresP
954 4082 980 4091 -
1005 4054 1029 4105 8.
1046 4057 1173 4117 reliquam
1192 4056 1259 4105 sitne
1275 4060 1370 4117 tnnpnr
1386 4056 1433 4106 EF
1451 4081 1478 4091 -
1504 4056 1528 4105 9.
1547 4057 1581 4106 od
1595 4045 1724 4120 formidem

396 4133 430 4186 E;
449 4131 603 4193 afferendam
619 4129 637 4180 F
651 4155 678 4164 ψ
698 4129 738 4180 43.
757 4131 857 4194 adflicto
875 4133 893 4180 P
907 4155 933 4166 -
953 4132 1119 4193 dextramque
1135 4131 1205 4181 mei:
1224 4131 1400 4193 dsmtercrnqnn
1417 4132 1437 4181 0
1451 4157 1478 4166 -
1497 4133 1538 4182 44.
1553 4135 1651 4183 oocoeit
1667 4135 1722 4195 PS,

396 4208 457 4269 Lag.
471 4207 495 4255 4.
508 4205 532 4255 3.
546 4204 575 4255 8:
593 4205 720 4254 revocavit
736 4202 791 4254 rell.
812 4205 831 4255 0
850 4231 877 4240 —
897 4205 941 4265 cci
957 4210 1027 4255 tanto
1045 4209 1064 4258 P
1078 4218 1146 4256 corr.
1160 4219 1196 4255 m.
1210 4207 1225 4256 4
1243 4205 1301 4268 (sed
1312 4207 1411 4269 vetere)
1430 4219 1463 4256 ex
1480 4207 1523 4269 qni
1538 4213 1611 4269 onte;
1630 4215 1724 4271 quanto

397 4283 442 4332 GS
460 4280 554 4342 (quiin
570 4293 609 4330 me
625 4281 1722 4345 444444444441)-4444446-48.4444444444Ι4“;44444Ρ;4444444680,

397 4359 473 4422 lagg.
492 4367 595 4407 omnes,
617 4382 644 4393 -
663 4356 792 4406 4444444444
807 4358 827 4406 Ρ
847 4383 874 4392 -
893 4357 933 4406 40.
951 4359 1110 4407 restcerrdron
1125 4359 1146 4406 P
1163 4370 1203 4420 pr.
1220 4371 1257 4408 m.
1282 4384 1308 4393 -
1328 4362 1351 4407 et
1366 4357 1542 4421 defendendas
1559 4371 1612 4409 om.
1628 4359 1675 4410 EF
1694 4387 1721 4396 -

395 4433 437 4483 2⁴.
450 4433 485 4497 ot]
504 4431 599 4482 etE-
619 4430 1722 4494 nromntnoEF,Pel.1x:monmtnorcneronoiosnsndonntnonamn.

397 4507 484 4570 (Legg.
498 4519 591 4556 omnes
608 4505 635 4555 h.
649 4505 666 4557 l.
679 4507 765 4558 vitiosi
784 4508 866 4568 sunt.)
880 4533 907 4542 -
925 4521 986 4558 arur
1002 4514 1062 4558 esset
1078 4509 1134 4558 Set
1149 4509 1169 4557 P
1187 4520 1272 4558 corr:
1289 4509 1359 4558 44444
1374 4513 1434 4558 eant
1452 4509 1514 4568 EP3
1532 4521 1597 4558 anns
1612 4513 1672 4558 44444
1687 4509 1722 4565 G:

395 4582 464 4632 44444
480 4587 514 4631 est
530 4587 554 4632 et
569 4585 589 4632 P
605 4595 646 4646 pr.
666 4594 702 4632 m.
724 4609 751 4620 -
777 4582 818 4632 ii.
838 4588 900 4645 opat
916 4583 936 4633 E
954 4610 981 4620 -
1006 4583 1048 4632 23.
1066 4583 1146 4632 omnis
1160 4596 1194 4633 ac
1210 4583 1322 4633 onrnidnn
1337 4584 1398 4634 EF:
1425 4596 1509 4634 ornnes
1524 4597 1623 4635 enom.
1643 4583 1722 4635 codd.

396 4655 534 4708 relicto.
553 4657 606 4706 «Ex
618 4657 676 4708 cod.
690 4656 756 4706 Pith.
771 4655 924 4708 addendum
942 4659 998 4708 est:
1017 4671 1100 4708 444444
1116 4671 1157 4709 ec.
1184 4659 1214 4710 Ut
1231 4659 1351 4710 omittam
1363 4660 1520 4712 Ciceronem
1537 4673 1590 4711 non
1605 4660 1659 4710 ioco
1674 4660 1725 4710 cii-

397 4746 445 4795 qco
463 4732 588 4792 excitare,
606 4731 655 4782 sed
667 4745 699 4781 44
716 4733 769 4782 ioco
786 4731 890 4792 dicere,
910 4732 952 4784 vel
970 4730 1133 4782 declamator
1143 4731 1238 4796 aliquis
1254 4732 1370 4785 absurde
1382 4734 1498 4786 diceret:
1516 4748 1550 4785 44
1565 4736 1635 4799 apris
1650 4740 1726 4797 nique

396 4807 492 4870 oppidis
508 4811 586 4858 totam
601 4807 702 4857 ltaliam
718 4808 793 4858 escit.
816 4802 936 4871 Denique
954 4807 987 4857 cf.
1001 4807 1035 4858 de
1047 4805 1144 4858 eedem
1160 4819 1199 4867 re,
1218 4807 1291 4871 quod
1307 4807 1458 4872 praecedit:
1474 4823 1519 4860 cos
1533 4811 1680 4870 4444444444,
1696 4815 1726 4860 nt

396 4883 478 4932 cnncti
489 4882 853 4934 econmiltaiionoenirent
871 4886 897 4934 et
913 4897 939 4948 p.
953 4885 1038 4934 Sestio
1051 4883 1065 4946 ἓ
1080 4882 1141 4934 448ε
1159 4887 1188 4931 ot
1203 4882 1485 4947 medicaminibus,
1501 4892 1635 4938 44444444
1649 4885 1725 4936 liciis

373 4961 376 4966 '
397 4971 527 5009 omnes„
538 4963 742 5009 convocarentur.
769 4960 861 5022 Neque
878 4961 986 5020 mirum,
1005 4959 1028 5008 si
1045 4971 1127 5007 omnes
1143 4970 1176 5007 ec
1192 4960 1253 5008 ente
1265 4958 1377 5008 44444444
1387 4960 1510 5011 excidit»
1521 4964 1680 5014 lvsssnnsac
1696 4962 1724 5010 iu

396 5034 538 5084 Emended.
559 5033 653 5084 444444.
670 5035 719 5096 144,
738 5047 763 5097 p.
778 5034 817 5084 48.
832 5058 860 5072 -
878 5035 941 5086 cinis
957 5034 1050 5091 PGE;
1071 5033 1134 5082 uicis
1150 5031 1215 5082 cicer
1230 5035 1262 5093 s;
1279 5034 1342 5082 uicis
1357 5032 1456 5097 aliquot
1470 5037 1565 5100 lagg,
1582 5035 1645 5086 hinc
1660 5036 1686 5086 in
1704 5035 1723 5086 L

398 5111 425 5159 et
441 5105 572 5158 nonnullis
589 5106 662 5159 editt.
681 5109 751 5172 apris
766 5108 828 5158 uicis
843 5113 918 5170 cique
934 5109 1042 5172 oppidis,
1060 5107 1094 5158 de
1112 5120 1165 5171 qua
1182 5105 1242 5158 leet.
1261 5122 1286 5159 v.
1305 5107 1416 5172 iladvig.
1435 5110 1469 5162 de
1486 5112 1559 5162 Finn.
1576 5123 1604 5176 p.
1619 5111 1678 5160 474.
1692 5136 1720 5146 -

396 5181 437 5235 tl.
456 5183 673 5250 4444444946-
691 5183 732 5234 44.
750 5183 949 5248 iocliancEl'
967 5209 994 5220 -
1014 5183 1270 5239 atcnndcndri.
1291 5210 1317 5222 -
1336 5185 1669 5239 conniudtrstntooiuitP.
