4009 6159
414 566 496 636 laea
854 577 1007 642 ORATIO
1026 578 1251 645 PHILIPPICA
1270 582 1295 644 I.

415 743 654 828 diligentissime
676 753 814 820 caveret,
837 765 900 809 44444
922 747 962 810 ad
984 749 1256 814 conservationem
1270 770 1380 816 carum
1401 771 1520 828 rernm,
1545 773 1625 838 quas
1639 755 1740 819 babe-

414 839 505 912 bant,
534 839 591 904 sed
612 839 652 903 ad
674 857 762 922 spem
785 858 937 904 novarum
958 841 1144 924 praedarum
1165 843 1386 908 incitabantur.
1422 846 1512 922 Quae
1532 867 1604 911 curn
1626 848 1740 914 audire

413 932 539 996 mallem
561 951 658 1017 quam
678 931 804 1010 ridere,
824 934 1039 1019 haberemque
1060 935 1109 999 ius
1130 936 1297 1020 legationis
1318 939 1462 1016 liberam,
1485 961 1524 1005 ea
1544 950 1650 1006 mente
1671 943 1742 1006 dis-

214 1065 281 1170 Ει
390 1026 510 1183 ,effi
527 1034 566 1184 pt
587 1025 733 1091 adessem
754 1026 905 1092 Kalendis
928 1028 1099 1105 Ianuariis,
1119 1031 1204 1125 qued
1224 1031 1349 1097 initium
1368 1039 1495 1098 senatus
1517 1035 1651 1120 cogendi
1665 1036 1741 1103 iore

413 1137 442 1180 44
507 1141 587 1184 aur.

498 1214 552 1277 lll.
574 1211 605 1278 7.
627 1216 784 1300 Exposui,
811 1224 918 1300 patres
939 1217 1129 1301 conscripti,
1149 1218 1356 1302 profectionis
1377 1220 1560 1284 consilium:
1582 1243 1668 1286 nunc
1687 1243 1742 1287 re·

412 1307 589 1382 versionis,
619 1328 701 1392 quac
723 1310 795 1393 plns
817 1310 1034 1374 admirationis
1053 1311 1164 1387 babet,
1190 1313 1327 1377 breviter
1347 1334 1514 1397 exponam.
1536 1315 1615 1380 Cum
1635 1319 1742 1381 Brun-

413 1399 528 1465 disium
550 1403 672 1486 iterque
693 1403 782 1478 illud,
804 1401 890 1487 qnod
912 1404 1017 1469 tritum
1039 1405 1072 1467 in
1091 1405 1255 1470 Graeciam
1276 1415 1341 1481 est,
1363 1427 1429 1470 uon
1450 1407 1519 1471 sine
1540 1430 1636 1474 causa
1655 1414 1741 1477 rita·

412 1495 545 1570 visson,
568 1495 719 1560 Kalendis
740 1496 912 1562 Sextilibus
928 1497 1000 1560 veni
1015 1499 1197 1583 Syracusas,
1219 1499 1307 1584 qucd
1327 1501 1369 1563 ab
1382 1520 1420 1563 ee
1440 1502 1518 1567 urbe
1539 1505 1740 1570 transmissio

376 1601 404 1647 44
412 1588 448 1654 in
469 1589 631 1654 Graeciam
652 1589 856 1654 laudabatur:
879 1610 960 1672 quac
982 1597 1089 1656 tamen
1109 1593 1185 1656 urbs
1206 1593 1284 1657 mibi
1305 1595 1563 1660 coniunctissima
1582 1596 1655 1680 plus
1671 1617 1739 1660 una

412 1704 462 1747 mc
484 1691 577 1748 nocte
598 1683 730 1768 cupiens
752 1685 889 1748 retinere
911 1704 976 1748 44444
997 1687 1111 1770 potuit.
1141 1688 1266 1751 Veritus
1288 1709 1357 1752 sum
1379 1709 1530 1754 nemeae
1550 1691 1738 1774 repentinus

412 1778 452 1841 ad
474 1797 561 1840 meos
586 1778 781 1842 necessarios
801 1776 955 1842 adventus
977 1781 1163 1864 suspicionis
1182 1781 1305 1864 aliquid
1325 1783 1468 1856 aberret,
1490 1785 1636 1848 classem
1650 1803 1737 1848 ccm-

212 1881 394 2048 ffcai
412 1872 1501 2050 rebellabat?stillabit1¹³‘¹⁴¹⁰‘Vl
1515 1885 1737 2037 {litat

376 2069 528 2135 teterem3
562 2079 620 2124 nec
648 2059 694 2124 ila
723 2060 858 2124 multum
886 2067 1056 2142 provectos
1087 2063 1224 2126 reiectus
1251 2070 1359 2127 austro
1387 2085 1456 2130 sum
1484 2065 1519 2128 in
1538 2085 1610 2130 eum
1630 2065 1736 2150 ipsum

412 2155 533 2228 locum,
560 2151 644 2216 unde
669 2153 925 2218 conscenderam.
967 2152 997 2217 8.
1026 2155 1169 2241 Cumque
1197 2157 1387 2242 intempesta
1408 2180 1474 2222 nox
1495 2167 1579 2224 esset
1602 2162 1738 2225 mansis·

266 2249 296 2376 ί
412 2268 544 2332 scmque
566 2247 600 2311 in
620 2247 695 2312 villa
715 2249 748 2312 P.
771 2249 908 2323 Valerii,
930 2249 1104 2346 comitiaci
1123 2250 1289 2315 familiaris
1310 2253 1390 2328 mei,
1411 2253 1631 2339 postridieque
1650 2255 1737 2339 apud

413 2341 549 2407 eundem
577 2347 706 2407 ventum
733 2348 921 2426 exspectans
950 2362 1126 2419 manerem,
1156 2344 1331 2430 municipes
1359 2346 1471 2429 44434444
1496 2348 1673 2430 complures
1694 2347 1737 2412 ad

413 2457 463 2502 ms
483 2443 655 2511 venerunt,
688 2455 728 2499 ex
756 2437 795 2501 iis
817 2435 946 2520 quidam
967 2439 1067 2501 Roma
1086 2446 1246 2502 recentes:
1279 2439 1436 2523 aquibus
1458 2441 1593 2524 primum
1614 2441 1737 2524 accipio

375 2534 454 2596 rell.
475 2531 605 2596 Antonii
626 2531 825 2605 contionem,
848 2550 930 2614 quae
952 2531 1029 2594 mibi
1051 2533 1097 2594 ita
1118 2532 1252 2616 placuit,
1275 2541 1311 2596 ut
1331 2553 1370 2596 ea
1391 2534 1473 2597 lecta
1493 2535 1534 2597 de
1554 2533 1737 2597 reversione

212 2645 295 2772 W
412 2626 548 2712 primum
569 2625 727 2708 coeperim
751 2624 897 2707 cogitare.
933 2626 999 2688 Nec
1026 2620 1071 2689 ita
1100 2625 1200 2688 multa
1227 2633 1300 2708 post
1327 2626 1464 2690 edictum
1491 2627 1578 2690 Bruti
1607 2629 1739 2690 affertur

250 2749 252 2754 ·
278 2711 288 2724 ⁴
412 2729 445 2785 ct
467 2720 584 2794 Cassii,
606 2718 692 2803 quod
715 2717 844 2803 quidem
866 2717 961 2793 mibi,
985 2718 1119 2783 sortasse
1142 2719 1228 2803 quod
1251 2739 1304 2782 eos
1326 2707 1505 2804 plus‘e'tiam
1523 2722 1569 2784 rei
1590 2721 1736 2803 publicae

412 2833 507 2899 quam
528 2812 747 2877 familiaritatis
769 2813 868 2896 344444
890 2811 1002 2894 diligo,
1025 2814 1156 2897 plenum
1177 2813 1347 2896 aequitatis
1361 2813 1534 2878 ridebatur.
1569 2814 1737 2878 addebant

411 2915 573 2994 praeterea
583 2939 625 2956 -
638 2907 675 2973 fit
689 2908 771 2972 enim
793 2906 981 2990 plerumque
996 2915 1034 2970 ut
1052 2908 1088 2982 ii,
1111 2907 1167 2991 qui
1188 2907 1266 2970 bcni
1281 2907 1361 2991 quid
1375 2907 1488 2973 volunt
1501 2909 1623 2984 afferre,
1643 2909 1736 2972 affin-

375 3011 487 3088 4434444
506 3002 644 3087 aliquid,
666 3022 730 3086 qno
751 3001 870 3065 saciant
891 3001 924 3064 id
938 3001 1025 3085 quod
1046 3002 1191 3065 nuntiant
1211 3001 1326 3064 laetius
1346 3033 1389 3050 -
1411 3023 1478 3065 rem
1493 3011 1734 3078 conventuram

412 3095 608 3178 Kalendis†
637 3095 810 3159 Sextilibus
842 3103 988 3159 senatum
1017 3095 1217 3180 frequentem
1248 3093 1335 3170 lore3
1365 3096 1535 3160 Antonium
1562 3098 1735 3181 repudiatis

413 3189 509 3256 malis*
532 3190 731 3264 suasoribus,
767 3190 905 3255 remissis
933 3189 1107 3273 provinciis
1136 3189 1261 3264 Galliis,
1294 3187 1335 3253 ad
1362 3189 1578 3254 auctoritatem
1606 3199 1734 3254 senatus

413 3305 482 3349 esse
505 3283 690 3348 rediturum.
733 3283 785 3347 IV.
809 3281 839 3347 9.
862 3285 942 3348 Tum
963 3302 1039 3346 vero
1060 3289 1148 3346 tanta
1168 3303 1238 3346 sum
1260 3282 1432 3366 cupiditate
1453 3284 1602 3348 incensus
1623 3283 1663 3348 ad
1684 3305 1735 3348 re·

412 3379 529 3453 ditum,
559 3386 594 3442 ut
621 3376 698 3440 mibi
727 3376 808 3440 nulli
836 3397 941 3461 neque
970 3378 1048 3441 remi
1074 3396 1179 3461 neque
1200 3377 1285 3440 venti
1307 3376 1559 3454 satisfacerent,
1581 3399 1647 3443 non
1668 3400 1732 3462 quo

477 3632 501 3681 4.
519 3633 640 3680 caueant
656 3629 678 3678 V
700 3627 770 3693 (sup.
787 3627 831 3678 lin.
849 3641 886 3679 444.
905 3629 921 3680 4
943 3627 1066 3690 timebam
1092 3627 1201 3678 timebat.
1219 3631 1324 3678 4444444
1339 3628 1364 3685 4;
1391 3627 1508 3679 4444444444
1532 3636 1654 3682 comant
1669 3645 1684 3682 a
1704 3660 1731 3670 -

411 3707 623 3759 4444444444444
638 3704 681 3754 Vt
697 3730 725 3740 -
743 3703 768 3754 2.
787 3704 901 3754 audirem
916 3705 968 3754 V¹t
986 3729 1014 3741 -
1032 3705 1056 3755 3.
1074 3703 1166 3753 4444444
1182 3701 1335 3754 Beroaldus.
1353 3729 1379 3740 -
1397 3702 1422 3753 4.
1440 3705 1566 3756 amose
1582 3720 1650 3758 corr.
1667 3720 1703 3758 m.
1718 3708 1728 3758 4

412 3781 606 3834 lniaeucrisV
626 3777 1100 3844 -aouaequ-orseatcaeu
1119 3778 1153 3838 V·‚
1174 3777 1730 3832 bwmsdmebi-8.illadom.a-

411 3858 586 3923 34444444-
604 3857 772 3907 4444444444444
788 3855 826 3916 V;
843 3856 961 3906 citassent
977 3857 1010 3919 34
1029 3882 1057 3891 -
1079 3855 1103 3904 9.
1121 3852 1328 3904 emmaus
1345 3879 1372 3889 -
1396 3853 1428 3902 ab
1444 3854 1551 3905 44444444
1566 3856 1603 3904 V:
1626 3854 1734 3906 cberbe

411 3949 443 3987 44
459 3935 529 3986 Dl-
547 3934 587 3986 tc.
600 3933 790 3998 3444444444
803 3957 831 3968 -
848 3931 908 3982 arbe
922 3930 1079 3982 mtblVbt:
1096 3931 1158 3980 44444
1173 3929 1233 3978 urbe
1248 3929 1338 3992 434-
1352 3927 1411 3990 plus
1425 3921 1478 3978 uod
1493 3935 1563 3980 44444
1578 3931 1679 3993 apim
1693 3943 1735 3981 444

410 4011 517 4062 retinere
532 4023 582 4059 444
596 4009 677 4071 potuit
692 4007 769 4058 affert
785 4009 861 4058 brus.
880 4009 990 4059 Messius
1007 4021 1034 4071 p.
1046 4007 1095 4057 4443
1106 4007 1134 4056 L.
1149 4031 1177 4040 -
1196 4006 1237 4054 44.
1255 4005 1350 4054 ueritas
1364 4007 1451 4054 4444444
1465 4017 1521 4054 eum
1534 4005 1566 4065 V,
1584 4003 1633 4054 sed
1648 4009 1735 4054 certes

413 4097 449 4136 m.
467 4085 483 4135 i
500 4082 626 4135 deletum.
646 4109 673 4119 —
698 4084 739 4133 44.
758 4083 854 4144 aliquid
870 4095 923 4133 4444.
942 4096 957 4132 e
983 4108 1010 4118 -
1035 4081 1144 4145 adferret
1159 4082 1182 4128 V
1199 4106 1227 4116 -
1252 4080 1293 4130 ta.
1311 4080 1463 4141 lereeopetam
1477 4081 1514 4138 V;
1538 4081 1698 4142 leucopetlcm
1714 4079 1733 4130 b

414 4186 441 4196 -
462 4160 668 4222 procreatumque
683 4159 719 4218 V;
742 4159 944 4221 pmmntorem
966 4159 987 4218 4;
1009 4157 1226 4221 promreectorleeu
1241 4157 1278 4215 1);
1301 4156 1500 4218 prmncntorieau
1515 4156 1545 4206 0.
1571 4153 1610 4204 Cl.
1628 4167 1657 4218 p.
1674 4153 1732 4215 tas,

412 4235 444 4284 aa
461 4237 490 4285 et
500 4233 644 4286 Alschefski
660 4234 694 4285 ad
706 4235 760 4284 Liv.
772 4233 841 4294 m,
859 4233 899 4283 35.
915 4259 943 4269 -
962 4232 1001 4284 ll.
1019 4234 1100 4298 443444
1113 4232 1220 4296 ngt:
1238 4232 1311 4295 443444
1327 4245 1358 4291 4;
1376 4232 1444 4295 penti
1460 4231 1481 4290 i;
1503 4231 1604 4294 llbepini
1614 4231 1643 4291 0,
1662 4231 1735 4295 quod

412 4308 491 4360 cedd.
510 4321 655 4374 numquam
672 4306 823 4358 14444444.-
842 4307 960 4357 4444444444
977 4320 992 4357 4
1012 4334 1038 4344 -
1056 4308 1197 4358 conserendi
1211 4307 1234 4354 V
1246 4333 1274 4343 -
1293 4307 1514 4357 444444444444
1529 4311 1615 4356 metro
1631 4304 1663 4354 V¹
1678 4318 1732 4355 om.

413 4383 521 4445 mediis;
543 4385 571 4434 in
591 4385 644 4434 ima
661 4383 755 4447 pagina
771 4393 866 4432 manus
882 4379 961 4446 paulo
977 4383 1109 4434 recentior
1125 4387 1187 4433 aute
1204 4387 1291 4431 cucero
1307 4380 1455 4446 supplevit:
1476 4394 1522 4432 444
1539 4381 1578 4432 ita
1592 4381 1698 4431 44444444
1712 4381 1736 4430 44

354 4501 358 4514 .
411 4460 538 4510 consetur
550 4459 689 4522 4444444444
713 4470 762 4521 ego
780 4455 882 4508 malim:
906 4469 951 4506 444
965 4457 1005 4507 444
1019 4472 1054 4508 m.
1071 4462 1203 4520 procerae
1218 4469 1301 4517 44444,
1322 4470 1379 4506 neu
1394 4457 1500 4507 44444444
1515 4457 1567 4507 444.
1587 4482 1615 4492 -
1634 4457 1674 4507 46.
1691 4457 1735 4506 444-

411 4539 551 4597 tempestale
567 4531 639 4584 V¹·-
657 4533 698 4583 47.
713 4533 795 4583 Valeri
810 4530 896 4581 Vb-
911 4533 1090 4596 posttridieqae
1105 4533 1195 4597 Vagt
1212 4559 1240 4568 -
1258 4536 1321 4594 aput
1336 4531 1400 4581 V·
1420 4531 1460 4582 48.
1478 4535 1613 4594 expectant
1627 4530 1689 4580 44444.
1703 4557 1732 4568 -

412 4608 594 4662 latebit:
620 4609 693 4670 lev,
718 4609 756 4659 bis
775 4608 844 4672 430
867 4609 895 4658 et
911 4607 990 4658 codd.
1009 4609 1142 4669 drusiani,
1168 4609 1214 4672 qui
1238 4607 1314 4659 affert
1330 4621 1355 4672 p.
1373 4607 1421 4658 258
1437 4621 1471 4657 ec
1486 4608 1688 4657 nte--reoeetee
1703 4631 1731 4642 —

413 4685 510 4750 44444444
525 4681 557 4734 V¹
574 4697 643 4736 corr.
662 4697 698 4736 m.
717 4697 757 4749 pr.
778 4709 806 4720 -
823 4683 864 4734 40.
882 4685 918 4734 dl.
937 4695 991 4733 om.
1009 4683 1076 4732 V·
1094 4684 1181 4733 444444
1196 4683 1219 4732 V
1236 4709 1264 4718 -·
1282 4683 1423 4733 4444444444
1439 4683 1459 4730 0
1477 4681 1567 4744 (babet
1583 4680 1627 4732 bic
1642 4679 1735 4731 444444-

411 4773 468 4810 4444
490 4759 664 4821 44444444)-
686 4759 832 4810 444444444
860 4785 887 4795 -
908 4759 1020 4820 primum
1041 4756 1310 4808 dereseraiceeb-
1331 4756 1596 4806 4444444444-
1620 4755 1735 4818 44444444

413 4836 449 4893 V;
467 4835 654 4899 441444444-
672 4834 713 4885 bi,
732 4832 902 4895 etlamplusi
921 4859 948 4868 -
967 4833 1011 4883 43.
1028 4832 1223 4896 3444444444-
1243 4831 1284 4882 44.
1302 4830 1667 4894 444443-4444444444-
1685 4830 1735 4878 sd-

410 4911 508 4974 flnqcnt
524 4909 560 4970 V;
579 4909 684 4974 effluant
701 4909 722 4970 i,
740 4908 860 4971 4414444444
876 4920 893 4971 3
911 4933 939 4944 -
958 4907 998 4957 lb.
1017 4921 1066 4969 quo
1082 4906 1166 4969 44434
1181 4920 1187 4954 :
1203 4906 1326 4969 qucht
1344 4933 1371 4942 -
1391 4905 1480 4955 44444444
1495 4905 1536 4956 ael
1551 4905 1630 4955 44444444
1645 4915 1686 4966 43
1704 4929 1732 4939 ·-

411 4995 466 5035 rem
480 4983 537 5034 Vt:
555 4995 608 5034 rem
622 4982 691 5044 publ.
709 4983 766 5046 434
783 4982 843 5047 (esse
858 4987 1037 5032 comesturum
1052 4981 1085 5042 b,
1104 4980 1165 5031 add.
1184 4993 1242 5046 sup.
1260 4980 1305 5032 lin.
1323 4994 1377 5030 rem
1392 4979 1580 5041 444444444444)
1599 5005 1627 5015 -
1646 4979 1688 5029 46.
1700 4978 1732 5028 K.

411 5071 465 5110 444.
483 5057 513 5108 V.
537 5057 681 5122 4444443444
698 5059 794 5126 opusc,
812 5058 839 5119 l,
863 5057 910 5108 463
927 5057 1061 5108 8444444444
1076 5055 1220 5107 delendum
1237 5056 1341 5112 censet;
1365 5055 1429 5106 mibi
1447 5053 1614 5106 verisimilius
1630 5051 1736 5103 videtur

412 5135 472 5185 Sec.
491 5135 518 5184 et
533 5133 601 5198 Sept.
619 5131 759 5184 contusum
776 5143 845 5184 esee.
865 5157 892 5168 —
914 5137 1028 5183 44444444
1042 5133 1105 5196 freq.
1123 5131 1146 5180 V
1162 5143 1221 5195 sup.
1239 5130 1283 5182 liu.
1301 5130 1383 5181 habet
1398 5129 1448 5181 sed
1464 5143 1479 5180 a
1495 5143 1536 5194 pr.
1555 5141 1591 5180 m.
1611 5155 1639 5165 -
1656 5141 1734 5190 repu-

413 5210 473 5260 44444
489 5208 524 5259 bl
544 5235 570 5246 -
590 5209 630 5260 27.
648 5208 722 5258 444444
738 5220 791 5257 om.
810 5209 821 5258 t
838 5219 954 5269 -pcoo,
974 5207 1062 5258 Galliis
1077 5205 1147 5257 Vbt
1163 5204 1293 5271 44344444,
1310 5203 1329 5255 b
1345 5204 1469 5270 pcdicislz
1487 5203 1733 5269 Galltirwallicisg)

399 5299 485 5372 'pr-ov.
504 5285 562 5353 434
579 5311 606 5322 -
625 5283 666 5338 29.
683 5282 747 5336 remi
763 5282 820 5335 Di:
837 5282 918 5334 44444
933 5281 965 5336 V.

1907 1250 1909 1341 l
