4009 6159
405 570 488 645 40444
720 571 872 638 ORATIO
894 571 972 636 PRO
995 573 1030 636 1..
1053 569 1255 637 CORNELIO
1276 567 1407 633 1441.Βο

408 743 494 829 quod
516 744 544 808 si
565 741 708 820 adesset,
730 743 799 806 iure
820 741 898 806 baec
920 742 950 806 ei
972 740 1069 804 tribui
1093 747 1125 806 et
1146 737 1276 802 concedi
1298 737 1504 819 putaremus?
1528 736 1650 807 llsusue
1672 755 1723 802 re·

404 839 498 908 ium?
520 835 575 922 qui
595 836 749 922 pueritiae
772 843 896 920 tempus
918 844 1092 900 extremum
1113 831 1301 921 principium
1322 827 1434 894 babuit
1453 829 1607 895 bellunm
1628 836 1722 914 elque

405 929 607 1016 imperiorum
636 931 867 996 maximorum?
899 932 987 994 cuius
1013 929 1159 1013 plerique
1188 925 1338 1010 aequales
1366 925 1471 988 minus
1498 944 1594 1011 saepe
1621 931 1723 993 casin

406 1023 553 1093 viderunt
574 1043 669 1110 quant
690 1023 743 1092 hic
764 1023 989 1106 triumphavit?
1012 1023 1068 1106 qui
1090 1029 1136 1086 lot
1149 1019 1243 1084 babet
1258 1018 1445 1102 triumphos,
1467 1027 1547 1107 quot
1560 1037 1636 1086 orae
1649 1023 1723 1104 sept

383 1127 575 1202 sparsosque
603 1125 772 1193 terrarum,
805 1125 853 1182 tot
881 1115 1028 1180 victorias
1057 1115 1205 1187 bellicas,
1237 1120 1314 1198 quoi
1339 1111 1468 1176 suntin
1490 1131 1593 1177 rerum
1612 1119 1722 1178 natura

405 1231 521 1296 genera
540 1211 722 1276 bellorum?
753 1215 802 1276 An
823 1210 1006 1294 ingenium?
1028 1210 1079 1272 oui
1101 1209 1194 1271 etiam
1215 1208 1276 1294 ipsi
1297 1227 1387 1272 casus
1409 1213 1603 1292 eventusque
1617 1226 1722 1273 rerum

243 1325 271 1416 Ζ
404 1325 469 1369 nou
491 1305 603 1382 duces,
626 1305 682 1370 sed
705 1305 834 1371 comites
857 1303 1059 1369 consiliorum
1080 1301 1227 1386 iueprnt?
1248 1303 1281 1365 in
1295 1321 1359 1386 quo
1381 1321 1445 1364 uno
1461 1301 1505 1366 ita
1523 1298 1723 1367 cummaior-

405 1407 482 1464 tuna
502 1419 573 1466 eum
586 1417 717 1467 sunna
738 1400 855 1463 virtute
877 1398 1022 1471 certavit,
1043 1404 1080 1460 ut
1101 1396 1240 1459 omnium
1262 1395 1380 1458 iudicio
1402 1395 1474 1478 plus
1492 1393 1613 1465 homini
1628 1415 1724 1482 quam

405 1491 484 1556 deae
505 1477 786 1574 tribuereturlsln
831 1491 926 1566 udor,
949 1511 989 1558 an
1011 1491 1182 1576 integritas,
1204 1510 1245 1556 au
1259 1489 1370 1572 religio
1384 1490 1418 1557 in
1433 1509 1482 1566 eo,
1503 1508 1544 1558 au
1559 1487 1724 1574 diligentia

225 1598 310 1666 ..ἐν
358 1604 553 1678 Mummiam
582 1587 749 1672 requisita
765 1514 835 1693 4443
865 1605 959 1672 quem
987 1584 1170 1667 provinciae
1197 1592 1341 1658 nostrae,
1368 1604 1462 1668 quern
1489 1583 1580 1650 liberi
1601 1581 1723 1668 populi,

224 1665 280 1698 'W
351 1692 358 1765 s
405 1701 499 1764 quem
521 1700 631 1766 reges,
654 1698 749 1764 quem
770 1671 900 1744 ultimae
923 1688 1033 1761 gentes
1055 1679 1236 1758 castiorem,
1258 1678 1514 1752 moderatiorem,
1536 1678 1724 1749 sanctiorem

354 1782 365 1822 l
404 1795 469 1838 uon
491 1774 586 1847 ruodo
607 1773 768 1862 disrupi,
791 1773 846 1837 sed
861 1779 916 1842 aut
929 1771 1086 1857 sperando
1103 1791 1252 1855 umquam
1267 1779 1322 1836 aut
1337 1769 1474 1856 optando
1488 1771 1722 1859 cogitaverupii

405 1863 456 1932 40.
472 1867 557 1949 Quid
579 1868 680 1936 dicam
704 1868 742 1938 de
765 1867 972 1935 auctoritate?
996 1885 1078 1950 quae
1099 1873 1186 1934 tanta
1200 1874 1258 1942 est,
1276 1873 1394 1955 quanta
1407 1866 1439 1930 in
1453 1866 1503 1929 bis
1517 1865 1613 1933 euos
1627 1863 1723 1933 virtu-

403 1962 488 2025 tibus
502 1981 539 2024 ac
561 1959 707 2024 laudibus
729 1979 798 2023 esse
822 1959 925 2025 debet
957 1955 1156 2050 Cui(senatus
1178 1960 1379 2046 populusque
1394 1960 1554 2027 Romanus
1568 1958 1724 2045 amplissi-

226 2057 308 2131 mi«
369 2072 474 2125 ismae
490 2051 651 2140 dignitatis
667 2054 806 2136 praemia
823 2052 911 2128 dedii
948 2073 990 2117 on
1005 2052 1186 2138 postulanti,
1207 2055 1428 2138 imperiavero
1444 2053 1538 2122 etiam
1556 2055 1723 2130 recusanti,

405 2149 496 2212 buius
526 2145 565 2222 de
592 2147 692 2222 iacto,
720 2147 859 2222 iudices,
888 2147 898 2209 i
962 2147 1089 2232 quaeri,
1119 2156 1154 2212 ut
1175 2147 1208 2218 id
1229 2156 1354 2230 agatur,
1383 2147 1548 2216 licueritne
1570 2150 1599 2212 ei
1619 2148 1723 2218 facere

405 2239 490 2324 quod
511 2239 606 2318 iecit,
627 2260 669 2304 au
690 2259 775 2320 vero,
799 2262 862 2316 non
885 2241 986 2304 dicam
1009 2262 1072 2305 non
1095 2241 1233 2317 licuerit,
1254 2241 1309 2305 sed
1332 2241 1421 2312 nefas
1441 2241 1594 2310 luerit-
1614 2251 1722 2316 contre

404 2334 517 2403 foedus
547 2335 646 2410 enim,
674 2335 707 2399 id
736 2344 784 2400 est
810 2343 918 2404 contra
946 2335 1057 2420 populi
1083 2337 1214 2401 Romani
1236 2335 1420 2420 religionem
1443 2343 1476 2400 et
1496 2331 1589 2404 fidem
1609 2336 1723 2405 fecisse

406 2429 522 2492 dicitur
547 2461 605 2506 -,
634 2449 699 2493 non
729 2438 819 2514 turpe
846 2428 965 2518 populo
995 2429 1154 2504 liomano,
1181 2449 1288 2496 nonne
1316 2430 1431 2497 vobis?
1474 2431 1511 2492 V.
1535 2425 1586 2497 44.
1606 2431 1722 2501 Audivi

368 2525 465 2590 aoboc
487 2523 526 2586 de
548 2531 678 2608 parente
700 2543 769 2588 meo
791 2545 885 2614 puer:
909 2544 979 2588 curn
1003 2524 1042 2600 Q.
1064 2525 1219 2599 Metellus,
1245 2525 1280 2586 L.
1302 2525 1346 2599 F,
1370 2543 1497 2592 cansam
1519 2522 1558 2590 de
1580 2527 1723 2610 pecuniis

405 2617 586 2726 repetundis
615 2615 748 2691 diceret,
776 2617 830 2680 ille
859 2617 924 2692 vir,
938 2611 1003 2706 (oui
1025 2618 1146 2700 patriae
1168 2617 1252 2681 salus
1275 2616 1398 2682 dulcior
1419 2638 1513 2702 quam
1535 2628 1722 2704 conspectus

243 2701 334 2820 ,qu
403 2692 486 2803 iugi)
508 2711 564 2798 qui
590 2711 777 2779 decivitate
800 2711 953 2776 decedere
975 2732 1070 2796 quam
1093 2712 1132 2774 de
1158 2712 1314 2775 sententia
1335 2711 1461 2788 maluit,
1483 2745 1525 2757 —-
1545 2712 1607 2778 hoc
1627 2715 1723 2796 igitur

405 2826 531 2880 eausam
553 2806 692 2882 dicente,
718 2826 790 2869 cum
811 2806 912 2890 ipsius
934 2805 1059 2872 tabulae
1082 2806 1355 2872 circumferrentur
1375 2806 1564 2890 inspiciendi
1586 2807 1722 2878 nominis

297 2893 315 2982 (
405 2919 516 2974 causa,
538 2898 637 2965 fuisse
660 2899 797 2974 iudicem
820 2901 946 2964 exiliis
969 2901 1129 2984 equitibus
1151 2900 1318 2975 Romanis,
1344 2901 1536 2987 gravissimis
1557 2902 1645 2990 virio,
1666 2921 1722 2968 ne·

367 2995 537 3070 seminem,
559 2995 638 3078 quin
660 3002 835 3058 removeret
856 2995 964 3059 oculos
986 3002 1019 3060 et
1040 3014 1074 3058 se
1087 3002 1187 3062 totum
1202 3003 1369 3072 averteret,
1392 3015 1432 3064 ne
1450 2994 1547 3072 sorte,
1569 2997 1652 3083 quod
1667 2997 1722 3061 ille

404 3090 437 3153 in
459 3088 581 3152 tabulas
603 3088 744 3173 publicas
766 3089 955 3166 rettulisset,
985 3089 1146 3156 dubitasse
1170 3089 1355 3175 quisquam,
1377 3110 1526 3161 verumne
1548 3111 1589 3161 an
1609 3091 1721 3162 imum

405 3189 502 3262 esset,
532 3183 708 3256 videretur:
738 3204 795 3247 nos
827 3182 882 3249 Cn.
904 3184 1046 3266 Pompeii
1076 3181 1236 3251 decretum
1251 3201 1254 3208 ·
1267 3182 1306 3248 de
1328 3185 1453 3252 consilii
1473 3186 1629 3256 sententia
1649 3205 1721 3270 pro·

404 3278 581 3341 nuntiatum
612 3280 895 3360 recognoscemus?
928 3298 998 3340 cum
1028 3279 1150 3361 legibus
1180 3277 1393 3354 conferemus,
1422 3299 1495 3342 eum
1519 3279 1720 3344 foederibus?

405 3370 509 3434 omnia
531 3371 731 3434 acerbissima
753 3372 916 3453 diligentia
936 3373 1192 3455 perpendemus?
1224 3367 1275 3434 44.
1296 3372 1429 3437 Athenis
1446 3374 1543 3449 aiunt,
1565 3395 1636 3438 oum
1651 3374 1721 3459 qui-

367 3465 476 3530 eodam
498 3463 580 3548 apud
604 3485 675 3541 eos,
697 3467 751 3553 qui
773 3474 878 3529 sancte
900 3467 1100 3552 graviterque
1121 3466 1266 3541 vixisset,
1292 3469 1506 3534 testimonium
1527 3469 1653 3557 publice
1674 3470 1721 3532 di-

471 3775 495 3824 4.
514 3773 605 3827 4044444
623 3773 682 3824 0-
701 3773 813 3825 hoece:
831 3773 945 3825 boco-
967 3775 989 3825 ei
1006 3774 1164 3826 Lambinus:
1181 3781 1205 3826 et
1222 3777 1283 3827 0-
1302 3775 1425 3842 44404444]
1442 3774 1609 3828 004004-
1628 3779 1723 3844 4444-

404 3851 563 3902 ricioel’-
583 3852 709 3902 wtrmnae
725 3851 783 3899 P—
802 3849 945 3912 principun
961 3844 1031 3899 1³¹-
1051 3850 1216 3910 4444404-
1235 3849 1259 3901 3.
1278 3851 1464 3901 444444401-
1482 3850 1507 3902 l.
1526 3851 1720 3918 4440444400

405 3931 463 3990 quot
479 3925 557 3976 iores
572 3927 602 3976 1³²
620 3947 647 3958 -
674 3925 699 3974 s.
718 3922 784 3987 qaeot]
803 3924 868 3987 quod
883 3927 911 3975 P¹
930 3949 957 3960 -
983 3923 1008 3974 0.
1026 3925 1064 3974 As
1079 3925 1212 3992 inpertiam]
1230 3927 1362 3992 adpositus
1377 3924 1419 3978 1³¹:
1446 3927 1621 3992 adispersione
1636 3923 1722 3981 P'GE

408 3999 434 4039 ἱ-
453 4000 711 4052 cui--coosiliorom
733 3999 892 4064 Madvigius:
920 4000 1008 4062 inquid
1029 4003 1116 4064 (inquit
1133 4003 1160 4064 0)
1178 4005 1278 4054 --eius
1297 4003 1454 4056 comdionm
1477 4004 1511 4062 (ἒς
1537 4005 1723 4066 poem--eios

405 4077 647 4128 444444444Μο-
673 4074 842 4140 spetleca:
868 4073 992 4139 lpseP'O
1012 4105 1038 4114 -
1067 4077 1264 4140 limate:
1288 4078 1422 4142 semoto
1447 4104 1474 4114 —
1500 4079 1624 4132 semeio
1645 4081 1720 4132 1³¹-

406 4153 430 4202 0.
448 4151 516 4216 icoo]
534 4152 563 4202 de
579 4151 607 4200 P¹
627 4178 654 4187 -
672 4149 710 4200 Aa
725 4151 814 4214 potor]
832 4149 919 4212 Aput„
937 4150 1007 4202 1²¹-
1027 4155 1067 4204 to.
1086 4152 1167 4217 quem]
1185 4153 1243 4203 iort.
1257 4167 1306 4215 quo
1323 4167 1406 4216 qoem;
1425 4153 1458 4204 oi.
1472 4167 1497 4203 v.
1509 4154 1534 4205 2.
1548 4153 1572 4204 ti.
1586 4179 1613 4191 -
1633 4155 1673 4205 44.
1685 4154 1722 4203 44-

405 4228 480 4279 omos
495 4231 578 4290 pentes
594 4224 653 4275 cod.
672 4225 732 4275 Car.
751 4225 875 4289 Stephani
893 4228 921 4276 et
936 4228 1079 4278 Graevius:
1097 4228 1299 4292 adurat-egentes
1315 4231 1347 4286 P;
1365 4229 1434 4278 oltra
1449 4236 1559 4294 regentes
1575 4229 1639 4287 GE:
1656 4235 1722 4286 eote-

405 4315 451 4352 roe
466 4306 549 4366 gentes
564 4299 606 4352 ed.
625 4300 736 4350 4444444.
756 4326 783 4335 -
803 4299 843 4350 43.
862 4303 996 4353 autoritate
1012 4300 1041 4355 0“
1060 4332 1087 4341 -
1106 4310 1201 4366 poouto
1217 4309 1251 4353 est
1267 4305 1293 4353 io
1311 4305 1338 4355 pv
1357 4329 1383 4339 —
1402 4305 1447 4370 iiis]
1464 4307 1495 4356 iis
1510 4306 1559 4359 PG
1576 4331 1604 4342 -
1622 4302 1663 4355 44.
1677 4317 1722 4366 po

402 4375 478 4440 peius
495 4377 534 4440 ,0.
553 4377 581 4426 44.
599 4379 618 4427 0
637 4401 664 4410 -
685 4375 724 4426 45.
743 4375 809 4424 dedit
824 4377 1038 4438 coapostolorum,
1062 4379 1168 4440 imperia
1183 4391 1242 4428 uero
1258 4379 1334 4428 etium
1350 4381 1494 4431 lianutius:
1516 4380 1594 4441 dedit,
1611 4393 1662 4428 uois
1675 4391 1722 4442 po-

404 4453 506 4502 stulanti
521 4453 636 4514 imperio,
652 4463 740 4502 venem
756 4451 830 4500 etium
848 4451 895 4501 CO
914 4478 938 4489 -
965 4452 1005 4501 40.
1025 4457 1094 4515 queri
1110 4454 1129 4504 P
1148 4481 1175 4490 —
1193 4453 1321 4504 imeritus
1336 4455 1360 4506 44
1376 4453 1417 4505 0’;
1436 4455 1571 4506 licueritoei
1586 4457 1628 4516 P¹3
1646 4451 1729 4505 licus?

405 4527 471 4577 44444
485 4527 513 4575 id
522 4527 569 4578 GE
583 4554 610 4564 -
630 4527 670 4577 tv.
683 4541 733 4576 noo
744 4528 804 4576 ante
816 4527 898 4576 dicem
909 4528 933 4577 in
947 4529 1016 4578 044.
1029 4542 1084 4579 sec.
1097 4531 1258 4593 expunctum
1277 4531 1357 4580 esi·
1372 4529 1411 4581 til.
1423 4531 1521 4594 [44440
1534 4557 1561 4567 -
1581 4531 1620 4583 49.
1632 4531 1723 4597 popolo

406 4600 445 4665 it]
461 4603 498 4652 rei
514 4615 548 4664 .p.
563 4602 613 4652 0-
632 4615 713 4652 noane
728 4597 829 4663 tarpei
849 4601 975 4654 iiaimius.
988 4627 1015 4639 -
1029 4617 1110 4653 44444
1124 4603 1212 4653 uobis?
1229 4605 1262 4654 C:
1280 4619 1331 4654 ooo
1345 4603 1413 4654 vobis
1428 4605 1457 4655 0.
1478 4607 1514 4669 (ln
1531 4607 1550 4657 0
1567 4619 1627 4658 esse
1644 4619 1724 4658 44444

406 4675 475 4726 eloim
495 4683 529 4727 est
549 4675 613 4728 laiso
632 4675 737 4727 tradidit
753 4677 915 4741 lirarupius.)
936 4705 963 4714 —
987 4679 1051 4729 Audi
1072 4675 1181 4737 P¹G¹E;
1207 4679 1280 4729 souti
1300 4677 1369 4731 P¹G'
1387 4706 1414 4716 -
1436 4681 1478 4731 04.
1496 4680 1620 4734 4444441)ι
1638 4707 1666 4719 -
1683 4681 1724 4732 ille

408 4752 469 4802 GE:
488 4753 529 4802 ille
544 4752 585 4802 4444
600 4753 688 4803 00-
706 4754 749 4802 oir
765 4765 845 4818 supra
862 4765 971 4805 versum
987 4749 1057 4808 pc-
1074 4758 1161 4819 patrio
1178 4757 1226 4806 GE
1241 4783 1267 4791 -
1285 4757 1479 4808 scaenarum
1494 4761 1514 4810 0
1529 4785 1555 4794 -
1572 4757 1723 4810 4444444444

406 4829 472 4878 1³¹—
490 4825 531 4878 ai.
544 4827 631 4892 causo]
643 4841 661 4876 o
672 4827 846 4893 posteriorem
864 4827 889 4878 in
901 4842 991 4880 rasore
1010 4831 1091 4882 babel
1102 4833 1121 4883 P
1133 4857 1161 4868 -
1174 4833 1215 4882 2³.
1228 4831 1296 4896 4444]
1309 4834 1353 4896 qul
1363 4833 1396 4894 C;
1415 4833 1447 4884 ci,
1462 4847 1517 4883 ver.
1530 4831 1590 4884 lect.
1608 4847 1635 4899 p.
1648 4833 1720 4893 4045,

406 4903 447 4953 20.
470 4927 496 4938 -
514 4907 537 4952 et
554 4914 607 4955 om.
626 4901 645 4952 C
665 4927 693 4938 -
717 4903 758 4952 40.
773 4903 887 4966 44044444
903 4917 956 4955 om.
975 4905 995 4955 E
1014 4932 1041 4942 —
1062 4907 1193 4956 rettulisset
1208 4909 1239 4958 P:
1263 4907 1384 4957 retulisset
1400 4909 1478 4959 GEO
1497 4933 1524 4946 -
1549 4910 1670 4959 dubitasse
1686 4907 1719 4958 E:

408 4977 540 5029 dubitasset
555 4979 603 5028 PG
623 5004 650 5013 -
672 4977 714 5027 27.
732 4977 818 5028 44440
839 5003 865 5014 —
885 4981 985 5043 pompei
1005 4981 1092 5032 PG¹E
1111 4981 1138 5017 -'
1163 4981 1287 5031 4444444444
1306 4983 1336 5032 ds
1351 4981 1483 5036 04440444
1500 4997 1583 5035 nonus
1600 4984 1718 5034 Gruteri:

407 5055 531 5104 dxretmn
547 5051 665 5101 iudicium
681 5053 710 5101 de
727 5051 746 5102 C
766 5079 793 5088 -
812 5053 898 5102 comui
914 5049 942 5105 0ἱ
961 5083 987 5090 -
1005 5057 1199 5117 pronunciatum
1215 5059 1274 5107 P-
1292 5059 1333 5110 ?8.
1350 5057 1473 5121 federibus
1487 5061 1507 5111 P
1522 5086 1547 5096 -
1566 5059 1606 5110 iii.
1625 5061 1719 5124 posiv.

407 5129 536 5193 (4444444444
551 5140 631 5192 supra
647 5140 756 5178 versum
773 5123 788 5178 i
803 5127 885 5179 babet
901 5125 931 5180 0Ι
945 5155 979 5168 -
992 5131 1166 5197 perpetratores
1182 5132 1246 5191 Gli,
1267 5134 1435 5195 poossumus
1450 5134 1491 5194 1²¹3
1507 5135 1678 5197 pertendentes
1692 5135 1722 5186 1²²

410 5230 438 5241 -
456 5201 555 5252 ,4444444
570 5201 631 5266 cet]
650 5202 687 5254 Cl.
706 5201 792 5254 valer.
810 5205 877 5256 lias.
895 5206 930 5268 11,
949 5207 988 5260 40.
1007 5207 1064 5258 Ert.
1082 5207 1106 5263 2.
1127 5233 1154 5242 -
1177 5206 1217 5267 30.
1236 5209 1399 5268 testimouium
1416 5208 1458 5261 ed.
1476 5210 1591 5265 laudus:
1613 5219 1637 5266 et
1652 5209 1720 5262 testi-

407 5279 517 5336 mooiien
533 5279 552 5336 C
571 5304 598 5314 -
613 5277 719 5349 plublice
733 5278 772 5338 1²¹.
