4009 6159
717 600 1174 689 ce.1n-v.see-is.
1525 589 1608 665 4444

288 777 471 842 voluerunt:
501 777 570 839 laus
592 776 724 860 pudoris
746 776 810 851 tui,
833 776 918 860 quod
941 795 978 839 ea
998 781 1031 839 te
1051 775 1183 840 inritum
1204 773 1310 837 dicere
1330 770 1532 845 videbamus,
1559 769 1608 832 in·

288 870 388 953 genii,
424 870 511 953 quod
540 876 650 933 ornate
677 869 845 953 politeque
874 870 992 933 dixisti.
1036 870 1088 933 IV.
1110 866 1140 933 9.
1162 871 1278 932 Verum
1307 866 1347 930 ad
1368 867 1461 930 istam
1482 882 1612 927 ornnem

288 964 463 1028 orationem
492 964 597 1029 brevis
629 971 679 1027 est
699 964 854 1027 defensio.
890 965 968 1026 Nam
992 962 1099 1048 quoad
1121 970 1206 1026 aetas
1227 963 1270 1025 Μ.
1292 959 1389 1024 Caelii
1410 958 1485 1020 dare
1504 955 1610 1039 potuit

286 1056 339 1122 isti
370 1059 543 1139 suspicioni
568 1058 692 1147 locum,
720 1056 780 1121 fuit
811 1058 947 1141 primum
968 1058 1070 1140 ipsius
1091 1056 1230 1140 pudore,
1259 1054 1373 1117 deinde
1394 1053 1491 1117 etiam
1510 1049 1610 1134 patris

287 1150 452 1234 diligentia
474 1151 710 1236 disciplinaque
733 1153 870 1214 munita:
894 1154 949 1235 qui
970 1158 1007 1213 ut
1026 1151 1101 1213 buic
1120 1148 1244 1213 virilem
1259 1156 1363 1231 togam
1377 1146 1463 1210 dedit
1475 1176 1517 1192 -
1531 1139 1633 1205 nihilo

287 1244 390 1308 dicam
411 1244 472 1308 boe
494 1246 564 1309 loco
589 1246 628 1309 de
650 1267 719 1323 me3
741 1253 863 1309 tantum
881 1246 938 1319 sit,
961 1253 1114 1328 quantum
1128 1264 1185 1307 vos
1199 1241 1399 1308 existimatis:
1422 1240 1482 1303 boc
1497 1237 1609 1309 dicam,

286 1339 372 1402 bunc
395 1357 414 1401 a
436 1346 525 1421 patre
550 1341 698 1403 continuo
721 1341 762 1403 ad
785 1359 835 1402 me
857 1359 927 1403 esse
948 1340 1118 1403 deductum
1131 1372 1184 1414 -,
1204 1356 1298 1401 nemo
1312 1336 1397 1399 bunc
1410 1336 1451 1397 Μ.
1468 1330 1609 1395 Caelium

287 1434 320 1496 in
344 1433 401 1496 illo
425 1434 537 1497 aetatis
559 1435 637 1497 flore
651 1434 737 1497 vidit
751 1434 813 1495 nisi
834 1442 888 1497 aut
908 1453 979 1496 cum
1002 1440 1090 1516 patre
1111 1440 1164 1496 aut
1185 1451 1307 1494 mecum
1327 1436 1383 1493 aut
1402 1428 1435 1491 in
1449 1428 1491 1492 M.
1506 1422 1609 1489 Crassi

287 1527 463 1591 nantissime
486 1527 600 1601 domo,
623 1548 694 1591 eum
717 1527 835 1590 artibus
857 1527 1090 1591 honestissimis
1111 1527 1297 1589 erudiretur.

370 1616 422 1683 40.
442 1620 521 1684 Nam
545 1621 630 1703 quod
647 1621 799 1684 Catilinae
820 1620 1017 1684 familiaritas
1038 1621 1161 1685 obiecta
1177 1618 1283 1683 Caelio
1306 1625 1363 1692 est,
1384 1615 1477 1699 longe
1491 1613 1531 1677 ab
1550 1612 1610 1676 ista
1618 1626 1647 1675 44

286 1714 470 1799 suspicione
492 1713 662 1777 abhorrere
685 1714 788 1778 debet.
822 1713 890 1779 Hoc
911 1714 995 1777 enim
1018 1715 1218 1777 adolescente
1235 1713 1320 1776 scitis
1333 1709 1530 1775 consulatum
1544 1724 1610 1768 me·

285 1830 357 1874 eum
379 1809 497 1892 petisse
521 1808 702 1871 Catilinam:
731 1809 771 1872 ad
793 1828 888 1892 quem
910 1810 936 1871 si
968 1808 1102 1872 accessit
1129 1815 1183 1871 aut
1211 1808 1238 1871 si
1265 1826 1285 1870 a
1305 1825 1356 1868 me
1378 1802 1522 1866 discessit
1540 1817 1610 1861 um·

284 1923 398 1989 quam,
433 1922 624 1987 quamquam
653 1903 744 1967 multi
773 1902 848 1965 boni
879 1902 1097 1966 adolescentes
1123 1902 1170 1966 illi
1195 1901 1318 1965 bomini
1346 1914 1485 1982 nequam
1512 1900 1609 1977 atque

284 1997 430 2081 improbo
458 1996 666 2069 studuerunt,
699 2004 804 2059 4444444
826 1996 1024 2060 existimetur
1049 1997 1172 2061 Caelius
1195 1996 1346 2059 Catilinae
1366 1991 1499 2056 nimium
1519 1987 1611 2053 iami-

284 2092 371 2155 liaris
392 2090 501 2152 fuisse.
534 2089 576 2151 At
597 2089 684 2152 enim
704 2098 816 2173 postea
838 2091 954 2153 scimus
976 2097 1010 2153 et
1030 2091 1165 2154 vidimus
1187 2108 1258 2154 esse
1278 2087 1364 2152 bunc
1383 2088 1418 2150 in
1430 2084 1518 2148 illius
1531 2080 1646 2146 ami-eo

242 2246 245 2251 .
285 2186 340 2249 eis.
373 2181 453 2259 Quis
474 2184 592 2263 negat?
622 2181 679 2244 sed
703 2202 761 2266 ego
783 2183 863 2247 illud
886 2192 1012 2267 tempus
1033 2185 1163 2259 aetatis,
1185 2182 1272 2268 quod
1292 2182 1397 2266 ipsum
1419 2197 1476 2243 sua
1496 2181 1609 2260 sponte

283 2276 462 2349 infirmnm,
484 2274 620 2338 aliorum
641 2275 773 2339 libidine
795 2276 946 2341 infestum
969 2287 1033 2353 est,
1055 2278 1086 2341 id
1108 2278 1170 2342 boe
1190 2277 1263 2341 loco
1286 2275 1433 2339 deiendo.
1467 2271 1539 2335 Fuit
1559 2288 1609 2331 as·

284 2372 397 2437 siduus
420 2389 545 2432 meeum
566 2377 712 2452 praetore
734 2390 800 2446 me3
822 2391 886 2434 non
901 2381 1032 2437 noverat
1047 2373 1228 2436 Catilinam:
1249 2370 1386 2434 Africam
1400 2375 1468 2433 tum
1481 2370 1609 2450 praetor

282 2466 338 2529 ille
367 2462 539 2527 obtinebat.
580 2465 714 2528 Secutus
745 2473 793 2528 est
820 2484 937 2541 annus,
966 2486 1033 2529 44444
1053 2486 1178 2530 causam
1201 2467 1240 2529 de
1261 2464 1406 2547 pecuniis
1425 2457 1609 2544 repetundis

285 2557 422 2625 Catilina
445 2556 535 2621 dixit.
570 2560 695 2621 Mecum
716 2566 784 2621 erat
803 2558 872 2622 bic:
894 2559 941 2622 illi
961 2581 1001 2624 ne
1017 2560 1186 2624 advocatus
1201 2560 1331 2643 quidem
1346 2557 1434 2622 venit
1447 2570 1645 2639 umquamne

284 2654 445 2735 Deinceps
475 2652 537 2715 fuit
567 2670 684 2728 annus,
712 2672 777 2736 quo
800 2672 859 2735 ego
881 2655 1080 2717 consulatum
1101 2654 1216 2737 petivi:
1238 2653 1367 2736 petebat
1388 2650 1522 2715 Catilina
1543 2669 1608 2711 me-

283 2770 364 2812 eum.
402 2748 583 2828 Numquam
606 2746 646 2809 ad
668 2746 757 2809 illum
779 2749 928 2822 accessit,
950 2767 969 2810 a
990 2768 1041 2812 me
1063 2766 1235 2831 numquam
1252 2747 1391 2810 recessit
1422 2747 1460 2808 V.
1476 2740 1526 2806 ll.
1548 2744 1609 2805 Tot

285 2844 383 2926 igitur
406 2859 507 2903 annos
530 2848 672 2903 versatus
693 2841 727 2903 in
747 2839 818 2905 foro
841 2840 910 2904 sine
933 2820 1129 2925 suspicione,
1152 2843 1221 2905 sine
1242 2841 1389 2914 infamia,
1410 2840 1531 2903 studuit
1552 2836 1609 2901 Ca·

282 2936 394 3000 tilinae
423 2935 537 2997 iterum
565 2934 694 3019 petenti.
736 2935 838 3010 Quem
867 2954 941 3018 ergo
969 2937 1010 2999 ad
1031 2933 1127 3000 finem
1147 2945 1240 3020 putas
1262 2934 1501 3000 custodiendam
1522 2931 1609 2995 illam
1693 2936 1697 2946 '

283 3036 419 3093 aetatem
450 3027 574 3092 luisset
617 3028 715 3092 Nobis
745 3028 875 3112 quidem
903 3029 979 3091 olim
1007 3049 1108 3093 annus
1138 3040 1205 3094 erat
1232 3050 1316 3094 unus
1337 3030 1377 3093 ad
1399 3026 1647 3092 cohibendumrs

282 3124 445 3188 brachium
467 3130 540 3206 toga
562 3124 750 3187 constitutus
773 3131 805 3186 et
825 3130 860 3185 ut
882 3122 1109 3187 exercitatione
1130 3124 1270 3208 ludoque
1290 3122 1456 3207 campestri
1477 3117 1610 3183 tunicati
1732 3184 1742 3218 Ι
1773 3195 1776 3204 Ι

281 3216 668 3300 uteremur‚(eademque
698 3218 795 3299 erat,)
812 3218 840 3279 si
870 3218 974 3280 statim
1003 3220 1116 3281 mereri
1139 3218 1294 3302 stipendia
1315 3234 1519 3300 coeperamus
1527 3210 1610 3289 ,(ea-
1690 3221 1707 3259 4(
1745 3275 1756 3300 J

283 3312 416 3377 sirensis
440 3290 579 3375 4444ίοῖ4
601 3308 778 3405 militaris.)
792 3310 864 3386 Qua
886 3312 920 3375 in
941 3318 1061 3387 aetate,
1082 3314 1145 3378 nisi
1166 3314 1223 3396 qui
1244 3333 1279 3376 se
1299 3315 1370 3396 ipsa
1384 3330 1443 3375 sua
1457 3306 1609 3391 gravitate
1704 3265 1792 3377 *sl

283 3415 315 3471 et
338 3404 524 3470 castimonia
553 3412 585 3468 et
611 3424 681 3468 eum
710 3403 878 3487 disciplina
899 3404 1089 3480 domestica,
1111 3416 1178 3469 tum
1200 3408 1294 3471 etiam
1316 3404 1452 3470 naturali
1473 3400 1609 3485 quodam

281 3501 368 3565 bono
392 3497 592 3573 defenderet,
615 3518 746 3582 quoquo
769 3498 863 3563 modo
885 3518 904 3562 a
926 3499 992 3561 suis
1014 3500 1192 3565 custoditus
1205 3508 1306 3576 esset,
1326 3508 1434 3565 4444444
1447 3495 1647 3561 infamiamaa

280 3614 389 3657 reram
417 3594 557 3676 effugere
586 3611 650 3655 non
679 3599 812 3675 poterat.
853 3592 916 3656 Sed
943 3594 999 3676 qui
1028 3595 1131 3677 prima
1157 3594 1214 3660 illa
1240 3596 1332 3659 initia
1352 3593 1465 3658 aetatis
1485 3593 1611 3672 integra

280 3697 379 3773 atque
408 3686 560 3751 inviolata
588 3686 811 3769 praestitisset,
834 3688 874 3750 de
896 3686 965 3749 eius
986 3686 1070 3751 fama
1089 3708 1127 3751 ac
1150 3691 1319 3773 pudicitia,
1347 3708 1419 3751 eum
1441 3687 1469 3749 is
1489 3686 1553 3749 iam
1575 3702 1609 3747 se

283 3780 553 3845 conroboravisset
580 3798 616 3842 ao
643 3781 692 3843 vir
713 3781 797 3844 inter
818 3782 903 3844 viros
926 3787 1027 3858 esset,
1055 3802 1150 3846 nemo
1172 3783 1368 3866 loquebatur.
1409 3777 1460 3843 42.
1483 3778 1610 3843 Studuit

281 3874 456 3949 Catilinae,
486 3892 557 3937 eum
580 3874 643 3937 iam
665 3874 787 3959 aliquot
807 3894 907 3938 annos
929 3884 1015 3939 esset
1035 3878 1069 3939 in
1090 3876 1177 3952 ioro,
1207 3876 1351 3941 Caelius:
1382 3884 1414 3941 et
1435 3876 1527 3940 multi
1546 3874 1609 3938 boe

280 3967 367 4031 idem
389 3986 430 4031 ex
452 3968 539 4032 omni
563 3969 674 4032 ordine
694 3976 790 4053 atque
812 3987 853 4032 444
875 3970 961 4033 omni
986 3978 1088 4036 aetate
1109 3971 1264 4035 fecerunt.
1299 3969 1418 4035 Habuit
1438 3971 1523 4034 enim
1543 3969 1646 4043 illese

347 4256 371 4307 3.
390 4257 473 4319 quood
489 4258 523 4308 P:
543 4256 610 4317 qood
626 4256 676 4307 EG
691 4285 718 4295 -
736 4258 800 4309 44444
815 4260 835 4309 P
851 4284 885 4297 -
897 4261 980 4323 potuit
996 4260 1045 4326 isti]
1059 4261 1163 4324 44444444·
1179 4261 1243 4323 ΡΕ;
1257 4261 1341 4323 potuit
1356 4264 1378 4312 G
1392 4259 1448 4324 (sed
1464 4260 1485 4310 it
1500 4260 1528 4311 in
1543 4258 1609 4323 ras.)

283 4334 310 4383 et
326 4335 345 4383 1.
364 4358 392 4368 -
411 4332 435 4383 6.
454 4332 537 4382 dicam
553 4335 585 4384 P:
605 4344 659 4383 orn.
677 4332 697 4383 E
709 4334 729 4383 G
739 4333 767 4383 0.
795 4333 834 4384 ci.
853 4334 879 4383 in
895 4334 972 4385 Varr.
990 4338 1015 4398 1,
1034 4335 1049 4399 5
1067 4337 1123 4386 4444.
1142 4351 1168 4401 p.
1183 4338 1285 4396 Quinct.
1306 4336 1321 4400 fi
1333 4336 1374 4387 84.
1393 4334 1427 4386 de
1442 4338 1520 4387 Prov.
1533 4348 1606 4387 cons.

280 4408 296 4472 5
313 4408 345 4469 8,
365 4420 432 4471 quos
448 4405 522 4457 locos
539 4406 748 4471 Wesenbergius
764 4406 857 4459 attulit.
879 4435 905 4445 -
926 4412 1082 4463 4444444444
1098 4414 1118 4463 Ρ
1136 4438 1163 4448 -
1183 4413 1207 4463 9.
1225 4413 1372 4463 4444444444
1387 4415 1406 4463 Ρ
1419 4438 1447 4448 -—
1464 4412 1610 4463 4444444444-

278 4482 327 4532 mis
342 4485 362 4533 P
381 4508 408 4518 -
428 4483 468 4532 tt.
486 4482 621 4543 suspitione
637 4485 657 4533 P
674 4508 707 4520 -
731 4486 770 4534 ⁴2.
790 4488 818 4532 44
834 4496 907 4545 quoio
923 4485 952 4537 4)ι
971 4512 997 4520 -
1028 4492 1073 4537 444
1088 4502 1106 4537 4
1120 4501 1160 4538 cic
1176 4486 1235 4538 cod.
1253 4486 1345 4537 bamb.
1366 4513 1394 4523 -
1412 4487 1453 4537 43.
1470 4487 1563 4540 mmai
1578 4490 1607 4550 P,

280 4557 330 4609 sed
345 4558 374 4607 44
390 4568 427 4607 m.
445 4558 461 4608 4
479 4560 552 4607 extra
569 4570 687 4610 versum.
703 4586 729 4595 —
748 4570 934 4622 aequamquom
951 4559 1020 4611 1³¹—
1041 4561 1081 4613 u.
1100 4568 1184 4613 4444444
1200 4564 1233 4614 C:
1252 4567 1306 4613 4444
1322 4563 1356 4619 03
1375 4561 1408 4612 ei.
1421 4563 1507 4614 Madv.
1520 4576 1546 4627 p.
1560 4562 1604 4613 304

281 4636 307 4684 et
323 4631 405 4683 Klotz.
424 4634 451 4684 in
467 4633 551 4684 Praei.
566 4631 608 4683 ed.
622 4630 723 4684 Teubn.
742 4633 757 4699 ἓ
775 4635 815 4684 tt.
829 4660 858 4673 -
877 4638 918 4686 45.
938 4636 1029 4687 scimus
1044 4641 1144 4690 Pcorr.
1158 4652 1191 4689 er
1208 4639 1313 4700 4444444,
1330 4637 1526 4689 studetur·
1545 4637 1610 4687 44444-

279 4708 345 4758 cittis
360 4710 381 4759 G
397 4736 431 4745 -
448 4709 488 4761 47.
506 4708 613 4759 lubidine
628 4713 648 4760 P
666 4735 694 4746 -
713 4711 831 4774 infactum
848 4713 869 4761 G
889 4738 917 4748 —·
936 4712 1056 4764 4444444444
1070 4716 1090 4767 Ρ
1107 4716 1231 4780 (44444444
1245 4726 1356 4765 44444444.-
1371 4720 1491 4777 praetore
1504 4726 1544 4765 444
1558 4728 1610 4764 444

280 4786 332 4834 cet.
352 4784 379 4847 L)
396 4810 430 4821 -
446 4785 487 4834 49.
506 4797 564 4835 cum
580 4797 683 4836 44444444
699 4788 835 4837 Garatoni:
855 4800 913 4837 444444
930 4800 984 4839 om.
1003 4788 1066 4847 (104
1085 4804 1134 4852 qao
1149 4802 1254 4840 4444444
1270 4792 1339 4841 4444.
1357 4790 1474 4841 Weiske.
1494 4816 1523 4827 -
1540 4802 1610 4854 rope·

281 4858 360 4908 tendis
377 4858 438 4908 E·
455 4858 497 4910 44.
515 4872 647 4921 amquam
663 4872 681 4910 4
695 4874 736 4913 css
753 4862 772 4911 1.
788 4888 813 4899 -
833 4863 874 4914 43.
887 4876 967 4914 oscos
981 4869 1095 4914 44444444
1109 4861 1154 4916 1³²:
1172 4877 1254 4914 4444444
1264 4878 1327 4916 cum
1337 4864 1431 4917 lacuna
1443 4862 1472 4916 1³¹
1485 4892 1513 4902 -
1531 4865 1573 4916 26.
1585 4870 1610 4916 44

280 4936 387 4984 anteiit
405 4946 458 4984 om.
478 4936 496 4985 L
516 4962 542 4973 -
562 4936 604 4986 47.
621 4948 716 4987 marm
733 4936 793 4989 leet.
812 4950 868 4989 var.
887 4938 914 4988 in
930 4949 1014 5001 marg.
1032 4938 1124 4989 Lamb.
1140 4964 1168 4975 ·-
1185 4951 1330 5001 4444444444
1345 4943 1364 4992 Ρ
1383 4966 1410 4977 -
1428 4940 1470 4990 48.
1488 4952 1566 5001 444444
1581 4940 1609 4990 ia

279 5006 310 5061 1³¹
327 5034 354 5045 -
374 5006 415 5060 30.
433 5010 572 5073 defenderet
587 5012 653 5063 EG:
671 5012 813 5077 defenderat
829 5014 920 5073 PLO,
939 5013 1011 5077 quod
1027 5013 1072 5063 bie
1087 5013 1149 5063 terri
1166 5027 1219 5065 non
1235 5027 1316 5079 posse
1333 5017 1407 5067 reete
1424 5007 1530 5079 44444444
1545 5016 1608 5065 We·

279 5082 451 5148 ambaesius,
477 5085 623 5138 admonens
648 5100 729 5152 qnam
752 5101 834 5154 saepe
851 5102 866 5140 a
888 5087 1000 5140 librariis
1018 5090 1045 5140 in
1061 5089 1206 5142 verboram
1222 5088 1450 5142 terminationibus
1466 5090 1607 5153 peccatum

280 5160 322 5211 sit.
350 5158 389 5210 ct.
408 5160 488 5211 etiam
504 5162 576 5213 bakit
592 5162 881 5229 sehol.Hypomn.111,
898 5178 926 5229 p.
938 5164 1032 5216 aaa·
1051 5178 1100 5228 4444
1115 5167 1189 5217 codo
1204 5165 1234 5219 1²¹
1246 5193 1274 5205 -
1293 5166 1427 5217 4444444444
1443 5178 1462 5215 4
1475 5166 1528 5216 scits
1542 5165 1563 5215 E
1576 5188 1604 5201 —

278 5235 400 5299 4444444444
418 5242 518 5288 44444444
537 5236 646 5298 Bellum
672 5252 760 5289 4444444
782 5240 902 5291 Emestio
924 5241 1080 5305 suspectum
1102 5241 1173 5303 erat;
1200 5241 1261 5292 tort.
1278 5242 1411 5305 4444444444
1425 5241 1558 5292 4444444444
1575 5263 1603 5276 -

279 5310 321 5363 34.
338 5309 413 5361 acra
428 5311 516 5363 4444444
531 5313 566 5362 P:
584 5312 772 5377 4444444444Ε;
789 5315 950 5367 4444444444.
969 5316 990 5365 G
1010 5340 1038 5353 —
1055 5312 1367 5381 aerumnosius&
