4009 6159
416 529 479 601 962
838 534 991 600 oaarlo
1013 535 1092 600 PRO
1114 538 1148 601 P.
1171 537 1314 602 SESTIO

417 711 538 791 patriae
559 722 747 787 recuperare
768 704 865 769 vellet
887 712 1040 788 ereptum.
1077 705 1220 788 Simplex
1241 724 1346 780 causa,
1368 714 1517 770 constans
1538 708 1630 784 ratio,
1651 709 1748 793 plena

416 799 635 866 consensionis
663 800 822 873 omnium,
855 798 949 881 plena
979 798 1178 862 concordiae.
1230 799 1375 882 Collegae
1402 800 1562 865 adiutores
1593 802 1747 882 babebat3

417 895 555 960 consulis
576 893 709 956 alterius
730 913 888 956 summum
911 891 1066 967 studium,
1088 892 1219 956 alterius
1241 894 1367 957 animus
1388 914 1490 977 paene
1512 896 1665 979 placatus.
1696 902 1748 963 lle

414 987 611 1071 praetoribus
633 1007 716 1051 unus
737 986 880 1062 alienus;
908 995 1036 1050 senatus
1058 985 1254 1050 incredibilis
1276 987 1438 1064 voluntas,
1466 991 1609 1073 equitum
1630 994 1748 1057 Roma·

391 1095 527 1146 cnorum
549 1080 646 1143 animi
669 1080 708 1143 ad
732 1098 858 1144 causam
880 1080 1024 1154 excitati,
1046 1090 1151 1143 erecta
1172 1080 1273 1144 ltalia.
1309 1082 1381 1144 Duo
1403 1083 1462 1145 soli
1484 1092 1576 1149 erant
1588 1088 1685 1169 empti
1703 1088 1747 1150 ad

414 1175 669 1258 impediendum:
699 1174 754 1258 qui
784 1175 810 1237 si
837 1174 985 1237 bomines
1008 1174 1148 1258 despecti
1171 1181 1202 1237 et
1224 1175 1397 1257 contempti
1420 1184 1540 1241 tanum
1560 1198 1627 1241 rem
1649 1180 1748 1243 susti·

413 1291 489 1333 nere
511 1289 576 1332 non
597 1268 795 1351 potuissent,
817 1286 851 1330 se
873 1288 1013 1341 causam,
1036 1287 1131 1350 quam
1151 1278 1352 1350 susceperat,
1374 1268 1462 1334 nullo
1477 1271 1586 1335 labore
1600 1279 1748 1356 peractu-

413 1385 482 1429 rum
503 1364 640 1428 videbat.
679 1363 800 1446 Agebat
828 1362 1034 1436 auctoritate,
1063 1362 1176 1444 agebat
1198 1361 1347 1436 consilio,
1376 1364 1489 1446 agebat
1509 1384 1567 1449 per
1586 1386 1747 1431 summum

414 1458 575 1532 ordinem,
598 1458 711 1540 agebat
734 1455 882 1539 exemplo
904 1455 1062 1519 bonorum
1085 1475 1122 1519 ac
1143 1456 1272 1519 fortium
1293 1457 1428 1519 civium:
1450 1459 1528 1542 quid
1550 1461 1747 1544 republica,

375 1566 403 1612 so
413 1552 491 1636 quid
520 1573 555 1616 se
585 1552 713 1635 dignum
744 1558 845 1624 esset,
872 1550 944 1632 quis
976 1550 1046 1631 ipse
1073 1549 1441 1634 esset,quid1sperare,
1470 1554 1550 1637 quid
1571 1555 1745 1619 maioribus

412 1649 478 1711 suis
506 1645 640 1711 reddere
662 1644 811 1715 deberet,
840 1642 1083 1725 diligentissime
1106 1644 1272 1727 cogitabat.
1316 1646 1396 1708 XLl.
1418 1644 1469 1709 88.
1492 1647 1576 1711 Huic
1597 1650 1742 1731 gravitati

411 1741 550 1805 hominis
578 1738 707 1805 videbat
738 1738 793 1801 ille
822 1736 976 1820 gladiator
1005 1760 1054 1813 se,
1084 1740 1111 1801 si
1142 1739 1281 1802 moribus
1302 1750 1424 1822 ageret,
1454 1761 1562 1825 parem
1583 1762 1743 1805 essenon

411 1856 522 1920 posse:
552 1834 592 1897 ad
616 1832 833 1917 quotidianam
856 1832 1000 1908 caedem,
1029 1831 1194 1907 incendia,
1215 1836 1344 1917 rapinas
1366 1854 1401 1897 se
1423 1854 1494 1897 cum
1517 1838 1659 1900 exercitu
1681 1856 1742 1900 suo

411 1931 561 2006 contulit;
583 1929 712 1991 domm
735 1944 934 2009 oppugnare,
956 1927 1124 1990 itineribus
1139 1946 1315 2002 occurrere,
1336 1928 1368 1989 vi
1391 1927 1547 1993 lacessere
1568 1938 1600 1992 et
1621 1937 1743 1994 terrere

373 2027 527 2109 tocoepit.
559 2026 630 2087 Non
652 2021 749 2084 movit
770 2020 931 2083 bominem
955 2041 1076 2083 summa
1093 2022 1246 2103 gravitate
1262 2040 1448 2105 summaque
1463 2025 1660 2087 constantia:
1682 2022 1741 2089 sed

297 2193 300 2203 ¹
394 2098 602 2202 (quamquam
630 2116 720 2178 dolor
747 2114 863 2188 animi,
897 2116 1007 2178 innata
1034 2114 1180 2189 libertas,
1213 2124 1360 2199 prompta
1388 2116 1613 2201 excellensque
1639 2119 1741 2183 virttis

232 2230 296 2291 μ
359 2251 362 2260 ,
408 2212 614 2276 fortissimum
642 2210 744 2273 virum
771 2201 972 2305 hortabatur)
1003 2210 1035 2271 vi
1055 2209 1120 2271 rim
1143 2209 1297 2283 oblatam,
1319 2212 1506 2292 praesertim
1527 2213 1674 2295 saepius,
1703 2221 1741 2277 ut

292 2344 306 2410 3
359 2312 370 2357 i
407 2306 566 2389 frangeret
593 2312 626 2367 et
650 2292 933 2387 refutaret,(tanta
953 2302 1130 2366 moderatio
1153 2301 1215 2381 ipit
1234 2303 1389 2378 bominis,
1418 2311 1538 2367 tantum
1561 2297 1745 2389 consilium)

216 2396 300 2484 αἳ
406 2410 443 2465 ut
464 2401 640 2464 contineret
660 2398 801 2462 dolorem
823 2384 929 2482 neque
952 2398 1063 2461 eadem
1086 2416 1121 2459 se
1142 2416 1177 2459 re
1198 2397 1420 2473 ulcisceretur,
1447 2388 1520 2481 qua*
1535 2407 1620 2463 esset
1638 2400 1742 2463 laces·

369 2496 504 2569 tositus,
527 2492 582 2557 sed
603 2492 694 2556 illum
717 2500 764 2557 tot
783 2493 845 2556 iam
868 2492 901 2553 in
922 2490 1088 2554 funeribus
1109 2491 1155 2554 rei
1178 2490 1325 2575 publicae
1347 2492 1558 2557 exsultantem
1579 2512 1617 2557 ac
1638 2494 1740 2578 tripu-

406 2589 546 2652 diantem
566 2587 689 2669 legum,
710 2586 738 2649 si
760 2593 884 2670 posset,
907 2585 1031 2670 laqueis
1053 2585 1291 2667 constringeret
1329 2582 1381 2647 89.
1405 2586 1577 2650 Descendit
1591 2587 1631 2651 ad
1647 2607 1741 2651 sccu-

406 2683 549 2749 sandum.
581 2681 660 2757 Quis
682 2701 832 2765 umquam
851 2687 916 2743 tam
930 2681 1059 2762 proprie
1074 2680 1120 2741 rei
1138 2678 1283 2761 publicae
1298 2684 1415 2743 causat
1439 2680 1534 2744 nullis
1548 2681 1737 2755 inimicitiis,

275 2848 287 2857 ..
406 2778 501 2855 nullis
522 2775 689 2860 praemiis,
711 2775 800 2864 mdia
820 2775 986 2839 hominum
1009 2772 1225 2855 postulatione
1247 2772 1418 2836 autetiam
1440 2768 1594 2856 opinione
1614 2776 1649 2839 id
1665 2796 1738 2839 eum

405 2891 555 2956 umquam
578 2889 648 2934 esse
669 2868 834 2934 facturum.
868 2868 971 2932 Fracti
994 2874 1085 2929 erant
1099 2866 1196 2929 animi
1214 2865 1367 2929 bominis:
1387 2867 1450 2930 boc
1464 2868 1549 2930 enim
1564 2877 1735 2933 accusante

367 2966 529 3049 aspristini
551 2963 638 3027 illius
660 2964 710 3026 sui
724 2962 834 3027 iudicii
850 2959 1079 3045 turpitudinem
1095 2959 1292 3041 desperabat.
1308 2950 1407 3043 (Ecce
1423 2961 1480 3023 tibi
1496 2963 1624 3040 consul,
1646 2983 1737 3047 prae·

406 3068 472 3133 tor,
499 3057 646 3121 tribunus
674 3058 718 3140 pl.
740 3076 823 3120 nova
850 3054 926 3118 novi
956 3056 1081 3137 generis
1104 3053 1205 3118 edicta
1227 3044 1432 3151 proponunt)
1463 3075 1522 3119 sne
1544 3077 1620 3120 reus
1642 3057 1733 3132 adsit,

404 3174 444 3217 ne
467 3155 596 3227 citetur,
626 3172 667 3214 ne
689 3159 874 3235 quaeratur,
905 3168 946 3211 ne
976 3150 1170 3212 mentionem
1192 3150 1322 3213 omnino
1345 3150 1493 3234 cuiquam
1514 3150 1657 3216 iudicum
1680 3160 1735 3215 aut

403 3248 593 3311 iudiciorum
614 3244 717 3309 facere
739 3244 861 3307 liceat.»
900 3242 986 3318 Quid
1011 3251 1119 3324 ageret
1133 3243 1181 3306 vir
1201 3244 1241 3307 ad
1257 3244 1423 3317 virtutem,
1447 3245 1642 3327 dignitatem,
1666 3247 1734 3329 glo·

402 3343 481 3405 riam
510 3349 617 3415 natus,
647 3340 678 3402 vi
709 3338 936 3401 sceleratorum
963 3336 1128 3399 bominum
1151 3338 1370 3412 corroborata,
1395 3338 1517 3421 legibus
1539 3340 1733 3425 iudiciisque

365 3435 558 3499 sosublatis‘l
591 3434 737 3496 Cervices
759 3431 903 3495 tribunus
926 3430 969 3514 pl.
993 3432 1130 3512 privato,
1155 3433 1447 3512 praestantissimus
1469 3434 1519 3496 vir
1539 3434 1732 3517 profligatis·

403 3532 483 3595 simo
505 3529 628 3592 bomini
651 3526 763 3589 daret?
792 3545 834 3588 au
857 3544 980 3589 causam
1003 3533 1180 3607 susceptam
1202 3524 1377 3607 affligeret?
1399 3545 1439 3589 an
1463 3547 1496 3590 se
1520 3526 1607 3590 domi
1631 3528 1734 3591 couti·

403 3626 516 3689 nerett
537 3624 577 3686 Et
598 3622 682 3686 vinci
702 3628 795 3703 turpe
817 3618 937 3703 putavit
959 3625 991 3680 et
1012 3617 1163 3681 deterreri
1184 3626 1216 3682 et
1230 3618 1338 3681 latere.
1367 3619 1501 3684 Perfecit
1513 3630 1559 3697 ut,
1581 3621 1733 3705 quoniam

403 3719 463 3783 sibi
484 3719 519 3780 in
540 3717 631 3780 illum
652 3714 775 3797 legibus
797 3714 843 3777 uti
865 3733 930 3776 nou
952 3713 1080 3787 liceret,
1109 3713 1195 3776 illius
1224 3714 1288 3774 rim
1311 3734 1415 3797 neque
1437 3715 1470 3777 in
1492 3735 1551 3778 suo
1573 3735 1679 3800 neque
1701 3718 1733 3778 in

402 3814 450 3875 rei
471 3810 616 3895 publicae
637 3808 778 3892 periculo
803 3808 1049 3891 pertimesceret.
1093 3807 1188 3869 XLll.
1211 3803 1262 3868 90.
1286 3806 1360 3882 Quo
1382 3808 1479 3872 modo
1500 3810 1598 3892 igitur
1617 3810 1680 3875 boc
1700 3812 1734 3873 in

366 3922 519 3991 degenere
541 3903 693 3987 praesidii
714 3903 887 3985 comparati
908 3920 1039 3964 accusas
1055 3902 1212 3976 Sestium,
1235 3922 1306 3965 cum
1327 3902 1412 3965 idem
1433 3902 1545 3968 laudes
1559 3904 1734 3969 Milonem?

402 4005 451 4065 An
474 4000 529 4085 qui
551 4018 608 4062 sua
629 4004 712 4059 tecta
733 3994 891 4071 defendit,
914 3994 969 4078 qui
990 3996 1031 4058 ab
1046 3995 1109 4057 aris
1127 3993 1208 4058 focis
1221 3994 1340 4059 ferrum
1355 3993 1576 4080 flammamque
1591 3997 1733 4082 depellit,

404 4096 459 4179 qui
481 4092 541 4157 sibi
563 4092 658 4154 licere
680 4089 748 4153 vult
769 4097 837 4169 tuto
861 4108 930 4152 esse
953 4089 986 4151 in
1009 4089 1094 4164 foro,
1123 4090 1156 4151 in
1179 4090 1314 4172 templo,
1337 4090 1499 4166 incuria,
1522 4091 1591 4155 iure
1612 4093 1733 4177 praesi-

248 2371 261 2385 14

457 4338 481 4385 4.
500 4346 554 4384 444
568 4334 604 4384 .Ρ.
616 4336 670 4381 tom
682 4330 737 4393 (sic)
751 4332 784 4389 P;
802 4330 951 4393 bisuperne
962 4330 1097 4394 punctulo)
1108 4330 1147 4381 rei
1160 4343 1186 4394 p.
1199 4337 1251 4381 tum
1261 4334 1296 4393 G,
1314 4332 1342 4381 iu
1353 4330 1432 4383 codd.
1443 4330 1578 4397 plerisque
1587 4332 1730 4384 suntraria

404 4410 510 4463 menda.
522 4435 549 4445 -
562 4410 588 4459 o.
600 4409 649 4457 duo
660 4406 769 4457 4444446
782 4430 810 4441 -
830 4405 853 4455 i.
870 4406 1041 4467 4444444444-
1061 4406 1163 4457 43.444
1176 4419 1248 4469 porse
1258 4405 1299 4456 12¹:
1318 4421 1369 4458 uos
1382 4420 1453 4471 posse
1469 4407 1689 4472 adtrmmfooss
1699 4408 1730 4469 G,

403 4492 431 4539 et
447 4489 485 4537 sic
502 4488 528 4535 iu
545 4487 564 4535 P
581 4483 701 4534 additum
717 4494 775 4546 sup.
794 4480 839 4530 lin.
858 4481 923 4531 mi
940 4492 1012 4539 rec.;
1030 4495 1081 4531 ooo
1095 4494 1183 4544 porse:
1207 4483 1242 4532 nd
1255 4484 1365 4546 44444444,
1384 4484 1418 4534 ad
1433 4484 1501 4547 socer
1516 4480 1580 4533 edd.
1598 4482 1634 4545 (iu
1650 4480 1730 4533 codd.

403 4563 468 4611 dett.
492 4560 565 4611 locus
587 4557 683 4621 deest.)
702 4582 728 4592 —
758 4555 798 4606 43.
822 4555 975 4605 cotidianam
997 4558 1048 4606 Po
1072 4582 1099 4592 -
1126 4558 1167 4607 44.
1189 4558 1340 4608 monemur
1364 4561 1426 4610 PG:
1452 4557 1620 4610 bertoboobsr
1635 4555 1684 4608 b0
1701 4580 1730 4593 -·

404 4636 674 4695 imbecilitatem,
692 4629 1069 4694 mmommmb.inmarg.-
1090 4633 1283 4684 ⁴9.reseG—
1302 4632 1607 4685 ttmttootempu—
1626 4632 1733 4683 3344444

402 4713 429 4761 ia
447 4713 465 4762 Ρ
481 4723 541 4775 sup.
560 4708 602 4760 liu.
623 4719 658 4759 m.
677 4708 778 4757 vetere.
798 4732 825 4741 -
845 4704 885 4757 33.
904 4706 931 4753 id
947 4718 1003 4755 eum
1019 4720 1140 4769 unquam
1156 4706 1301 4759 Lambinus
1319 4708 1352 4769 (in
1370 4720 1454 4772 marg.
1473 4707 1516 4758 ed.
1535 4705 1621 4770 44484);
1642 4707 1670 4757 id
1684 4703 1734 4758 st-

402 4798 479 4847 qoom
496 4780 523 4834 1³¹
541 4784 597 4848 ipro
614 4784 640 4834 id
656 4778 804 4844 misacam
823 4782 849 4831 id
864 4793 986 4843 4444444444
1002 4783 1421 4845 P²oo-ro.promms1³¹-
1442 4785 1501 4835 44444
1517 4782 1546 4833 ΡΙ
1564 4808 1593 4819 -
1610 4782 1652 4833 29.
1670 4794 1733 4832 ooa-

401 4862 522 4912 44444444
537 4862 556 4909 Ρ
575 4884 602 4895 -
627 4859 667 4910 34.
686 4859 815 4923 4444444444
831 4859 865 4916 Ρ;
889 4856 1007 4907 minuet
1022 4857 1192 4908 ltuhnkeuius
1210 4858 1375 4920 (4444444444
1391 4859 1439 4920 444,
1457 4870 1485 4923 p.
1497 4856 1554 4918 333)
1572 4858 1601 4907 44
1616 4857 1732 4909 llomm·

402 4936 501 4988 senius.
522 4958 550 4970 -
569 4933 611 4984 33.
628 4939 651 4984 et
667 4933 752 4983 444444.
770 4932 873 4995 Perfecit
888 4937 916 4983 ot
932 4931 1079 4995 Madvigius
1101 4946 1129 4995 p.
1146 4931 1209 4983 tre:
1227 4933 1303 4983 444444
1318 4934 1415 4997 mpero
1430 4934 1487 4985 44444
1502 4932 1576 4997 (eripi
1592 4931 1677 4982 reeicit
1693 4932 1731 4995 Pr)

400 5016 429 5061 ut
445 5013 477 5071 P;
495 5010 571 5060 etium
586 5008 683 5071 eripere
698 5008 770 5071 elegit
785 5012 813 5057 ut
827 5009 861 5067 G;
879 5008 965 5057 litium
980 5018 994 5057 4
1010 5019 1038 5055 44
1050 5005 1153 5068 publico
1168 5006 1273 5057 4444444444
1286 5012 1316 5057 ut
1326 5008 1347 5057 0
1358 5010 1455 5072 partim
1466 5022 1501 5060 ex
1511 5008 1580 5060 coni.
1593 5005 1729 5068 Lambinl;

401 5092 424 5137 44
439 5092 531 5138 4444444
542 5085 636 5149 per-ire.
654 5083 741 5147 Effecit
751 5087 780 5132 ut
790 5082 937 5145 seyuertus
948 5096 974 5147 p.
988 5081 1029 5132 63.
1041 5108 1076 5118 -
1092 5080 1133 5133 34.
1150 5082 1178 5131 ia
1193 5081 1239 5131 boc
1253 5084 1549 5146 possedonius
1564 5110 1591 5120 -
1610 5082 1650 5133 33.
1667 5094 1732 5133 444-

398 5156 1731 5225 pernoscemus?-as.orosoooqoscod.trmc.-ttomnosqoes-sa.aots1³-tsrs

402 5234 436 5287 l’:
453 5234 481 5285 lo
496 5244 525 5287 44
542 5234 572 5286 o.
