4009 6159
392 513 475 583 4356
818 523 970 590 ORATIO
991 523 1217 590 PHILIPPICA
1237 525 1292 590 xl.

391 691 509 768 noluit,
538 713 579 756 ne
600 692 709 769 nimis,
731 694 843 768 credo,
871 695 903 758 in
924 687 1057 759 victoria
1078 693 1219 758 liberalis
1238 693 1409 759 videretur.
1446 695 1523 760 Cum
1544 697 1750 762 verborum

389 786 590 852 contumeliis
621 789 773 872 optimum
802 791 904 852 virum
931 791 1052 854 incesto
1081 809 1137 852 ors
1164 789 1348 864 lacerasset,
1376 797 1443 854 turn
1472 791 1678 855 verberibus
1707 813 1753 855 ae

391 883 555 945 tormentis
577 884 793 967 quaestionem
815 883 925 947 babuit
946 885 1101 966 pecuniae
1121 883 1267 968 publicae
1282 883 1380 967 idque
1399 905 1457 968 per
1470 884 1628 948 biduum:
1658 893 1753 969 post

392 975 564 1040 cervicibus
585 976 692 1041 lraetis
714 985 809 1062 caput
830 979 964 1042 abscidit
985 979 1082 1062 idque
1104 977 1243 1041 adfixum
1266 979 1381 1060 gesturi
1403 980 1496 1044 iussit
1513 979 1546 1042 in
1561 976 1660 1063 pilo:
1689 999 1752 1042 re·

367 1070 512 1154 aliquum
542 1090 655 1156 corpus
685 1077 817 1136 tractum
847 1068 954 1156 [atque
984 1067 1148 1155 laniatum]
1171 1071 1287 1135 abiecit
1307 1072 1340 1133 in
1362 1092 1458 1136 mare.
1501 1071 1531 1137 6.
1555 1073 1643 1137 Cum
1673 1072 1750 1136 hoc

389 1163 480 1228 hoste
502 1164 685 1229 bellandum
708 1174 770 1241 est,
793 1166 881 1229 cuins
899 1166 1079 1230 taeterrima
1094 1166 1277 1230 crudelitate
1292 1166 1395 1229 omnis
1410 1166 1553 1230 barbaria
1568 1175 1751 1250 superata

389 1266 448 1321 est.
485 1259 569 1335 Quid
591 1259 702 1343 loquar
723 1261 762 1323 de
785 1259 881 1324 caede
897 1261 1012 1324 civium
1033 1261 1268 1324 Romanorum?
1290 1262 1330 1322 de
1350 1259 1526 1345 direptione
1547 1260 1749 1325 fanorum?

390 1353 462 1436 quis
483 1359 531 1416 est
552 1352 608 1436 qui
631 1373 687 1435 pro
709 1374 812 1418 rerum
835 1355 997 1418 atrocitate
1020 1353 1185 1438 deplorare
1207 1362 1309 1418 tantas
1325 1354 1520 1419 calamitates
1535 1357 1669 1436 queat?
1699 1356 1748 1418 Et

389 1464 474 1509 nunc
503 1453 570 1509 tota
596 1447 671 1510 Asia
699 1454 846 1530 vagetur,
873 1447 983 1510 volitat
1003 1459 1039 1512 ut
1065 1470 1139 1524 rex,
1166 1469 1225 1513 nos
1247 1449 1311 1512 alio
1332 1448 1416 1513 bello
1439 1447 1583 1512 distineri
1605 1455 1745 1531 putat:

355 1540 482 1624 roquasi
511 1560 586 1605 vero
618 1561 681 1604 non
711 1540 794 1605 idem
820 1561 981 1624 unumque
1003 1542 1121 1604 bellum
1144 1544 1185 1606 sit
1206 1551 1314 1605 contra
1334 1542 1397 1605 hoc
1417 1543 1526 1626 iugum
1546 1543 1743 1625 impiorum

389 1633 555 1697 nefarium.
598 1635 653 1698 111.
676 1633 848 1718 Imaginem
877 1637 918 1698 M.
940 1637 1068 1699 Antonii
1098 1636 1292 1700 crudelitatis
1322 1636 1355 1698 in
1383 1635 1547 1700 Dolabella
1568 1637 1742 1701 cernitis:

391 1749 432 1792 ex
458 1728 521 1792 boc
549 1728 603 1794 illa
630 1725 733 1791 efficta
755 1733 817 1802 est,
847 1729 886 1791 ab
907 1727 968 1791 boc
989 1729 1172 1814 Dolabellae
1194 1728 1347 1793 scelerum
1369 1738 1535 1814 praecepta
1556 1739 1632 1795 sunt
1661 1741 1741 1797 tra-

390 1823 465 1886 dita.
501 1826 582 1887 Num
605 1823 777 1896 leniorem,
809 1843 902 1906 quam
929 1825 962 1886 in
983 1824 1059 1887 AsIa
1087 1823 1250 1887 Dolabella
1271 1822 1346 1899 tuit,
1373 1825 1408 1886 in
1429 1825 1534 1900 ltalia,
1563 1828 1590 1889 si
1611 1825 1737 1901 liceat,

316 1971 318 1982 ,
389 1917 458 1982 lore
486 1917 604 2002 putatis
626 1916 822 1980 Antonium?
855 1917 932 1980 Mihi
954 1916 1084 2001 quidem
1106 1925 1138 1980 et
1158 1917 1212 1980 ille
1241 1918 1424 1999 pervenisse
1445 1918 1586 1995 videtur,
1610 1922 1737 2004 quoad

353 2010 538 2096 roprogredi
560 2010 700 2094 potuerit
721 2009 779 2072 leri
806 2010 943 2074 bominis
965 2012 1117 2087 emenda,
1145 2030 1250 2093 neque
1270 2011 1427 2075 Antonius
1448 2012 1544 2076 ullius
1566 2013 1736 2096 supplicii

390 2104 576 2178 adhibendi,
600 2106 626 2168 si
647 2109 836 2187 potestatem
854 2104 984 2177 babeat,
1007 2104 1103 2193 ullam
1118 2125 1189 2168 esse
1205 2113 1324 2188 partem
1339 2104 1517 2169 relicturus.
1552 2104 1582 2168 7.
1604 2107 1734 2170 Ponite

390 2199 486 2284 igitur
507 2206 581 2264 ante
603 2197 730 2272 oculos,
760 2206 864 2282 patres
887 2199 1073 2282 conscripti,
1096 2199 1242 2261 miseram
1263 2198 1352 2260 illam
1375 2199 1503 2283 quidem
1526 2208 1559 2265 et
1578 2200 1733 2264 tlebilem

390 2295 545 2378 speciem,
568 2293 624 2358 sed
646 2292 685 2356 ad
708 2291 886 2356 incitandos
909 2300 1033 2356 nostros
1055 2295 1176 2357 animos
1198 2293 1425 2356 necessariam:
1447 2301 1637 2357 nocturnum
1663 2295 1733 2357 im-

391 2393 499 2470 petum
521 2387 554 2451 in
578 2387 687 2450 urbem
709 2388 802 2451 Asiae
824 2387 1047 2463 clarissimam,
1068 2387 1276 2470 irruptionem
1298 2395 1488 2452 armatorum
1510 2389 1542 2451 in
1565 2389 1730 2452 Trebonii

353 2481 532 2557 sodomum,
556 2502 627 2545 eum
649 2481 746 2545 miser
767 2480 822 2544 ille
844 2480 932 2563 prius
953 2481 1109 2544 latronum
1131 2481 1252 2564 gladios
1273 2480 1411 2556 rideret,
1442 2502 1537 2566 quam
1560 2503 1642 2566 quae
1668 2503 1730 2546 res

390 2583 474 2639 esset
496 2577 652 2640 audisset:
683 2575 818 2638 furentis
840 2575 1005 2638 introitum
1026 2575 1226 2650 Dolabellae,
1255 2595 1366 2637 vocem
1388 2577 1540 2659 Impuram
1563 2582 1662 2659 atque
1688 2596 1730 2638 os

389 2669 470 2735 illud
492 2669 626 2746 infame,
650 2670 772 2744 vincla,
794 2669 944 2743 verbera,
966 2668 1126 2744 eculeum,
1157 2675 1309 2732 tortorem
1331 2665 1573 2752 carnificemque
1596 2669 1728 2733 Samia-

389 2765 489 2828 rium:
513 2783 594 2848 quae
615 2764 728 2828 tulisse
749 2764 839 2827 illum
861 2762 984 2828 fortiter
1005 2772 1038 2827 et
1058 2765 1218 2846 patienter
1230 2761 1346 2825 ferunt
1368 2763 1481 2845 Magna
1496 2763 1565 2826 laus
1579 2784 1727 2846 meoque

390 2859 509 2923 indicio
533 2860 673 2923 omnium
696 2859 849 2933 maxima3
879 2865 928 2921 est
949 2859 1035 2922 enim
1058 2857 1225 2942 sapientis,
1254 2855 1410 2940 quidquid
1431 2856 1552 2921 homiui
1573 2857 1724 2920 accidere

353 2953 503 3039 adpossit,
526 2953 557 3016 id
581 2953 804 3037 praemeditari
826 2950 995 3015 ferundum
1017 2951 1141 3015 modIce
1156 2970 1242 3025 esse,
1266 2952 1292 3013 si
1314 2951 1463 3014 evenerit.
1499 2951 1628 3015 Maioris
1651 2973 1726 3014 om·

390 3049 467 3113 nino
490 3056 539 3113 est
560 3048 684 3112 consilii
706 3046 875 3131 providere
897 3063 937 3109 ne
960 3046 1036 3128 quid
1060 3045 1122 3108 tale
1145 3043 1282 3118 accidat,
1303 3044 1399 3106 enlmi
1421 3064 1485 3109 non
1502 3045 1631 3109 minoris
1653 3045 1724 3108 Ior-

389 3145 464 3208 titer
484 3143 583 3220 ferre,
605 3142 632 3205 si
656 3142 807 3206 evenerit.
851 3137 880 3202 8.
902 3141 948 3204 Ac
969 3139 1133 3203 Dolabella
1155 3137 1283 3222 quidem
1305 3143 1367 3200 tam
1391 3136 1453 3201 luit
1474 3139 1638 3203 immemor
1658 3141 1723 3203 bu-

389 3240 548 3302 manitatis
569 3269 611 3283 -
634 3254 826 3320 quamquam
849 3235 918 3298 eius
939 3254 1112 3317 numquam
1133 3232 1291 3316 particeps
1312 3230 1445 3306 fuit··,
1466 3241 1502 3295 ut
1521 3253 1610 3296 suam
1631 3235 1721 3297 Insa-

390 3332 529 3396 tiabilem
552 3330 769 3393 crudelitatem
792 3330 969 3392 exercuerit
990 3347 1056 3390 non
1079 3326 1181 3390 solum
1201 3327 1234 3389 in
1251 3326 1332 3399 vivo,
1355 3324 1411 3388 sed
1427 3326 1520 3389 etiam
1534 3327 1566 3389 in
1582 3335 1721 3400 mortuo,

352 3434 484 3510 soatque
513 3427 546 3488 in
576 3425 645 3487 eius
678 3443 812 3507 corpore
841 3423 1010 3486 lacerando
1039 3431 1136 3506 atque
1156 3419 1320 3493 vexando,
1347 3439 1418 3483 eum
1441 3421 1580 3483 animum
1602 3420 1719 3484 satiare

389 3532 453 3575 non
475 3516 602 3595 posset,
624 3508 734 3572 oculos
755 3509 878 3590 paverit
901 3528 985 3572 suos.

427 3637 478 3711 ’4.
498 3658 588 3710 eruere
605 3660 627 3709 v
647 3685 673 3694 -
692 3660 717 3710 s.
736 3658 829 3708 occu
845 3656 890 3717 v¹;
915 3658 1009 3707 orooro
1025 3659 1036 3706 r
1054 3681 1081 3692 -
1101 3655 1125 3706 3.
1144 3655 1228 3704 ouem
1244 3655 1266 3703 v
1283 3680 1311 3690 -
1330 3653 1354 3705 s.
1373 3654 1581 3704 ammonet:
1600 3657 1720 3706 aona-

388 3735 457 3786 cibur
472 3733 540 3798 abg
560 3762 586 3771 —
605 3733 630 3785 4.
648 3732 736 3796 fractis
753 3745 806 3783 om.
824 3732 846 3782 D
865 3757 893 3768 -
911 3733 992 3797 pluam
1009 3733 1047 3791 ὓς
1071 3729 1160 3780 firmat
1176 3731 1290 3794 odaeum
1305 3730 1451 3780 Arusianus
1468 3742 1494 3793 p.
1510 3729 1568 3789 2⁴3,
1587 3730 1632 3793 qul
1648 3742 1672 3780 s.
1690 3743 1717 3780 v.

389 3813 477 3877 odrico
493 3809 587 3861 atlert:
606 3809 767 3870 edocente
780 3807 833 3870 pilo
848 3835 882 3844 -
897 3807 1001 3858 reticeas
1018 3806 1040 3855 V
1059 3833 1086 3843 -
1105 3807 1130 3857 5.
1148 3810 1223 3868 morse
1238 3806 1363 3855 holmum
1378 3817 1432 3854 om.
1450 3804 1483 3853 V¹
1499 3829 1527 3840 —
1546 3804 1571 3853 6.
1589 3808 1719 3854 estoma

392 3913 419 3924 -
437 3886 508 3936 cutus
524 3885 548 3934 i:
567 3883 655 3934 oculus
670 3883 693 3934 V
710 3884 773 3947 (non
790 3883 873 3945 udus,
892 3885 922 3933 ut
938 3883 974 3933 alt
989 3883 1092 3939 Garat.;
1111 3881 1217 3946 saepius
1234 3883 1323 3930 autem
1341 3880 1367 3930 in
1378 3880 1436 3929 Vat.
1449 3879 1509 3930 voci
1526 3877 1602 3928 alicui
1619 3892 1637 3928 a
1648 3876 1718 3930 mele

389 3961 534 4028 praefixam
551 3958 685 4024 legimus);
704 3971 722 4008 o
737 3958 809 4008 cutus
824 3960 846 4009 D
865 3983 892 3993 -
912 3958 1042 4008 teterrimo
1056 3957 1108 4008 Do
1126 3981 1153 3992 ·-
1173 3956 1197 4005 7.
1215 3956 1309 4006 elotum
1324 3953 1405 4019 ltere]
1422 3965 1463 4003 cre
1479 3953 1502 4002 V
1520 3979 1547 3989 -
1566 3952 1590 4004 8.
1608 3958 1682 4004 moto
1696 3954 1720 4004 V

392 4035 599 4106 -ouerctt-
623 4034 647 4085 9.
666 4035 769 4085 deltam
793 4031 846 4084 nb²
871 4060 898 4071 -
920 4031 1243 4094 stromensem:
1266 4044 1345 4082 anun
1365 4029 1591 4091 idemqueDO-
1612 4031 1720 4093 implesse

390 4114 450 4176 agt
468 4136 497 4148 -
516 4110 556 4160 tt.
574 4109 657 4160 murel
673 4110 708 4158 V:
729 4123 782 4160 om.
799 4110 820 4159 D
839 4134 866 4145 -
886 4108 973 4159 ontoal
989 4107 1037 4156 Va
1055 4106 1156 4168 leudo.
1175 4106 1272 4156 ostend
1288 4106 1306 4167 t)
1321 4132 1348 4142 -
1368 4105 1407 4155 ts.
1426 4104 1509 4168 efficto
1525 4102 1609 4155 codex
1620 4105 1651 4168 (t)
1669 4105 1720 4155 Ur-

389 4187 456 4238 sini:
474 4185 561 4248 effecto
579 4185 630 4235 VD
648 4210 676 4220 -
699 4183 844 4234 Dolabellae
860 4183 893 4234 V:
916 4183 962 4232 rua
978 4181 1113 4232 mtooetos
1129 4181 1151 4232 D
1170 4209 1197 4219 -
1221 4182 1311 4233 reaten
1329 4183 1340 4230 t
1358 4207 1385 4217 -
1404 4180 1510 4229 tradita.
1527 4193 1594 4229 onae
1610 4193 1639 4240 a;
1657 4193 1719 4230 osso

389 4261 486 4312 trcdtto
501 4260 524 4308 V
545 4286 571 4296 ·-
590 4257 630 4310 43,
648 4257 697 4321 fult
713 4257 834 4309 dobbetto
849 4256 868 4308 b
885 4283 911 4294 -
933 4255 972 4308 44.
986 4263 1010 4308 et
1027 4258 1105 4307 om.t
1122 4282 1149 4292 -
1167 4270 1268 4320 pervers.
1285 4256 1384 4305 udatur
1400 4256 1411 4305 t
1427 4257 1487 4319 post
1501 4255 1610 4317 potuerit
1625 4254 1718 4305 hebet.

391 4334 621 4398 -quododV—
647 4333 839 4398 4544448-
862 4333 1031 4396 supplicium
1054 4332 1236 4395 eupotrv-
1260 4328 1720 4382 tt.otbtbeadr‘V—stom.t-

389 4412 447 4477 esre]
466 4425 491 4461 es
506 4409 553 4470 V¹;
571 4414 606 4460 est
622 4407 724 4459 DV¹-
745 4408 868 4460 tultam
884 4401 1060 4471 qutdeoVD:
1080 4408 1178 4470 quiem
1194 4406 1265 4456 {Vom
1281 4407 1333 4465 IO3
1351 4405 1422 4454 ittam
1438 4405 1536 4466 quiden
1551 4404 1721 4457 rectebabet

390 4488 469 4538 etlam
487 4484 547 4536 cod.
567 4482 733 4536 cassellnnus
751 4485 848 4546 Servii,
867 4484 914 4548 qui
930 4483 964 4532 ad
982 4485 1048 4534 Aen.
1066 4485 1103 4542 Il,
1123 4482 1170 4533 407
1187 4496 1230 4532 vv.
1248 4483 1332 4532 Poutts
1347 4482 1432 4541 stocos
1449 4479 1505 4541 (stc)
1517 4484 1575 4529 oete
1590 4479 1720 4528 ocutos--

388 4561 555 4613 uxeuortom
570 4559 658 4610 allert.
675 4585 702 4595 -
723 4558 762 4610 l8.
781 4565 879 4610 costros
895 4560 992 4609 animos
1007 4560 1031 4608 V
1047 4562 1074 4609 et
1090 4559 1209 4608 Servius:
1234 4559 1332 4607 coenos
1347 4563 1443 4607 costros
1459 4555 1539 4614 abt,
1562 4555 1660 4605 ontaws
1674 4567 1720 4604 oe-

389 4644 453 4689 stros
469 4638 512 4701 30
530 4662 559 4673 -
578 4635 618 4687 49.
637 4635 804 4698 sumptionem
820 4635 843 4684 V
862 4659 888 4670 -
909 4633 1003 4684 treberi
1021 4647 1050 4695 n;
1070 4631 1164 4684 terboni
1179 4633 1202 4681 V
1220 4657 1247 4668 -
1266 4632 1308 4682 tt).
1326 4633 1388 4681 mise
1403 4631 1425 4679 V
1443 4657 1470 4668 -
1490 4631 1632 4680 lotbronum
1649 4629 1671 4677 V
1688 4657 1716 4666 —

389 4715 430 4765 st.
449 4711 584 4763 audivisset
605 4723 620 4760 n
644 4737 671 4746 —
699 4717 775 4774 utque
795 4713 837 4762 bos
858 4711 914 4761 ittet
933 4709 955 4757 V
974 4737 1001 4746 -
1029 4711 1071 4759 22.
1089 4709 1174 4758 alecto
1190 4707 1225 4755 V:
1252 4707 1354 4758 siccato
1370 4708 1391 4757 D
1411 4733 1437 4742 —
1464 4706 1554 4756 urbere
1569 4705 1664 4754 cauma
1681 4705 1717 4763 V;

389 4789 495 4841 corbem
511 4786 651 4838 wtoomn
673 4815 698 4825 -
719 4789 862 4851 carnificem
879 4789 1046 4846 tortoremque
1062 4786 1083 4835 D
1103 4809 1131 4820 -
1150 4783 1191 4833 23.
1210 4779 1287 4845 quat
1306 4808 1332 4819 -
1351 4795 1408 4832 cum
1424 4794 1441 4845 g
1459 4808 1487 4818 -
1503 4781 1603 4844 sortiter
1617 4781 1720 4830 attestor

390 4866 451 4915 V·
471 4862 512 4914 rt.
531 4863 649 4924 cumputo
665 4862 757 4926 Vagt
774 4888 801 4897 -
821 4863 862 4912 25.
877 4860 1069 4924 proernedmort
1084 4859 1107 4907 V
1122 4883 1149 4894 -
1167 4858 1301 4920 [eundum
1316 4856 1351 4906 V:
1369 4857 1498 4921 tuendum
1513 4857 1604 4906 ΒΟ-
1623 4856 1645 4903 st
1660 4867 1719 4904 euc-

389 4939 455 4991 oerit
476 4950 527 4988 esre
542 4950 573 4996 n;
600 4937 621 4986 st
643 4938 749 4988 coenent
764 4937 840 4987 uncis
858 4934 963 4987 inclnslt
979 4935 1092 4985 ErnestI.
1115 4958 1143 4968 -
1170 4933 1210 4981 26.
1229 4936 1265 4983 est
1285 4944 1338 4982 om.
1358 4945 1372 4981 a
1395 4956 1422 4967 -
1449 4931 1528 4981 ootmt
1544 4931 1568 4978 V
1585 4930 1667 4993 (corr.
1686 4943 1719 4979 ex

390 5014 497 5078 outmols
515 5014 557 5063 scd
573 5012 652 5062 ootml
669 5012 720 5062 ΒΟ
740 5038 767 5048 -
785 5013 826 5061 27.
844 5013 896 5075 sere
912 5011 935 5059 V
954 5037 980 5046 -
999 5011 1038 5061 Ao
1054 5011 1064 5058 t
1081 5035 1109 5044 -
1129 5009 1250 5056 romanor
1266 5008 1287 5055 V
1306 5034 1331 5044 -
1352 5007 1393 5057 28.
1410 5007 1459 5069 [ult
1475 5005 1535 5055 cod.
1548 5003 1717 5055 Derbadorb:

389 5091 465 5155 suerat
481 5090 532 5140 VD
551 5116 577 5127 -
595 5087 843 5139 insectabilernV—
862 5089 903 5138 29.
922 5085 1102 5141 ermetem
1122 5085 1149 5132 at
1164 5097 1190 5133 v.
1209 5084 1235 5133 ln
1253 5083 1370 5143 Verr.V,
1390 5081 1517 5145 54444-
1536 5077 1720 5128 Immortro

393 5193 420 5205 —
440 5166 480 5216 30.
499 5171 574 5228 atque
589 5165 623 5214 V:
644 5168 672 5213 ot
688 5165 765 5227 ηις
783 5162 848 5213 acb
867 5191 895 5201 -
914 5163 984 5213 suites
999 5161 1063 5210 V-
1083 5159 1196 5209 acimum
1212 5160 1290 5209 om.t
1309 5183 1337 5194 -
1355 5155 1518 5221 wotomlsle)
1535 5156 1547 5204 t
1565 5177 1592 5190 -
1611 5153 1651 5203 34.
1667 5165 1720 5215 ρα-

391 5241 455 5292 ecrit
471 5241 620 5292 Ferrarius:
635 5240 710 5306 pouit
726 5237 805 5290 codd.

482 5361 490 5392 Ι
