4009 6159
408 547 491 619 4258
836 555 988 624 caeno
1009 556 1233 624 PHILIPPICA
1253 557 1294 622 Π.

406 726 595 790 stitueretur.
634 729 714 790 Tum
740 728 931 792 existimavit
960 749 994 793 se
1023 748 1082 792 sno
1109 730 1178 792 iure
1205 748 1277 791 cum
1298 727 1415 812 llippia
1434 727 1540 792 virere
1567 737 1599 794 et
1620 747 1727 812 equos

404 820 572 903 vectigales
599 821 709 904 Sergio
737 822 831 885 mimo
853 822 986 886 tradere.
1027 825 1107 885 Turn
1128 823 1274 885 sibinen
1296 821 1396 897 hanc,
1418 841 1512 905 quam
1533 841 1618 885 nuuc
1639 822 1727 885 male

404 920 526 986 tuetur,
557 914 613 977 sed
641 915 682 980 ld.
709 915 833 978 Pisonis
862 916 989 980 domum
1019 916 1074 978 ubi
1095 916 1250 978 habitaret
1269 916 1397 997 legerat.
1441 914 1527 989 Quid
1548 934 1608 997 ego
1629 915 1727 979 istius

405 1007 545 1083 decreta,
567 1007 644 1091 quid
665 1008 801 1091 rapinas,
824 1010 900 1093 quid
921 1009 1132 1074 hereditatum
1149 1009 1369 1092 possessiones
1384 1009 1487 1083 datas,
1508 1007 1585 1092 quid
1599 1017 1728 1091 ereptas

382 1099 584 1182 spruierem‘t
615 1103 754 1185 Cogebat
775 1110 912 1186 egestam
942 1124 1006 1187 quo
1028 1124 1062 1168 se
1084 1109 1236 1178 verteret,
1266 1121 1333 1165 non
1353 1102 1504 1165 babebatr
1531 1101 1671 1165 nondum
1693 1102 1728 1165 ei

405 1199 491 1256 tanta
517 1213 537 1257 a
565 1195 601 1258 L.
623 1197 759 1272 llubrio,
791 1217 856 1260 nou
887 1218 906 1260 a
932 1198 967 1260 L.
990 1197 1134 1262 Turselio
1159 1197 1319 1260 hereditas
1347 1204 1495 1271 venerat3
1527 1195 1669 1258 nondum
1689 1195 1727 1258 in

404 1287 534 1369 Pompei
566 1288 669 1353 locum
704 1291 937 1375 multorumque
968 1292 1120 1367 aliorum,
1150 1291 1207 1375 qui
1243 1291 1389 1366 aberant,
1418 1287 1605 1372 repentinus
1632 1286 1727 1351 heres

405 1389 607 1446 successerat.
642 1384 718 1447 Erat
739 1386 768 1448 ei
790 1384 957 1448 vivendum
978 1385 1135 1449 lenonum
1157 1387 1235 1460 ritu,
1257 1392 1294 1449 nt
1315 1393 1435 1448 lantum
1456 1384 1603 1456 haberet,
1624 1401 1726 1465 quan·

404 1481 471 1537 tum
493 1495 603 1558 rapere
625 1479 789 1559 potuisset.
1695 1465 1699 1470 ’

367 1591 396 1639 so
488 1565 539 1632 63.
563 1569 624 1632 Sed
639 1569 735 1647 baec,
758 1591 840 1656 quae
854 1572 1042 1638 robustioris
1059 1575 1268 1658 improbitatis
1283 1582 1371 1648 suut,
1393 1575 1592 1636 omittamus:
1614 1570 1727 1655 loque·

404 1682 474 1726 mur
494 1665 601 1747 potius
616 1664 655 1728 de
677 1668 871 1750 nequissimo
894 1686 1009 1749 genere
1031 1669 1180 1732 levitatis.
1214 1670 1261 1731 Tu
1283 1669 1353 1732 istie
1374 1666 1535 1740 faucibus,
1556 1666 1626 1729 istis
1648 1665 1726 1728 late-

404 1756 505 1832 ribus,
534 1757 595 1823 ista
621 1758 807 1842 gladiatoria
831 1761 929 1825 totius
959 1763 1099 1845 corporis
1126 1763 1276 1826 firmitate
1305 1770 1427 1826 tautum
1448 1761 1514 1825 vini
1535 1761 1569 1824 in
1590 1759 1725 1843 llippiae

405 1852 523 1935 nuptiis
554 1854 760 1930 exhauseras,
790 1863 825 1918 ut
850 1855 907 1918 tihi
934 1875 1065 1920 necesse
1093 1864 1177 1920 esset
1203 1857 1236 1919 in
1266 1856 1376 1941 populi
1399 1857 1533 1920 Romani
1553 1863 1724 1938 conspeetu

404 1963 530 2008 vumere
551 1947 712 2028 postridie.
746 1948 772 2012 0
795 1968 860 2012 rem
883 1970 947 2014 non
968 1949 1063 2013 modo
1083 1951 1154 2014 visu
1175 1950 1319 2024 foedam,
1342 1950 1398 2013 sed
1422 1950 1516 2013 etiam
1538 1949 1662 2013 auditui
1691 1948 1724 2012 Si

367 2037 489 2107 reinter
509 2059 619 2103 cenam
639 2041 671 2104 in
694 2042 772 2124 ipsis
794 2045 857 2108 tuis
878 2043 1065 2108 immanibus
1085 2045 1148 2108 illis
1163 2045 1288 2128 poculis
1302 2045 1364 2108 hoo
1378 2043 1435 2107 tibi
1450 2043 1631 2118 accidisset,
1654 2043 1726 2127 quis

405 2151 469 2195 oon
490 2139 583 2216 turpe
604 2134 758 2199 duceret?
788 2138 821 2200 in
848 2147 940 2201 coetu
967 2157 1041 2200 vero
1069 2139 1181 2222 populi
1203 2140 1354 2213 Romani,
1382 2137 1543 2222 negotium
1565 2136 1727 2220 publicum

404 2245 533 2308 gerens,
566 2230 714 2318 magister
735 2232 890 2315 equitum,
926 2233 976 2295 oui
1005 2241 1128 2295 ructare
1159 2242 1250 2316 turpe
1283 2241 1382 2307 esset,
1415 2233 1442 2295 is
1465 2250 1595 2295 vomens
1616 2230 1726 2295 frustis

404 2321 574 2385 esculentis
589 2323 697 2385 vinum
719 2325 934 2389 redolentibus
956 2327 1110 2409 gremium
1133 2347 1224 2390 suum
1240 2335 1272 2389 et
1292 2334 1393 2391 totum
1414 2325 1552 2389 tribunal
1574 2325 1726 2408 implevit.

405 2413 468 2476 Sed
489 2415 567 2479 haec
588 2416 657 2500 ipse
678 2417 794 2482 latetur
815 2440 885 2483 esse
907 2421 939 2483 io
963 2423 1033 2486 suia
1051 2420 1215 2484 sordibus:
1238 2421 1401 2484 veniamus
1422 2420 1463 2482 ad
1481 2419 1703 2500 splendidiora.

302 2582 328 2598 .
368 2526 396 2579 so
487 2508 602 2572 XXVI.
625 2506 676 2573 64.
699 2512 813 2576 Caesar
834 2513 1028 2577 Alexandria
1049 2533 1084 2578 se
1105 2516 1242 2598 recepit,
1272 2514 1368 2589 lelix,
1389 2521 1425 2576 ut
1446 2513 1505 2576 sibi
1529 2512 1659 2597 quidem
1680 2513 1727 2576 vi·

404 2601 550 2678 debatur,
583 2625 653 2668 mea
681 2616 786 2670 aulem
813 2609 985 2682 sententia,
1020 2609 1075 2692 qui
1103 2609 1148 2673 rei
1176 2608 1322 2691 publicae
1350 2608 1391 2672 sit
1419 2607 1535 2681 hostis,
1556 2607 1636 2672 felix
1656 2626 1727 2670 esse

404 2715 496 2760 nemo
525 2705 638 2781 potest.
673 2701 770 2766 llasta
798 2702 901 2787 posita
927 2722 985 2786 pro
1014 2703 1092 2766 aede
1120 2704 1203 2766 lovis
1234 2702 1369 2765 Statoris
1394 2704 1478 2764 bona
1503 2701 1643 2764 subiecla
1669 2699 1725 2762 Cu.

403 2792 593 2874 Pompei-
608 2795 756 2859 miserum
779 2797 848 2861 mel
872 2799 1066 2881 consumptis
1088 2799 1173 2860 enim
1195 2797 1332 2860 lacrimis
1354 2803 1460 2859 tamen
1482 2793 1597 2859 infixus
1618 2797 1727 2859 haeret

404 2888 509 2950 auimo
531 2888 623 2952 dolor
643 2921 702 2966 —,
728 2890 830 2967 bona,
860 2893 1004 2976 iuquam,
1034 2893 1090 2955 Cu.
1113 2892 1241 2973 Pompei
1272 2892 1377 2973 magui
1405 2889 1475 2953 voci
1504 2890 1725 2952 acerbissimae

366 2983 545 3048 sssuhiecta
566 2985 742 3067 praeconis.
779 2987 847 3050 Una
868 2987 902 3048 iu
923 2987 979 3050 illa
999 3007 1034 3050 re
1057 2987 1216 3050 servitutis
1239 2986 1337 3049 oblita
1358 2985 1468 3048 civitas
1490 2985 1640 3066 ingemuit
1661 3004 1726 3046 ser-

405 3077 625 3162 vientibusque
647 3079 776 3165 animis,
799 3100 871 3144 cum
893 3082 1000 3144 omnia
1018 3089 1104 3144 metu
1122 3088 1319 3154 tenerentur,
1343 3081 1477 3163 gemitus
1491 3086 1597 3142 tamen
1616 3077 1727 3162 populi

470 3311 493 3362 4.
511 3311 604 3375 huppla
619 3314 643 3372 t;
658 3314 764 3376 proprio
780 3327 796 3363 e
815 3338 842 3348 -
860 3314 885 3364 4.
903 3313 1065 3378 uectipuluV
1080 3338 1106 3348 -·
1125 3311 1258 3362 trodsrsV
1276 3312 1302 3362 in
1320 3323 1372 3362 ras.
1385 3311 1450 3361 444
1468 3309 1558 3362 hebet.
1574 3338 1601 3349 -
1621 3313 1727 3361 lim·-

403 3387 497 3450 ieperot
513 3400 566 3437 orn.
585 3389 606 3438 D
626 3415 654 3426 -
678 3389 702 3439 3.
721 3390 763 3439 444
777 3389 845 3438 mori
858 3389 941 3450 pisoni
956 3389 979 3437 V
998 3413 1025 3424 -
1050 3389 1160 3438 ooitcrst
1176 3387 1199 3434 V
1217 3411 1244 3421 -
1265 3384 1514 3448 Quiduprolsrom
1530 3385 1606 3436 ellert
1622 3383 1726 3446 Quintil.

403 3462 445 3522 lll,
463 3462 583 3523 4,44.-
601 3477 661 3529 erpo
677 3462 756 3516 bt-
774 3465 798 3514 3.
814 3465 973 3527 proferemus
989 3466 1039 3515 t-
1058 3464 1082 3514 si
1098 3468 1178 3513 444444
1194 3463 1244 3511 oV
1258 3487 1285 3498 -
1304 3461 1328 3510 6.
1343 3461 1547 3519 torultioVbt;
1565 3461 1671 3510 tremo
1687 3472 1727 3522 eg

406 3562 434 3576 -
447 3536 472 3587 7.
490 3538 588 3600 Pompei
603 3539 639 3588 V:
658 3538 951 3603 0s.Pompei(Pcmpeii)
968 3541 1020 3590 D0
1039 3566 1066 3578 -
1085 3539 1110 3590 8.
1129 3539 1152 3588 ei
1168 3550 1223 3600 eg:
1242 3549 1296 3587 orn.
1312 3534 1382 3585 Vbt
1400 3561 1426 3573 -
1446 3537 1509 3586 trito
1523 3535 1559 3596 V,
1578 3534 1637 3584 lori.
1655 3547 1688 3584 ex
1704 3535 1728 3583 si

403 3614 456 3664 rito
473 3641 501 3652 -—
520 3621 641 3677 menatem
657 3616 680 3666 V
696 3643 729 3654 -
752 3618 791 3666 44.
809 3616 962 3678 iniquissimo
980 3627 1022 3678 ag
1040 3641 1067 3650 -
1090 3626 1179 3678 psum
1191 3611 1324 3674 probitatis
1341 3613 1351 3660 4
1370 3636 1397 3647 -
1420 3610 1630 3673 lis--tirmitute
1644 3608 1727 3659 hehet

405 3685 509 3749 Quintil.
528 3688 597 3751 Vlll,
616 3688 645 3751 4,
664 3689 695 3740 46
713 3691 740 3740 44
756 3689 802 3751 lli,
819 3688 848 3750 4,
867 3690 900 3740 43
918 3703 949 3740 ac
966 3689 1063 3740 deinde
1080 3689 1126 3749 lli,
1145 3687 1175 3749 4,
1194 3688 1241 3737 29:
1258 3685 1421 3736 utillime.
1439 3686 1466 3735 in
1482 3691 1612 3748 conspectu
1624 3698 1683 3747 pop.
1695 3685 1725 3734 44.

402 3765 688 3827 44444444444444-
708 3765 993 3828 ssmppmssgt-
1021 3759 1728 3823 ⁴3.cssetom.e-ll.posttridisag-foeodcm

404 3839 440 3900 V;
457 3839 559 3902 [oedem
575 3853 607 3903 μ
624 3835 682 3903 (edd
700 3839 718 3890 b
738 3863 764 3876 -
784 3841 858 3890 Si·-
870 3841 997 3890 occidisset
1013 3839 1089 3890 aliert
1105 3839 1248 3889 Arusianus
1265 3849 1292 3900 p.
1306 3836 1354 3886 434
1372 3837 1400 3885 1..
1419 3837 1446 3885 et
1462 3833 1567 3896 Quintil.
1585 3834 1617 3896 V,
1636 3834 1676 3892 46,
1694 3833 1726 3883 99

404 3913 529 3979 idemque
546 3915 615 3976 Vlll,
633 3913 664 3976 4,
684 3915 714 3964 44
731 3927 816 3978 usque
833 3914 868 3964 ed
883 3915 968 3978 pupuli
986 3915 1029 3965 lto.
1047 3927 1073 3962 v.
1093 3914 1133 3963 46.
1149 3939 1175 3949 -
1195 3914 1235 3963 lli.
1253 3913 1319 3963 inter
1333 3925 1438 3962 oosoom
1454 3915 1502 3974 μς
1520 3912 1644 3961 internum
1660 3910 1723 3958 V—

404 3994 479 4052 ulqus
494 3991 521 4038 io
537 3990 596 4052 ipsis
612 3991 768 4050 drusiacum
787 3990 848 4052 ipsis
864 4002 916 4040 orn.
937 3988 1041 4050 Quintil.
1061 3988 1179 4038 hahens:
1198 3989 1225 4037 io
1240 3987 1290 4037 iilis
1305 3988 1373 4036 4444.
1389 3999 1446 4049 pcc.
1465 3988 1514 4036 tois
1532 4013 1558 4023 -
1577 3987 1626 4036 tois
1640 3985 1727 4035 mosl-

404 4067 448 4118 bor
463 4070 491 4118 io
506 4067 554 4118 titis
570 4070 620 4132 μς
639 4069 666 4118 in
681 4067 796 4118 monibus
811 4069 838 4117 iss
854 4069 903 4118 4444
919 4067 968 4116 iliis
984 4079 1015 4124 a;
1033 4065 1084 4114 iliis
1099 4076 1152 4114 cm.
1171 4066 1248 4114 Arus.
1262 4089 1290 4098 -
1309 4063 1349 4112 46.
1368 4063 1467 4111 duceret
1482 4059 1587 4121 Quintil.
1606 4062 1634 4110 et
1649 4059 1668 4108 b
1685 4071 1726 4124 pr.

405 4156 457 4196 m.:
479 4144 570 4193 diceret
589 4139 732 4207 Veb’gt3
757 4142 825 4194 coni.
845 4143 925 4192 etiam
947 4139 1050 4202 Quintil.
1069 4141 1115 4201 lli,
1133 4137 1162 4199 4,
1182 4139 1238 4189 447.
1257 4163 1285 4175 -
1307 4139 1335 4187 is
1351 4137 1599 4199 costo--moptstsr
1618 4135 1728 4196 44444444

405 4217 577 4282 Quintilianus
593 4219 663 4281 Viti,
685 4216 716 4280 4,
739 4217 763 4268 8.
782 4218 828 4277 444,
847 4217 875 4278 3,
894 4215 935 4266 33.
959 4241 985 4252 -
1007 4214 1095 4278 populi
1116 4213 1156 4278 4.]
1178 4213 1257 4276 putir.
1275 4214 1313 4272 V;
1336 4213 1424 4276 popuii
1442 4213 1464 4263 D
1487 4239 1515 4250 -
1541 4211 1671 4275 moesiam
1689 4210 1729 4259 414
1787 4221 1797 4240 ·

405 4321 433 4358 ·.·
453 4295 493 4346 li.
510 4308 570 4360 pens
589 4295 626 4354 V;
650 4307 737 4358 repens
753 4293 788 4352 4);
814 4293 934 4354 moehler
953 4291 1063 4353 equom
1087 4291 1212 4353 nepotiano
1233 4289 1361 4352 publicem
1380 4301 1467 4352 perses
1486 4286 1564 4337 444444
1585 4287 1728 4337 Arusianus

404 4383 431 4435 p.
443 4369 501 4420 434.
515 4394 543 4405 -
560 4382 661 4420 comem
671 4395 709 4406 --
720 4367 828 4431 implevit
845 4365 957 4416 ellerunt
973 4362 1079 4425 Quintil.
1098 4365 1169 4424 Vlll‚
1189 4365 1217 4424 6,
1236 4365 1268 4414 68
1285 4367 1313 4413 44
1328 4363 1470 4414 Diomedes
1487 4373 1514 4426 p.
1527 4361 1575 4413 463
1592 4364 1621 4411 P.
1636 4387 1663 4396 -
1679 4374 1728 4410 rso·

403 4450 453 4494 met
472 4445 544 4508 agt;
569 4442 712 4495 uoemrstb
733 4469 759 4479 —-
785 4441 860 4506 trosti
882 4439 1067 4490 ecscrdeutisV
1087 4465 1114 4474 -
1140 4439 1180 4490 43.
1198 4439 1303 4500 moleret
1322 4452 1339 4488 4
1360 4465 1387 4476 -
1413 4437 1452 4488 is.
1471 4437 1614 4488 huecVD:
1640 4435 1727 4486 aceo

405 4544 433 4554 -
452 4519 680 4582 eddtspimdidiorc
696 4519 730 4577 V;
751 4519 785 4568 od
800 4517 928 4581 splendido
945 4515 997 4565 Do
1016 4539 1044 4551 -
1069 4515 1111 4564 44.
1128 4514 1310 4564 Atescndricm
1326 4514 1349 4563 4)
1368 4539 1395 4550 -
1414 4514 1449 4562 ssi
1464 4513 1487 4561 V
1504 4537 1532 4548 -
1550 4517 1579 4561 ot
1593 4510 1729 4561 sibi--sii

403 4593 837 4644 4444440444-4444444444-
857 4585 1729 4653 iipst:siquib3stqais33otsipoit-tcstisvzis-

402 4664 1332 4733 14444440-444444444444444-4444444444-
1353 4661 1729 4726 proedeiotsiV3prousds

403 4757 468 4794 oum
485 4746 511 4804 t;
535 4746 645 4806 musice
660 4745 725 4794 ioois
742 4757 757 4794 4
777 4771 804 4782 -
829 4741 894 4792 buno
910 4740 1020 4791 maiiesto
1036 4739 1080 4791 m.
1099 4740 1197 4802 Pompei
1211 4739 1280 4789 vu:
1298 4738 1363 4788 lecca
1380 4739 1400 4788 0
1416 4750 1478 4788 curn
1495 4734 1663 4797 Quintiliano,
1682 4733 1728 4797 qui

405 4819 451 4880 lli,
469 4819 498 4880 3,
516 4819 549 4870 43
565 4819 642 4870 aliert
658 4819 769 4870 conon
777 4819 910 4882 proscenis
927 4818 954 4867 et
971 4816 1016 4879 ΙΧ,
1034 4816 1063 4874 4,
1081 4815 1114 4866 46
1135 4816 1253 4866 misenen
1268 4813 1447 4865 mendolor.
1471 4811 1545 4865 Nulla
1562 4822 1642 4862 censa
1659 4810 1725 4870 erut,

405 4896 496 4945 curin
513 4895 597 4959 figure
615 4893 860 4958 conduplicatiouis‚
880 4895 912 4942 ut
929 4903 989 4943 eam
1006 4891 1124 4941 nominet
1140 4891 1239 4940 Auctor
1255 4888 1290 4939 ed
1307 4889 1467 4940 llerennium
1483 4887 1527 4949 lV,
1546 4901 1570 4938 c.
1586 4886 1631 4946 48,
1648 4883 1729 4934 libro-

404 4981 465 5020 rum
487 4967 564 5020 lectio
585 4969 619 5020 ab
644 4967 789 5019 editoribus
806 4968 991 5032 sperner-etun
1015 4965 1049 5016 cl.
1067 4964 1157 5015 adnot.
1175 4977 1265 5014 meam
1284 4964 1319 5014 ad
1343 4977 1382 5014 or.
1399 4964 1475 5013 Verr.
1493 4963 1525 5021 V,
1544 4961 1558 5025 5
1576 4961 1623 5012 464
1638 4961 1666 5010 44
1682 4957 1726 5008 ed.

405 5045 474 5109 lips.
495 5071 521 5080 -
548 5043 588 5095 43.
607 5044 740 5095 consumtis
754 5044 778 5092 V
796 5067 824 5080 -
849 5042 948 5093 4444444
969 5043 1054 5092 444444
1069 5042 1107 5101 V;
1135 5041 1218 5090 ocimo
1241 5041 1326 5090 haeret
1345 5040 1397 5090 DQ
1418 5040 1446 5088 44
1461 5038 1548 5099 Quint.
1565 5037 1612 5100 lli,
1630 5035 1658 5096 3,
1676 5035 1725 5095 44;

401 5120 498 5185 pectori
513 5119 598 5170 husrst
615 5119 701 5179 Quint.
720 5119 766 5177 IX.
784 5118 814 5179 4,
831 5117 873 5168 46.
896 5117 934 5168 Cl.
954 5116 1065 5180 iladvig.
1084 5116 1132 5180 Op.
1151 5115 1174 5176 4,
1193 5127 1220 5179 p.
1237 5112 1293 5165 445.
1308 5141 1335 5152 -
1354 5112 1393 5165 44.
1413 5114 1525 5175 impsum
1540 5113 1564 5160 V
1576 5139 1603 5149 -
1621 5109 1730 5172 Poospeii

406 5198 472 5248 0-
491 5195 580 5260 liceri
596 5206 649 5244 om.
669 5192 772 5253 Quintil.
793 5217 819 5230 -
844 5195 978 5242 uocet-
997 5191 1211 5242 mentesanaev
1227 5215 1256 5225 —
1279 5189 1321 5240 44.
1339 5189 1500 5240 irretitae
1520 5213 1548 5224 -
1565 5187 1606 5237 46.
1623 5197 1730 5236 4444--

404 5277 545 5324 mandor
561 5271 598 5321 V:
618 5281 674 5323 om.
691 5270 722 5322 D.
748 5270 848 5320 Locum
864 5267 899 5319 ob
917 5265 1008 5320 oculos
1024 5265 1117 5320 hebuit
1128 5265 1263 5329 liniemus,
1282 5265 1357 5317 culus
1373 5264 1443 5315 hauc
1458 5261 1616 5314 senientiam
1627 5261 1729 5310 844444
