4009 6159
412 529 495 596 l286
833 531 985 596 ORATIO
1007 529 1233 595 PHILIPPICA
1254 530 1308 592 Ill.

410 725 515 789 usque
536 703 577 767 ad
599 701 759 766 Kalendas
780 703 877 766 Maias
900 701 940 764 nd
961 701 1072 765 urbem
1088 700 1263 764 exercitum
1277 698 1468 761 habiturum.
1501 693 1776 782 0praeclarom

411 797 574 862 custodem
595 799 719 870 ovium,
741 805 778 859 ut
799 797 904 869 aiunt,
926 795 1054 878 lupuml
1086 801 1236 857 custosne
1256 791 1343 855 urbis
1365 811 1406 854 an
1427 791 1571 874 direptor
1599 794 1643 851 et
1669 806 1777 850 vexa·

411 901 461 956 tor
481 898 564 954 esset
584 891 767 953 Antonius?
800 891 840 952 Et
861 890 988 972 quidem
1012 909 1046 952 se
1068 889 1271 951 introiturum
1293 886 1327 948 ia
1341 885 1453 948 urbem
1468 885 1549 948 dixit
1564 883 1777 948 exiturum·

411 1005 488 1068 que,
517 1005 588 1047 cum
609 983 714 1046 vellet.
751 981 836 1058 Quid
864 983 965 1045 illudi
996 1003 1102 1045 nonne
1125 981 1274 1044 audiente
1303 979 1424 1063 populo
1446 979 1561 1043 sedens
1585 999 1662 1062 pro
1688 976 1777 1040 aede

388 1079 550 1144 tiCastoris
572 1079 669 1152 dixit,
691 1078 753 1140 nisi
776 1079 831 1161 qui
852 1077 996 1150 vicisset,
1018 1077 1175 1140 victurum
1196 1076 1379 1137 nemiuem?

493 1170 545 1236 28.
566 1171 730 1235 Hodierno
752 1171 804 1232 die
826 1172 962 1254 primum
985 1170 1080 1252 longo
1100 1169 1267 1232 intervallo
1282 1169 1315 1230 in
1335 1169 1571 1252 possessiouem
1587 1167 1775 1230 libertatis

411 1267 524 1350 pedem
545 1262 710 1350 ponimus:
740 1265 830 1327 cuius
853 1263 983 1347 quidem
1006 1283 1080 1346 eqo,
1106 1262 1211 1345 quoad
1233 1262 1340 1347 potui,
1368 1282 1432 1326 nou
1462 1262 1559 1326 modo
1580 1260 1773 1332 defensor,

411 1361 467 1424 sed
496 1361 591 1424 etiam
621 1365 824 1422 conservator
851 1358 907 1420 lui.
944 1358 1023 1420 Cum
1051 1365 1157 1420 autem
1186 1357 1220 1418 id
1246 1356 1350 1419 facere
1370 1375 1436 1419 non
1458 1375 1607 1440 possem,
1644 1353 1772 1435 quievi,

410 1475 469 1518 nec
491 1453 612 1518 abiecte
634 1471 693 1516 nec
714 1453 782 1516 sine
804 1451 912 1536 aliqua
934 1450 1087 1533 dignitate
1109 1469 1216 1514 casum
1238 1449 1328 1512 illum
1350 1456 1528 1533 temporum
1549 1456 1582 1514 et
1596 1446 1769 1512 dolorem

375 1549 477 1613 rotuli
513 1548 602 1610 Hanc
630 1566 705 1610 varo
734 1547 947 1610 taeterrimam
976 1545 1102 1608 beluam
1124 1544 1196 1627 quis
1223 1544 1307 1606 terre
1328 1550 1509 1627 potestant
1531 1565 1598 1629 quo
1625 1539 1770 1606 modo?

412 1642 497 1718 Quid
520 1648 568 1705 est
588 1641 621 1703 in
640 1640 780 1704 Antonio
803 1645 928 1722 praeter
949 1639 1130 1712 libidinem,
1152 1638 1384 1712 crudelitatem,
1406 1637 1630 1722 petrrlantiam,
1656 1634 1768 1699 auda-

411 1737 514 1799 ciam?
546 1735 595 1796 Ex
624 1734 675 1797 bis
703 1742 788 1797 totus
820 1733 1054 1815 conglutinatus
1084 1741 1140 1796 ast.
1175 1731 1261 1793 Nihil
1289 1739 1419 1814 apparet
1439 1732 1470 1794 in
1494 1751 1532 1794 eo
1555 1731 1766 1812 ingenuum,

410 1828 490 1892 nihil
513 1828 724 1902 moderatum,
757 1828 836 1891 nihil
858 1826 999 1909 pudens,
1028 1827 1108 1889 nibil
1133 1826 1293 1909 pudicum.
1336 1822 1388 1887 29.
1410 1825 1637 1908 Quapropter,
1674 1843 1764 1907 quo-

411 1922 497 1984 niam
526 1941 577 1984 res
598 1922 639 1984 ‘in
668 1920 701 1982 id
728 1921 898 1984 discrimen
927 1920 1065 1982 adducta
1086 1927 1148 1993 est,
1178 1926 1282 1982 utrum
1306 1919 1359 1981 ille
1382 1939 1503 2002 poenas
1524 1921 1570 1982 rei
1593 1919 1764 2002 publicae

375 2030 402 2076 ra
412 2016 479 2079 luat
493 2035 534 2078 an
552 2036 609 2079 nos
624 2015 810 2088 serviamus,
833 2015 1017 2099 aliquando,
1039 2033 1097 2096 per
1112 2015 1188 2076 deos
1203 2013 1416 2077 immortalesl
1439 2021 1544 2094 patres
1559 2013 1761 2096 conscripti,

411 2109 548 2192 patrium
569 2107 710 2171 animum
732 2109 945 2190 virtutemque
968 2109 1144 2191 capiamus,
1166 2115 1202 2170 ut
1224 2114 1279 2170 aut
1299 2107 1473 2171 libertatem
1496 2108 1668 2190 propriam
1693 2108 1762 2168 Ilo·

253 2203 270 2231 l‘
379 2255 383 2268 .
411 2195 552 2265 maui'et
573 2204 697 2285 generis
721 2211 752 2266 et
781 2203 917 2265 nominis
940 2204 1151 2286 reciperemus
1174 2208 1229 2264 aut
1249 2208 1381 2264 mortem
1404 2200 1546 2264 servituti
1567 2205 1758 2283 antepona-

411 2315 492 2358 mus.
528 2295 644 2371 blulta,
668 2316 751 2379 quae
774 2296 807 2358 in
830 2295 928 2358 libera
953 2296 1080 2358 civitate
1101 2295 1231 2360 terenda
1253 2315 1317 2358 uon
1340 2305 1460 2370 essent,
1482 2295 1611 2358 tulimus
1627 2303 1667 2357 et
1682 2314 1758 2377 per-

411 2389 496 2472 pessi
519 2409 640 2455 sumus:
673 2390 727 2454 alii
749 2411 804 2474 spe
826 2389 958 2454 forsitan
981 2389 1208 2472 reciperandae
1230 2389 1397 2464 libertatis,
1419 2389 1472 2451 alii
1493 2387 1623 2452 vivendi
1648 2388 1756 2451 nimia

373 2482 601 2564 rocupiditate:
631 2485 704 2559 sed,
734 2486 761 2547 si
783 2485 838 2547 illa
860 2483 1008 2554 tulimus,
1030 2503 1113 2566 quae
1135 2503 1192 2546 nos
1214 2486 1387 2546 necessitas
1409 2483 1492 2544 terre
1513 2485 1633 2564 coligit,
1665 2500 1755 2564 quaa

409 2579 457 2640 vis
480 2578 634 2661 quaedam
656 2597 757 2661 paene
779 2577 898 2651 fatalis,
930 2597 1013 2660 quae
1036 2585 1141 2639 tamen
1162 2577 1230 2659 ipsa
1255 2577 1490 2639 contulimus:
1523 2578 1667 2640 etiamne
1690 2575 1753 2637 Iru-

410 2672 460 2734 ius
482 2671 598 2753 impuri
622 2671 754 2734 latronis
783 2671 920 2734 feremus
949 2673 1162 2734 taeterrimum
1185 2671 1501 2754 crudelissimumque
1523 2670 1751 2733 dominatum?

409 2765 479 2828 XII.
503 2761 554 2826 30.
577 2763 662 2841 Quid
683 2764 736 2827 bic
758 2764 870 2839 lacict,
902 2765 928 2827 si
950 2765 1083 2847 poterit,
1105 2765 1218 2840 iratus,
1243 2765 1299 2849 qui
1321 2785 1390 2827 cum
1413 2783 1599 2828 suscensere
1621 2764 1750 2827 nemini

409 2865 533 2943 posset,
555 2859 701 2922 omnibus
723 2859 816 2922 bouis
839 2857 935 2921 tuerit
956 2859 1126 2922 inimicust
1148 2859 1227 2943 quid
1248 2859 1300 2922 bic
1316 2859 1414 2923 victor
1437 2879 1500 2922 non
1516 2858 1665 2932 audebit,
1689 2856 1747 2941 qni

371 2953 528 3020 nonullam
558 2952 693 3036 adeptus
715 2953 878 3016 victoriam
907 2960 995 3016 tauta
1018 2953 1139 3015 scelera
1160 2959 1234 3036 post
1256 2953 1401 3016 Caesaris
1423 2952 1587 3016 interitum
1607 2952 1749 3015 iecerit?

407 3047 553 3112 refertam
582 3047 651 3109 eius
681 3045 809 3109 domum
839 3047 1046 3110 exhauserit?
1088 3046 1198 3109 hortos
1226 3047 1468 3129 compilaverit?
1500 3048 1541 3110 ad
1563 3067 1605 3110 se
1632 3068 1680 3111 ex
1707 3048 1747 3109 iis

408 3141 513 3206 omnia
535 3148 719 3205 omameuta
742 3141 960 3229 transtulerit?
989 3140 1096 3204 caedis
1125 3148 1156 3203 ei
1178 3141 1398 3203 incendiorum
1420 3161 1546 3204 causam
1568 3141 1748 3224 quaesierit

409 3255 449 3299 ex
479 3234 613 3297 benerei
647 3233 773 3297 duobus
805 3241 861 3297 aut
891 3235 990 3298 tribus
1020 3241 1148 3296 senatus
1179 3235 1332 3298 consultis
1360 3235 1442 3297 bene
1464 3243 1495 3298 et
1517 3255 1536 3298 e
1558 3234 1746 3318 republica

407 3329 499 3392 iactis
521 3327 662 3410 reliquas
684 3349 735 3391 res
758 3328 797 3391 ad
820 3329 942 3391 lucrum
957 3330 1174 3411 praedamque
1189 3329 1407 3392 revocaverit?
1430 3329 1607 3392 vendiderit
1627 3330 1745 3392 immu-

370 3423 550 3492 sonitatesl
572 3423 714 3485 civitates
737 3422 937 3486 liberaverit?
958 3423 1139 3504 provincias
1161 3423 1322 3486 universas
1345 3443 1386 3484 ex
1408 3423 1531 3504 imperii
1552 3424 1663 3506 populi
1680 3425 1745 3485 Ito-

408 3517 493 3579 mani
515 3515 583 3578 iure
607 3515 793 3578 sustulerit?
816 3516 943 3580 exsules
966 3501 1269 3612 reditreritl(falsas
1292 3517 1379 3598 leges
1395 3517 1428 3580 C.
1446 3517 1588 3580 Caesaris
1609 3518 1742 3580 nomine

222 3629 308 3722 ἢ]
408 3618 440 3673 et
460 3608 539 3672 falsa
560 3608 689 3672 decreta
717 3609 750 3672 in
777 3629 831 3673 aes
861 3610 1032 3672 incidenda
1059 3618 1090 3672 et
1119 3611 1152 3671 iu
1176 3610 1331 3692 Capitolio
1357 3607 1482 3692 figenda
1504 3599 1741 3692 curaverit)ea·

408 3724 544 3788 rumque
558 3723 663 3768 rerum
678 3704 818 3766 omnium
832 3701 1043 3767 domesticum
1059 3710 1229 3767 mercatum
1246 3697 1581 3788 instituerit‘lpopulo
1597 3705 1741 3768 llomauo

473 4023 498 4073 3.
517 4021 605 4072 aaseV
625 4043 652 4057 -
671 4020 732 4069 intr.
750 4032 776 4070 rc
792 4021 804 4070 t
821 4045 847 4056 -
867 4019 891 4071 t.
911 4020 974 4070 iliud
991 4033 1044 4070 om.
1065 4021 1074 4068 t
1093 4047 1119 4056 --
1141 4021 1281 4071 audientem
1297 4021 1328 4069 Ψ
1346 4047 1373 4056 -
1392 4021 1417 4070 ii.
1436 4021 1502 4070 dicit
1518 4035 1572 4072 om.
1590 4024 1612 4073 D
1631 4047 1656 4061 -
1680 4025 1740 4087 post

405 4099 529 4149 nemiuem
546 4098 587 4148 cst
605 4097 673 4159 ing:
692 4095 793 4158 explicit
810 4095 872 4145 iiber
882 4099 980 4146 terciam
1001 4096 1090 4158 incipit
1100 4101 1207 4158 quartos
1220 4096 1423 4158 philippicam.
1442 4097 1543 4147 Pariter
1559 4099 1585 4147 in
1601 4097 1664 4147 abt
1680 4100 1741 4162 post

406 4173 527 4223 nemim
548 4183 633 4222 novus
656 4183 748 4220 versus
770 4170 861 4234 incipit
882 4172 968 4234 spallo
984 4172 1077 4223 relicto
1094 4174 1129 4223 ad
1146 4172 1249 4224 titulum
1269 4172 1439 4237 expleudum.
1460 4199 1488 4210 -
1507 4175 1532 4224 6.
1550 4174 1590 4223 die
1605 4173 1739 4222 mmmm

406 4245 438 4299 Ψ
456 4275 483 4284 -
502 4247 576 4312 ionpo
592 4246 627 4295 V:
645 4251 731 4308 patros
746 4246 879 4308 conscripti
896 4247 968 4311 ioapo
985 4249 1038 4298 Do
1057 4275 1084 4284 -
1104 4251 1128 4300 7.
1147 4250 1201 4299 cuis
1217 4249 1240 4298 V
1260 4276 1286 4286 -
1306 4263 1355 4312 quo
1371 4250 1407 4298 od
1422 4249 1444 4298 V
1460 4277 1486 4286 -
1507 4250 1531 4299 8.
1551 4250 1634 4312 quiesi
1650 4253 1679 4300 P.
1694 4250 1739 4297 Vi-

407 4323 522 4373 ctorius:
540 4322 568 4370 oi
586 4319 635 4384 (val
652 4321 687 4384 io)
705 4317 751 4378 V¹;
770 4321 813 4383 qui
829 4315 876 4379 V²3
895 4323 938 4383 qui
953 4323 991 4384 fui
1009 4326 1082 4386 agt;
1101 4337 1155 4374 om.
1173 4324 1207 4384 b:
1231 4323 1291 4375 tort.
1310 4325 1365 4388 osui
1383 4351 1410 4361 -
1429 4325 1454 4375 o.
1472 4338 1518 4375 neo
1533 4324 1627 4374 abiecto
1641 4337 1696 4375 om.
1715 4325 1736 4381 t:

409 4411 454 4448 noc
471 4395 539 4446 abac
555 4391 587 4444 Ψ
606 4421 630 4430 -
651 4396 753 4445 mmm
769 4401 907 4458 teaposasm
924 4397 1077 4449 Lambinus.
1091 4423 1120 4434 —
1139 4399 1179 4449 iti.
1195 4399 1413 4450 mewrimomV:
1431 4400 1592 4450 damaim
1606 4412 1637 4459 a;
1654 4405 1737 4451 teter.

407 4473 499 4538 bgt0
517 4474 544 4523 et
563 4473 603 4524 sio
624 4471 700 4522 intra.
718 4499 751 4508 —
771 4471 877 4522 boucam
894 4473 913 4521 0
932 4475 959 4523 et
979 4474 1018 4525 sic
1034 4487 1151 4538 semper.
1172 4503 1199 4512 -
1221 4479 1300 4536 potest
1320 4475 1354 4524 V:
1375 4479 1456 4537 posset
1472 4476 1523 4525 DO
1541 4500 1570 4510 -
1593 4475 1633 4524 tt.
1650 4488 1686 4524 ac
1703 4472 1738 4522 its

407 4555 474 4601 totus
490 4551 527 4600 D:
552 4563 585 4598 ec
600 4547 632 4597 iis
647 4553 713 4598 totas
727 4549 800 4598 uictis
816 4549 838 4598 V
858 4575 885 4586 -
908 4549 945 4598 nil
961 4550 1002 4599 ter
1019 4549 1053 4610 V,
1072 4549 1122 4600 sed
1139 4552 1234 4615 quarto
1250 4548 1309 4600 loco
1325 4551 1401 4610 aiiii3
1424 4549 1669 4612 Niio--paaim
1683 4561 1734 4599 om.

408 4623 437 4675 b¹
456 4651 483 4660 ·-
505 4627 621 4687 soporat
635 4623 663 4672 io
679 4636 707 4673 eo
723 4623 859 4687 iucensam
876 4621 920 4682 Ψ;
948 4625 975 4674 io
995 4638 1024 4675 eo
1041 4632 1149 4688 apparet
1164 4628 1182 4676 i.
1201 4639 1216 4674 a
1236 4649 1263 4661 -
1291 4627 1331 4676 as.
1349 4639 1384 4676 oa
1400 4639 1451 4677 ooo
1465 4640 1511 4676 noa
1527 4637 1543 4675 a
1560 4651 1588 4662 ·-
1610 4625 1738 4676 imortt

411 4727 437 4737 -
458 4698 596 4749 reum:
616 4711 670 4750 om.
689 4700 710 4749 D
729 4725 756 4734 -
777 4699 817 4748 ti.
837 4703 932 4762 uipera
950 4701 987 4749 V:
1006 4705 1099 4751 stom.
1118 4703 1139 4751 D
1160 4727 1185 4738 -
1207 4702 1328 4751 lietiti.
1346 4702 1422 4763 recip.
1442 4701 1477 4750 V:
1495 4701 1646 4764 recoplio
1662 4701 1736 4751 etsie

408 4774 481 4826 altas.
501 4799 528 4810 -
549 4773 590 4822 aa.
607 4773 713 4834 (oraim
731 4773 765 4821 V:
784 4787 839 4824 om.
857 4774 909 4825 ΒΟ
928 4798 956 4811 -
975 4775 1016 4825 20.
1035 4787 1080 4825 noa
1097 4789 1150 4826 om.
1169 4777 1295 4826 bluretus.
1316 4802 1342 4811 -
1362 4777 1403 4826 bi.
1420 4790 1501 4840 pocae
1515 4778 1585 4840 foeta
1600 4776 1658 4826 otiis
1673 4777 1696 4825 V
1709 4803 1733 4813 -

407 4851 448 4900 ἢ
467 4849 562 4911 impuri
576 4849 650 4898 buius
667 4849 677 4897 l
696 4875 723 4885 —
740 4848 781 4898 23.
799 4849 878 4911 facim
896 4849 964 4912 abg
983 4877 1010 4886 -
1037 4850 1129 4911 poterit
1144 4850 1178 4898 V:
1195 4850 1304 4912 potuerit
1321 4851 1371 4901 ΒΟ
1390 4877 1417 4888 -
1436 4864 1574 4902 maccam
1590 4854 1638 4901 at:
1656 4864 1736 4901 noos·

404 4938 465 4989 porc
481 4922 527 4982 Ψ;
546 4935 686 4972 summisere
703 4921 816 4985 thgo
836 4949 863 4960 -
882 4925 922 4973 25.
941 4925 1072 4973 interitum
1086 4925 1107 4972 V
1126 4937 1195 4973 corr.
1211 4939 1244 4974 er
1261 4925 1351 4974 itenere
1364 4951 1390 4962 ·-
1410 4927 1451 4976 26.
1468 4931 1595 4988 repertum
1611 4926 1672 4974 v-
1691 4927 1735 4974 do-

407 5012 477 5049 mum
492 4999 545 5049 eius
561 5010 590 5060 κς
610 4997 711 5046 domum
726 4997 838 5046 caesoris
855 4998 906 5046 cius
923 5001 945 5059 t:
965 4999 1066 5048 dommo
1081 5001 1193 5049 caesaris
1208 4999 1249 5050 ab
1264 5027 1292 5036 -
1310 5002 1475 5062 coaptioaerit
1485 5001 1519 5050 V:
1537 5001 1734 5064 compilaritbo

411 5101 437 5110 -
457 5073 488 5122 iis
504 5085 567 5124 nos:
586 5073 607 5121 is
622 5072 657 5131 V;
677 5072 714 5120 bis
730 5071 783 5121 ΒΟ
802 5072 895 5134 (onmia
912 5085 944 5122 aa
960 5073 997 5122 bis
1014 5074 1075 5134 ti-
1093 5075 1134 5124 27.
1152 5073 1309 5123 coadiV1-
1329 5075 1370 5124 28.
1388 5075 1447 5125 beno
1463 5077 1493 5126 do
1508 5089 1537 5127 re
1550 5077 1664 5139 psociis
1678 5075 1732 5135 ab;

408 5162 422 5199 a
439 5147 477 5212 (de
493 5149 511 5212 t)
528 5147 670 5211 rapiam
684 5147 758 5210 (actis
774 5148 809 5209 gt
828 5173 854 5184 -
874 5147 913 5196 29.
932 5148 1082 5198 inmunitate
1097 5163 1152 5212 ag;
1170 5149 1338 5200 immunitates
1353 5155 1402 5202 tres
1418 5152 1428 5200 t
1444 5175 1470 5186 -
1490 5151 1531 5201 30.
1549 5151 1655 5214 imperio
1671 5151 1732 5200 b-

410 5224 450 5274 32.
468 5225 566 5274 morit
581 5223 633 5273 ab.
