4009 6159
650 624 723 689 (44.
744 620 975 687 444-444.
1003 619 1049 706 §a
1071 617 1215 685 44-44.
1505 597 1587 670 4444

273 795 483 861 Voltinienses
505 800 561 857 aut
580 793 663 878 apud
685 792 816 856 tribules
838 811 912 856 suos
925 792 1068 856 44444444
1099 793 1333 855 1444444444
1349 788 1425 874 quid
1442 785 1587 850 44444444

273 911 369 974 quem
397 889 532 952 iudicem
555 907 595 950 ex
621 887 685 949 illis
708 894 762 949 aut
782 886 911 950 tacitum
931 895 1044 950 testem
1065 886 1195 950 haberes
1217 893 1272 948 aut
1291 905 1366 948 vero
1388 884 1481 946 etiam
1504 877 1590 943 exei-

276 986 386 1047 tares‘l
419 983 560 1055 Etenim,
589 981 615 1042 si
638 1001 711 1043 reus
734 981 834 1043 tribus
856 980 977 1055 ederet,
1007 981 1177 1043 Voltiniam
1198 979 1330 1043 14444444
1352 977 1495 1040 Plancius
1516 993 1589 1057 pro·

272 1087 344 1160 pter
371 1075 636 1140 necessitudinem
668 1095 704 1136 ac
726 1074 933 1149 vicinitatem,
964 1095 1053 1137 suam
1075 1095 1149 1138 4444
1172 1080 1256 1137 44444
1278 1073 1437 1136 edidisset.
1476 1072 1533 1142 Et,
1562 1066 1589 1129 si

273 1173 434 1255 quaesitor
454 1171 529 1233 huic
552 1169 693 1232 edendus
715 1168 842 1243 luisset,
866 1189 959 1252 quem
981 1170 1106 1232 tandem
1133 1169 1240 1252 potius
1261 1187 1354 1251 quam
1375 1165 1460 1228 buno
1482 1163 1515 1225 C.
1537 1160 1613 1225 tls

271 1264 365 1342 lium,
395 1285 491 1349 quern
513 1263 625 1338 babet,
655 1264 705 1326 oui
727 1263 907 1326 notissimus
929 1282 999 1326 esse
1022 1263 1131 1338 debet,
1153 1263 1308 1337 vicinum',
1336 1259 1500 1332 tribulem,
1522 1275 1591 1340 gra·
1710 1247 1737 1326 (¹

271 1361 434 1424 vissimum
456 1357 616 1420 bominem
638 1357 927 1439 iustissimumque,
950 1349 1230 1428 edidisset‘l(cuius
1253 1355 1378 1439 quidem
1399 1353 1541 1436 aequitas
1559 1357 1592 1411 44

272 1474 310 1518 44
340 1442 590 1540 voluntas)erga
620 1451 674 1512 Cn.
698 1450 815 1513 Plauoii
847 1451 996 1525 salutem,
1028 1471 1123 1534 quam
1152 1451 1206 1513 ille
1235 1450 1303 1513 sine
1325 1449 1391 1512 ulla
1412 1444 1591 1533 cupiditatis

272 1547 453 1630 suspicione
474 1564 550 1629 prae
571 1565 605 1607 se
627 1537 817 1627 lert,(facile
840 1533 1061 1642 declar-athon
1082 1543 1180 1607 fuisse
1194 1543 1361 1626 fugiendos
1375 1542 1504 1606 tribules
1518 1539 1591 1602 buio
1667 1510 1748 1606 4748

271 1643 409 1714 4444444,
432 1641 483 1703 444
506 1641 716 1723 quaesitorem
738 1637 882 1701 tribulem
904 1639 1119 1722 exoptandum
1138 1638 1237 1701 fuisse
1258 1637 1399 1700 videatis.
1601 1649 1628 1696 44

356 1736 470 1798 xviii.
493 1730 543 1795 44.
567 1734 678 1816 Neque
708 1752 767 1814 ego
797 1752 881 1795 nunc
901 1732 1067 1796 consilium
1087 1731 1285 1815 reprebendo
1308 1739 1409 1807 tuum,
1431 1730 1515 1815 quod
1538 1749 1592 1793 eas

272 1831 390 1905 tribus,
421 1829 535 1913 quibus
566 1835 633 1889 erat
661 1826 713 1888 bic
739 1827 874 1888 maxime
904 1834 1017 1900 notus,
1047 1845 1111 1889 non
1140 1827 1293 1901 edideris,
1322 1827 1377 1889 sed
1398 1847 1417 1889 a
1438 1836 1469 1889 te
1492 1826 1592 1888 doceo

272 1924 440 1988 consilium
461 1940 526 1985 444
548 1928 706 1984 servatum
727 1928 865 1983 senatus.
899 1919 1025 1982 Etenim
1047 1923 1119 2004 quis
1136 1929 1167 1984 44
1181 1929 1248 1985 tum
1262 1921 1385 1984 audiret
1399 1921 1523 1984 illorum
1537 1925 1591 1981 aut

271 2017 348 2102 quid
364 2017 510 2080 41444444
533 2017 775 2097 sequestremne
791 2013 974 2076 Plancium?
996 2016 1191 2099 llespuerent
1204 2035 1312 2090 aures,
1333 2033 1426 2077 nemo
1441 2032 1592 2098 agnosce·

270 2120 337 2187 ret,
359 2110 570 2194 repudiarent.
603 2110 650 2170 44
673 2108 865 2190 gratiosum?
893 2107 943 2169 llli
971 2107 1105 2172 libenter
1126 2110 1289 2172 audirent:
1319 2129 1376 2172 nos
1397 2129 1461 2172 non
1483 2105 1591 2171 timide
1601 2123 1629 2168 44

270 2201 501 2269 confiteremur.
543 2202 616 2266 Noli
639 2204 722 2265 eninr
746 2209 873 2282 putare,
895 2202 1090 2276 Laterensis,
1112 2203 1233 2284 legibus
1254 2203 1341 2276 istis,
1365 2223 1442 2286 quas
1464 2208 1593 2265 senatus

272 2301 312 2362 de
334 2299 452 2363 ambitu
474 2297 587 2360 sanciri
608 2296 760 2369 voluerit,
782 2296 814 2357 id
838 2315 907 2358 esse
929 2285 1109 2380 actum,(ut
1123 2297 1313 2378 suffragatio,
1335 2305 1370 2359 ut
1384 2297 1592 2370 observantia,

270 2401 306 2455 44
332 2392 433 2475 gratia
461 2381 647 2482 tolleretur)
674 2409 800 2471 semper
824 2388 952 2451 fuerunt
980 2391 1039 2452 4444
1066 2391 1157 2465 14444,
1180 2391 1234 2473 qni
1257 2389 1339 2474 apud
1362 2390 1493 2453 tribules
1516 2409 1592 2452 suos

272 2487 402 2570 gratiosi
425 2505 496 2548 esse
517 2485 644 2547 4411444.
679 2481 730 2545 45.
752 2485 862 2567 Neque
883 2503 958 2547 vero
980 2491 1042 2546 tam
1065 2482 1163 2546 durus
1184 2483 1217 2545 in
1240 2485 1363 2567 plebem
1385 2492 1493 2548 noster
1514 2484 1591 2546 ordo

269 2582 344 2656 fuit,
373 2588 410 2643 ut
430 2599 500 2643 eam
522 2578 585 2641 coli
608 2586 716 2640 nostra
737 2577 863 2640 modica
884 2577 1071 2640 liberalitate
1094 2577 1245 2652 noluerit,
1273 2597 1376 2661 neque
1401 2580 1462 2642 boc
1483 2578 1629 2640 libcrisro

270 2675 386 2739 nostris
416 2671 665 2737 interdicendum
695 2678 758 2744 est,
786 2690 827 2733 ne
850 2672 1020 2735 observent
1040 2672 1168 2734 tribules
1191 2691 1280 2746 suos,
1312 2692 1352 2735 ne
1375 2673 1522 2754 diligant,
1551 2690 1592 2732 ne

271 2769 425 2832 conticere
446 2764 634 2828 necessariis
656 2766 721 2827 suis
743 2784 832 2827 suam
853 2765 970 2828 tribum
990 2767 1130 2848 possint,
1160 2786 1201 2828 ne
1223 2785 1280 2849 par
1302 2767 1340 2829 ab
1362 2767 1401 2829 iis
1423 2785 1536 2828 munus
1557 2763 1591 2825 in

270 2883 327 2926 sua
353 2861 509 2945 petitione
537 2865 733 2942 respectent:
762 2860 840 2922 baec
868 2861 951 2921 enim
985 2859 1080 2942 plena
1109 2866 1182 2923 sunt
1212 2857 1324 2935 officii,
1360 2860 1457 2943 plena
1484 2859 1591 2922 obser·

269 2957 410 3031 santiae,
440 2955 535 3040 plena
564 2953 658 3016 etiam
686 2953 891 3036 antiquitatis.
933 2953 998 3015 lsto
1027 2954 1060 3016 iu
1083 2973 1198 3035 genere
1221 2954 1391 3018 siluimus
1413 2954 1489 3038 ipsi,
1520 2973 1591 3016 cum

269 3050 451 3114 ambitionis
479 3055 607 3111 nostrae
636 3054 779 3130 tempora
806 3046 1022 3130 postulabant,
1051 3055 1083 3110 et
1104 3047 1293 3111 clarissimos
1314 3049 1398 3111 viros
1420 3067 1489 3111 esse
1510 3047 1628 3131 ridi-25

270 3165 340 3208 mus
363 3151 395 3206 et
416 3144 512 3206 bodie
534 3159 604 3205 esse
626 3141 770 3203 volumus
792 3161 887 3222 quam
916 3139 1068 3223 plurimos
1092 3143 1257 3224 gratiosos.
1270 3125 1470 3216 (1144444444
1491 3143 1591 3206 tribu-

269 3240 363 3313 lium,
384 3237 552 3321 descriptio
575 3235 702 3319 populi,
725 3224 1061 3343 sumaqiaparqitlone
1077 3235 1222 3298 devincta
1245 3239 1441 3300 severitatem
1464 3244 1591 3300 senatus

270 3339 301 3397 et
322 3333 479 3396 bonorum
501 3331 642 3393 omnium
663 3331 726 3392 vim
748 3319 949 3418 aoldolorem
972 3327 1169 3434 excitarunt.)
1191 3329 1278 3393 llaec
1301 3329 1397 3406 doce,
1418 3331 1497 3394 baec
1519 3351 1591 3414 pro·
1686 3329 1777 3406 ηἱκ

268 3427 333 3502 444,
355 3428 417 3490 1444
438 3424 602 3498 incumbe,
624 3425 810 3496 Laterensis,
833 3421 1012 3486 decuriasse
1027 3424 1202 3498 Plancium,
1225 3423 1455 3507 conscripsisse,
1478 3445 1592 3509 seque·

270 3527 367 3583 444444
388 3519 505 3592 luisse,
527 3518 765 3599 pronuntiasse,
788 3516 950 3579 divisisse:
974 3523 1038 3579 turn
1062 3518 1198 3581 mirabor
1216 3526 1247 3581 te
1261 3519 1302 3580 iis
1316 3519 1411 3581 armis
1425 3521 1485 3594 uti,
1510 3537 1627 3605 quaeso

270 3615 326 3678 tibi
348 3615 401 3676 lex
423 3613 534 3686 dabat,
563 3611 713 3674 noluisse.
755 3610 935 3672 Tribulibus
958 3613 1041 3672 enim
1064 3611 1218 3674 iudicibus
1239 3631 1304 3674 nou
1326 3612 1421 3676 modo
1443 3615 1591 3677 44444444-

269 3716 333 3771 tem
355 3707 496 3781 illorum,
528 3706 554 3767 si
584 3706 646 3768 ista
673 3723 749 3768 4444
777 3712 863 3778 4444,
893 3705 947 3766 444
970 3724 1011 3766 44
1033 3704 1140 3768 441444
1163 3706 1290 3788 quidem
1311 3706 1392 3770 ferre
1414 3727 1590 3790 possemus.
1711 3723 1713 3726 ·

208 3849 215 3857 ,
271 3798 321 3862 46.
344 3802 434 3863 Hanc
456 3800 663 3863 iurationem
686 3819 756 3861 cum
784 3797 902 3879 fugeris
925 3818 1061 3881 cumque
1084 3818 1139 3861 eos
1161 3799 1282 3863 iudices
1303 3801 1419 3865 habere
1441 3802 1591 3874 nolueris,

253 3895 461 3978 quorum-in
483 3894 579 3956 buius
602 3893 718 3955 delicto
728 3887 811 3976 (cum
834 3892 967 3955 scientia
988 3893 1177 3967 certissima,
1200 3901 1266 3956 tum
1281 3895 1372 3958 dolor
1389 3897 1590 3978 gravissimus

270 4009 340 4072 esse
362 3981 620 4091 debuerit,)quid
642 3985 726 4070 apud
749 3987 807 4048 bos
829 3985 933 4059 dices,
956 3986 1011 4068 qui
1034 3987 1089 4048 abs
1111 3995 1142 4049 te
1159 3987 1244 4051 taciti
1258 3989 1439 4071 requirunt,
1461 4009 1517 4051 cur
1531 3989 1627 4054 sibiae
1701 3971 1783 4054 nl(

269 4084 332 4146 boc
353 4083 459 4145 oneris
479 4081 682 4164 imposueris,
704 4099 760 4142 cur
782 4099 816 4143 44
838 4080 1037 4163 potissimum
1060 4079 1224 4163 delegeris,
1251 4103 1308 4145 444
1327 4082 1465 4166 denique
1487 4103 1521 4146 se
1543 4082 1591 4146 di·

269 4177 380 4241 vinare
400 4175 550 4238 malueris
572 4193 667 4258 quam
688 4193 760 4249 eos,
782 4175 838 4258 qui
860 4175 994 4248 scirent,
1015 4175 1177 4238 iudicare?
1220 4177 1306 4238 xlx.
1327 4178 1395 4260 Ego
1418 4176 1588 4253 Plancium,

334 4508 359 4558 4.
377 4504 459 4570 qaeu]
479 4517 557 4566 quma
572 4505 668 4554 itarius
683 4504 745 4554 Tar.
765 4505 847 4554 Lecti.
865 4504 896 4554 ll.
915 4517 942 4570 p.
961 4503 993 4556 84
1010 4517 1051 4568 sq.
1072 4529 1099 4541 -
1123 4503 1213 4556 babere
1228 4519 1253 4556 re
1268 4511 1314 4557 444
1329 4507 1349 4556 T
1364 4533 1398 4544 -
1414 4507 1437 4560 3.
1457 4510 1555 4560 eederet
1570 4511 1595 4561 Τ,

271 4609 299 4620 -
318 4581 342 4634 l.
361 4596 393 4632 444
409 4583 446 4632 E:
464 4587 510 4631 cut
525 4583 559 4641 T;
577 4586 601 4631 st
618 4582 638 4630 0
656 4606 683 4615 -
702 4581 867 4630 ocdidirretT
886 4606 912 4615 -
931 4581 972 4643 m]
988 4586 1017 4630 44
1033 4582 1081 4632 TE
1095 4607 1122 4617 -
1140 4582 1165 4632 4.
1184 4583 1292 4643 44444444·
1307 4582 1355 4633 ΤΕ
1373 4609 1401 4619 -
1420 4584 1444 4634 T.
1462 4585 1591 4636 4444444444

270 4658 334 4708 Τ-
354 4657 526 4719 444444441-
545 4658 569 4708 8.
586 4657 672 4719 placet
688 4654 749 4706 T-
767 4656 792 4706 9.
810 4655 908 4705 triballis
923 4656 971 4706 TE
988 4681 1017 4692 -
1037 4659 1076 4707 to.
1095 4658 1321 4720 4444444441-
1340 4659 1381 4708 14.
1399 4671 1442 4709 444
1457 4659 1521 4710 TE:
1539 4675 1590 4711 44444

269 4745 312 4783 eos
329 4733 348 4782 0
366 4759 394 4768 -
414 4734 454 4782 ta.
471 4747 523 4782 444
538 4746 601 4783 oum
617 4731 753 4782 codicibus
774 4729 874 4795 aliquot
889 4731 1055 4783 Wunderus:
1081 4745 1133 4783 om.
1152 4733 1229 4783 TEO
1248 4759 1274 4768 -
1299 4731 1339 4784 tt.
1358 4733 1484 4784 diceretT
1501 4761 1527 4770 -
1547 4750 1590 4786 re-

267 4809 379 4871 spuerint
395 4808 444 4857 TE
462 4833 490 4846 -
518 4808 664 4863 4444444444
686 4806 706 4855 Τ
725 4833 751 4843 -
779 4807 1102 4857 444444444144444444
1128 4807 1226 4858 4444444
1246 4807 1324 4858 TEO
1346 4835 1373 4844 -
1396 4810 1506 4861 4441444444
1522 4813 1541 4862 T
1560 4839 1586 4849 -

268 4883 392 4946 4444444444
408 4883 427 4933 Τ
446 4909 472 4918 -
493 4884 532 4934 18.
551 4883 668 4931 toleretur
684 4881 704 4930 T
722 4907 750 4917 —
768 4882 820 4931 uiri
836 4881 892 4932 boui
909 4883 975 4932 TE:
994 4882 1051 4932 boni
1067 4884 1117 4931 4444
1133 4883 1153 4932 0
1167 4908 1194 4918 —
1213 4884 1384 4934 4441441441-
1404 4885 1444 4935 19.
1462 4887 1589 4950 qratiosT

271 4983 299 4996 -
316 4973 377 5009 4444
393 4970 445 5008 om.
464 4958 532 5007 T—
548 4957 589 5005 20.
607 4955 749 5005 libertateT
762 4981 789 4992 -
808 4957 964 5016 444444444-
982 4957 1024 5006 at.
1043 4955 1210 5007 temet-
1229 4958 1270 5009 43.
1285 4960 1437 5021 4444444441·
1452 4987 1478 4996 -
1496 4961 1590 5024 41444-

268 5035 430 5099 94444443-
449 5032 739 5084 4444441444444-
758 5032 1113 5082 4441444444ΤΕι444444440
1133 5059 1160 5070 -
1178 5033 1313 5084 1444444444
1330 5035 1388 5083 T-
1410 5035 1527 5086 4444414444
1544 5038 1588 5087 TE

269 5135 299 5148 -
318 5109 359 5160 28.
376 5107 435 5172 vim}
452 5109 519 5158 iroru
536 5108 621 5159 Cobet
637 5107 775 5170 (44444444.
795 5108 836 5157 111.
855 5122 882 5172 p.
900 5108 966 5167 23⁴).
987 5135 1013 5144 -
1033 5107 1171 5156 4444444444
1187 5107 1207 5156 T
1224 5133 1251 5144 -
1270 5108 1310 5160 3⁰.
1326 5112 1504 5172 4444444444444
1520 5113 1539 5162 E
1559 5137 1586 5147 -

268 5190 292 5236 44
306 5184 346 5250 444]
363 5185 417 5234 tetis
432 5185 480 5234 TE
500 5209 526 5221 -
551 5185 602 5244 uti,
625 5183 697 5245 quoe]
717 5184 802 5245 utique
820 5184 869 5233 TE
893 5209 921 5220 -
945 5181 985 5231 33.
1004 5181 1080 5232 uultis
1100 5182 1119 5231 T
1139 5209 1166 5218 —
1188 5181 1227 5234 33.
1246 5183 1311 5234 bore
1326 5185 1476 5237 iurationem
1492 5185 1540 5235 TE
1558 5209 1585 5220 -·

266 5261 393 5325 suqetuT
411 5286 439 5294 -
456 5262 568 5322 eumque]
585 5265 613 5309 tu
629 5257 671 5309 rel
688 5273 721 5308 cu
735 5260 755 5308 T
771 5285 798 5294 -
816 5257 866 5320 444]
881 5257 925 5307 444
940 5257 1033 5307 ΤΕ-
1050 5255 1090 5307 34.
1108 5257 1172 5320 aar]
1189 5261 1243 5307 44444
1259 5259 1322 5309 E—
1337 5262 1487 5313 amaricatio
1504 5258 1588 5312 Cobet

267 5333 286 5386 l.
304 5332 322 5385 1.
343 5331 1308 5400 -44414444444-344.44114444441;44444440-36.44444444441“.
