4009 6159
735 601 808 668 cu».
831 601 1029 668 xv-xu.
1056 599 1103 688 ss
1125 597 1273 667 ae-sa
1584 599 1668 669 toro

337 779 526 861 praeterque
554 772 634 838 duos
664 772 703 837 de
730 773 838 858 lapide
861 779 985 856 emptos
1007 772 1169 848 tribunos,
1201 773 1305 856 legem
1327 773 1464 855 comitiis
1487 773 1667 839 centuriatis

337 869 409 933 tulit
429 870 462 932 P.
485 867 640 931 Lentulus
662 867 836 964 consul‘do
858 867 997 950 collegae
1021 866 1061 941 Q.
1082 866 1203 930 Metelli
1225 867 1396 943 sententia,
1425 887 1521 951 quem
1543 887 1667 932 mecum
1769 893 1782 939 ,·

338 963 449 1026 eadem
471 961 688 1043 respublica,
711 981 793 1046 quae
816 963 848 1026 in
870 961 1031 1025 tribunatu
1053 961 1122 1025 eius
1144 961 1342 1036 diiunxerat,
1363 961 1397 1024 in
1420 962 1588 1025 consulatu
1605 964 1668 1027 rir-
1767 954 1778 966 ⁹

338 1062 404 1121 tuto
427 1054 539 1139 optimi
560 1063 657 1139 atque
685 1055 850 1120 iustissimi
880 1055 938 1118 riri
965 1053 1184 1139 sapientiaque
1207 1054 1385 1118 coniunxit
1427 1052 1479 1118 36.
1502 1055 1592 1132 Quae
1613 1057 1668 1122 lex

337 1169 432 1234 quem
453 1148 494 1211 ad
515 1148 645 1213 modum
668 1158 793 1234 accepta
816 1151 873 1225 sit,
900 1149 977 1234 quid
1006 1169 1057 1212 me
1083 1149 1196 1212 attinet
1219 1149 1351 1212 diceret
1386 1149 1437 1212 Ex
1457 1150 1548 1213 vobis
1570 1151 1691 1217 audias

336 1243 455 1306 nemini
483 1242 545 1305 ciri
571 1242 667 1308 ullam
698 1264 762 1327 quo
791 1244 896 1308 minus
923 1244 1049 1327 adesset
1076 1244 1152 1307 satis
1182 1242 1296 1306 iustam
1324 1243 1563 1310 excusationem
1596 1264 1667 1309 esee

337 1337 458 1414 visam3
491 1336 588 1402 nullis
617 1337 753 1402 comitiis
783 1357 935 1420 umquam
965 1357 1072 1422 neque
1098 1336 1333 1402 multitudinem
1359 1337 1526 1401 hominum
1548 1345 1666 1403 4004000

336 1450 442 1515 neque
475 1431 722 1516 splendidiorem
754 1431 870 1496 luisse:
903 1431 965 1495 hoc
998 1439 1082 1495 certe
1113 1432 1225 1506 rideo,
1258 1430 1346 1515 qnod
1374 1431 1516 1495 indicant
1541 1432 1667 1496 tabulae

337 1526 500 1611 publicae,
522 1545 579 1590 ros
593 1532 773 1609 rogatores,
795 1545 852 1590 vos
874 1525 1070 1602 diribitores,
1091 1546 1149 1589 vos
1171 1525 1319 1590 custodes
1341 1524 1442 1588 luisse
1462 1526 1665 1603 tabellarum3

337 1627 371 1684 et
397 1621 485 1703 quod
512 1621 545 1683 in
572 1620 748 1684 honoribus
778 1628 956 1684 vestrorum
983 1619 1235 1704 propinquorum
1257 1639 1322 1682 uon
1349 1618 1454 1683 tacitis
1474 1619 1527 1684 vel
1552 1621 1666 1685 aetatis
1674 1639 1703 1686 40
1731 1631 1737 1638 “

338 1715 542 1779 excusatione
572 1713 624 1780 rel
654 1713 799 1790 honoris,
836 1714 868 1778 id
896 1714 930 1776 in
958 1713 1060 1778 salute
1092 1734 1164 1778 mea
1197 1714 1286 1778 nullo
1314 1719 1448 1797 rogante
1477 1733 1534 1777 ros
1560 1721 1666 1780 restra

337 1815 450 1892 sponte
470 1805 599 1873 lecistis.

420 1904 504 1968 XVI.
536 1902 588 1968 37.
612 1903 728 1969 Confer
748 1923 850 1979 nunc,
876 1903 1015 1986 Epicure
1036 1911 1161 1979 noster,
1184 1923 1225 1967 ex
1245 1902 1324 1967 hara
1344 1903 1517 1986 producte,
1537 1924 1602 1969 nou
1624 1925 1666 1969 ex

336 1999 461 2076 schola,
483 1999 608 2074 confer,
637 1998 665 2062 si
686 1999 802 2075 audes,
824 1998 998 2062 absentiam
1020 2006 1105 2062 tuam
1129 2019 1196 2062 cum
1220 2017 1300 2063 mea.
1344 1997 1517 2062 Obtinuisti
1537 1999 1666 2082 provin-

336 2094 417 2158 ciam
439 2093 637 2158 consularem
662 2093 778 2157 linibus
800 2093 857 2169 iis,
878 2079 974 2177 (quos
1002 2092 1058 2156 lex
1085 2092 1267 2176 cupiditatis
1293 2100 1384 2169 tuae,
1416 2113 1483 2157 non
1509 2114 1590 2178 quos
1611 2095 1702 2160 lenta

336 2189 446 2271 generi
467 2187 516 2252 tui
528 2178 718 2283 pepigerat.)
747 2190 827 2252 Nam
848 2187 919 2269 lege
936 2187 1079 2252 Caesaris
1100 2187 1275 2251 iustissima
1295 2195 1391 2271 atque
1414 2188 1534 2271 optima
1554 2189 1665 2274 populi
1758 2177 1840 2259 «aba

335 2283 429 2348 liberi
451 2282 545 2367 plane
568 2289 600 2346 et
620 2302 695 2347 rere
716 2282 825 2358 liberi,
857 2281 928 2364 lege
950 2288 1056 2345 autem
1078 2301 1132 2355 ea,
1163 2301 1259 2364 quam
1287 2301 1382 2346 nemo
1409 2281 1513 2365 legem
1529 2290 1667 2367 ,praeter
1771 2345 1775 2355 ,

337 2387 368 2442 40
396 2383 429 2442 04
456 2377 608 2460 collegam
630 2385 719 2443 tuum
748 2365 890 2460 putarit}
905 2365 1024 2466 (omnis
1046 2382 1120 2459 egat
1134 2374 1192 2438 tibi
1213 2376 1348 2450 Achaia,
1370 2377 1548 2454 Thessalia,
1568 2379 1666 2443 Athe·
1686 2333 1801 2466 jail*
1829 2445 1836 2452 .

336 2494 414 2548 nae,
437 2479 549 2540 cuncta
570 2470 700 2535 Graecia
721 2467 867 2628 addictaR
900 2471 1040 2534 habebas
1062 2471 1236 2534 exercitum
1258 2477 1396 2548 tantum,
1430 2481 1585 2558 quantum
1595 2464 1684 2546 (tibi
1706 2472 1743 2532 r*
1758 2504 1817 2561 „s
1841 2514 1893 2562 4..

336 2587 402 2631 uon
434 2573 562 2631 senatus
591 2572 647 2629 ant
675 2555 811 2648 populiis
866 2585 997 2629 omanus
1026 2551 1180 2660 dederat)
1209 2563 1266 2627 sed
1295 2572 1450 2647 qnamum
1481 2575 1538 2631 toa
1564 2562 1712 2634 libidoeu'

339 2661 588 2747 conscripserat3
628 2661 784 2725 aerarium
817 2659 1020 2723 exhauseras.
1073 2652 1125 2720 38.
1163 2657 1249 2733 Quas
1277 2679 1329 2722 res
1361 2662 1488 2743 gessisti
1513 2665 1664 2748 imperio,

338 2757 497 2830 00000440,
520 2754 875 2838 provinciaconsularii
899 2754 1053 2830 Quaeres
1069 2753 1218 2835 gesserit,
1242 2773 1373 2838 quaere.
1418 2756 1495 2832 Qui,
1516 2758 1664 2834 0400044,

338 2851 443 2914 statim
466 2845 514 2886 Η
779 2903 780 2906 ,

426 2942 445 2978 ³*
461 2944 480 2981 *
503 2944 644 3011 nondum
659 2963 872 3010 commemoro
885 2945 1030 3026 rapinas,
1051 2964 1117 3009 non
1131 2951 1258 3009 exactas
1272 2946 1439 3029 pecunias,
1461 2964 1528 3011 nen
1547 2952 1664 3029 captas,

337 3062 403 3106 non
425 3041 609 3124 imperatas,
638 3059 704 3103 nen
725 3058 821 3102 neces
842 3039 1018 3113 sociorum,
1045 3059 1111 3102 non
1138 3039 1251 3104 caedes
1277 3040 1457 3124 hospitum,
1485 3059 1551 3105 non
1571 3023 1701 3125 pert-s

337 3137 439 3210 444οι0,
468 3155 533 3198 000
554 3134 797 3207 immunitatem,
827 3153 892 3196 000
914 3133 1035 3197 scelera
1056 3133 1226 3217 praedico:
1254 3155 1348 3210 mox,
1375 3135 1404 3199 si
1425 3134 1603 3212 ridebitur,
1629 3142 1665 3200 ut

337 3248 409 3294 cum
434 3227 522 3303 fure,
558 3223 592 3292 ut
620 3226 886 3310 consacrilego,
922 3232 958 3291 nt
987 3247 1058 3292 cum
1085 3228 1199 3293 sicario
1226 3229 1412 3313 disputabas
1446 3247 1533 3295 nuno
1560 3249 1664 3296 meam

402 3567 426 3618 4.
442 3571 621 3630 praeterquam
637 3567 698 3616 daos
713 3566 732 3616 F
749 3567 777 3615 04
793 3563 872 3616 codd.
889 3565 1013 3616 drusiani
1031 3565 1088 3629 (dac
1105 3566 1163 3629 GP]
1183 3592 1210 3602 -
1235 3564 1346 3616 40440004
1361 3565 1440 3619 A'l'c
1459 3568 1487 3618 et
1502 3568 1661 3622 Arusianus:
1774 3552 1781 3565 ⁸

337 3641 448 3694 04444000
465 3641 500 3704 pl.
518 3641 594 3705 Vttl;
617 3643 637 3692 0
655 3641 733 3705 plebis
755 3639 867 3692 inclusit.
894 3641 924 3692 lu
941 3653 1025 3704 marg.
1044 3641 1144 3692 codicis
1161 3642 1184 3690 V
1200 3643 1286 3692 exstat
1305 3641 1357 3693 hoc
1375 3644 1514 3708 antiquum
1530 3643 1662 3696 scholion:

338 3719 426 3770 Omnes
442 3717 535 3768 40444004
552 3718 590 3780 pl.
606 3731 655 3780 pro
671 3717 787 3770 04000000
802 3717 1390 3782 manutenementum,
1412 3719 1457 3782 eret
1471 3732 1498 3770 se
1512 3721 1666 3772 masma

338 3794 463 3847 04000040
475 3792 572 3858 publice
587 3793 764 3844 0004440004·
781 3807 841 3844 uam
856 3793 951 3844 edr'ora
965 3792 1095 3855 mauripe'a
1110 3806 1190 3856 seepra
1205 3792 1314 3856 lapidem
1328 3795 1423 3846 0400440
1438 3794 1619 3858 merae,
1636 3803 1667 3848 eet

336 3874 471 3934 eruptores
487 3867 572 3918 ablata
587 3867 664 3918 000440
680 3868 790 3918 mutuus
806 3867 952 3918 4000044004.
968 3893 995 3902 -
1014 3867 1110 3917 comate
1127 3868 1185 3918 F-
1205 3868 1230 3918 3.
1249 3868 1378 3920 dilacerat
1392 3869 1425 3930 'l';
1443 3871 1601 3922 44040000ον044
1617 3872 1664 3923 Ct)

338 3962 380 4028 (de
397 3962 420 4011 V
436 3974 489 4012 000
506 3960 631 4024 0000404);
655 3961 790 4011 diduxerat
810 3960 908 4012 Wund.
928 3974 954 4025 p.
973 3961 1040 4020 L1x;
1066 3962 1094 4010 at
1113 3962 1225 4026 apparet
1244 3962 1429 4015 eremitar
1443 3977 1477 4015 ex
1491 3953 1667 4018 DIIV'XERAT

336 4041 424 4090 ortum
442 4049 511 4089 esse.
526 4063 552 4073 —
571 4035 596 4088 l.
609 4036 703 4099 optamt
713 4037 736 4085 V
748 4062 775 4072 -
795 4041 870 4099 atque
886 4048 951 4086 nos:
970 4049 1001 4085 ac
1012 4034 1090 4086 codd.
1104 4036 1171 4086 040.
1189 4037 1219 4086 40
1230 4049 1270 4086 or.
1282 4049 1309 4101 p.
1322 4037 1400 4089 44000.
1413 4039 1473 4089 Am.
1487 4035 1502 4102 ἓ
1514 4037 1546 4090 04
1558 4052 1591 4089 er
1603 4039 1663 4092 cod.

336 4113 431 4166 lledlc.
444 4111 484 4174 44,
495 4112 526 4163 444
538 4112 603 4162 item
614 4111 802 4176 corrigendum
813 4113 854 4163 est
865 4116 939 4174 atque
949 4112 1008 4176 (pro
1019 4111 1058 4174 acl
1069 4111 1184 4173 40440000,
1202 4112 1229 4163 40
1240 4111 1296 4162 Val.
1309 4112 1379 4165 llax.
1390 4114 1446 4176 Vll,
1457 4113 1481 4175 3,
1492 4113 1508 4163 0
1519 4125 1551 4164 ex
1562 4114 1663 4167 Parldls

336 4190 451 4255 epitoma
463 4187 495 4238 ab
507 4188 577 4250 (edd.
590 4189 615 4252 a)
627 4190 721 4240 400000.
736 4215 764 4226 -
782 4190 807 4238 4.
820 4188 985 4251 receptal'-
1005 4189 1030 4237 6.
1042 4187 1222 4252 0400400444-
1234 4188 1387 4240 aderetl'-
1407 4190 1432 4240 4.
1444 4189 1569 4252 0000040
1586 4190 1662 4242 uecC

337 4291 366 4304 -
379 4270 477 4318 4004400
494 4266 560 4316 FGP
577 4292 605 4302 -
621 4265 646 4316 8.
659 4265 811 4327 splendorem
826 4265 843 4314 S
860 4277 900 4329 pr.
914 4277 950 4315 m.
964 4264 1017 4314 044
1029 4265 1103 4325 011„
1121 4265 1151 4314 nt
1161 4264 1230 4314 conl.
1244 4265 1361 4315 Faernus
1370 4262 1449 4329 prob.
1461 4265 1560 4316 Wnud.
1573 4279 1601 4330 p.
1610 4266 1661 4318 LX.

256 4343 260 4352 '
336 4366 364 4376 -
384 4340 408 4391 3.
421 4339 560 4390 afflueres
576 4339 610 4389 V:
629 4338 800 4390 distributores
817 4340 845 4389 C.
869 4337 908 4389 Ad
925 4351 984 4388 voc.
1002 4339 1029 4389 40
1040 4338 1063 4388 V
1074 4350 1154 4388 maun
1168 4340 1276 4403 antiqua
1292 4339 1346 4390 hoc
1362 4337 1484 4392 scholion
1499 4339 1664 4406 adscriptum

336 4417 392 4466 est:
411 4415 581 4477 4000404000,
598 4414 717 4464 diruam
728 4414 872 4466 4040400000
888 4419 912 4464 04
926 4418 1099 4464 reseratores
1113 4415 1294 4478 mutuatantes
1306 4439 1334 4450 ·-
1352 4413 1501 4466 ubedam
1512 4415 1592 4467 codd.
1603 4416 1664 4468 Lal-

335 4490 468 4544 lemondi:
493 4489 637 4541 4040400000
657 4491 707 4542 VC
733 4515 761 4528 -·
785 4489 825 4540 43.
843 4490 928 4553 causer
949 4495 971 4540 te
987 4489 1010 4539 V
1028 4514 1056 4524 -
1080 4502 1114 4539 ee
1134 4486 1342 4540 uara--ueou
1359 4487 1438 4539 alfort
1453 4491 1553 4542 4400400
1568 4504 1596 4555 p.
1614 4492 1663 4544 440

335 4567 416 4620 llere.
434 4567 477 4632 (ee
493 4580 543 4616 ara
558 4565 587 4628 E)
607 4592 635 4603 -
658 4579 691 4616 ee
706 4565 763 4616 cola
781 4565 815 4625 E,
837 4579 870 4616 ea
888 4577 942 4616 om.
963 4564 1071 4616 Nonius.
1093 4590 1120 4600 —
1145 4563 1186 4616 tl.
1204 4563 1405 4626 00040οκοωοι
1420 4561 1503 4614 hebet
1518 4560 1663 4620 Arusianus

335 4656 362 4709 p.
380 4643 438 4694 444.
458 4668 485 4678 -
504 4641 631 4705 0044044044
648 4643 668 4691 G
686 4667 714 4678 -
735 4641 775 4691 44.
794 4639 864 4690 liban·
881 4645 956 4702 ateste
970 4639 1046 4702 plaue
1062 4641 1083 4690 G
1102 4666 1129 4676 -
1152 4638 1297 4690 caelibari
1312 4640 1346 4690 V:
1363 4653 1423 4691 uere
1437 4644 1512 4692 04004
1526 4639 1597 4691 ater
1612 4641 1663 4694 CO

337 4744 365 4756 -
385 4717 425 4768 48.
443 4721 499 4768 erat
514 4716 549 4766 444
565 4717 599 4776 Ε;
617 4717 665 4767 erit
680 4717 724 4768 4444
741 4719 803 4768 G·
822 4716 861 4766 43.
878 4715 986 4767 addam.
1005 4714 1189 4766 440404000-
1208 4714 1249 4764 44.
1267 4714 1420 4776 tuepertoV:
1436 4715 1465 4764 40
1480 4714 1585 4778 40000040
1602 4716 1660 4767 CO.

337 4792 376 4844 Cl.
393 4807 421 4858 p.
440 4793 513 4854 4040,
530 4793 571 4844 40.
586 4819 613 4829 -
632 4793 673 4844 43.
694 4793 774 4845 «Post
789 4792 874 4842 statim
890 4789 972 4842 multa
989 4789 1024 4841 de
1041 4790 1142 4841 Pisonis
1159 4789 1185 4839 40
1202 4789 1288 4853 prium
1304 4801 1354 4840 suo
1369 4789 1397 4840 40
1413 4789 1596 4841 Macedoniarn
1613 4790 1663 4842 ed-

336 4871 417 4920 00040
439 4867 600 4920 taeinen'bus
617 4867 762 4920 desiderari
779 4867 989 4918 demonstratum
1006 4864 1053 4915 ivit
1064 4865 1276 4928 Legomersinius
1286 4865 1315 4916 40
1326 4863 1453 4928 calogeri
1464 4865 1582 4918 4404004440
1591 4866 1619 4916 T.
1630 4867 1662 4918 40

335 4942 378 4996 vel
394 4943 558 4994 4040400000
578 4947 601 4994 04
620 4944 725 4994 8004040
744 4943 815 4994 44400.
834 4943 895 4993 eru.
915 4943 937 5002 1,
955 4941 971 4992 4
991 4953 1017 5004 p.
1037 4939 1094 4990 334.
1129 4938 1209 4990 440440
1231 4942 1322 4992 400000
1341 4940 1437 4992 deesse
1459 4953 1513 4992 non
1532 4943 1660 5006 possent,

336 5030 399 5070 cum
419 5019 509 5068 orator
528 5019 641 5083 excipiet
659 5017 760 5070 scelera
778 5021 806 5069 et
826 5018 936 5082 44034440,
959 5015 1090 5080 relinquat
1106 5013 1214 5066 forsitan
1229 5016 1324 5079 400ον0
1340 5015 1474 5080 00004040
1490 5017 1518 5067 04
1532 5028 1661 5081 perverse

336 5095 411 5158 gesta
428 5093 454 5144 40
470 5105 500 5143 re
517 5092 647 5146 militari.»
664 5096 764 5146 Oarnnr.
783 5095 916 5146 lacunam
934 5092 978 5142 hic
994 5103 1055 5142 esse
1071 5090 1151 5153 negat
1167 5091 1263 5141 Rarius
1279 5092 1314 5152 11,
1331 5104 1358 5157 p.
1372 5091 1413 5142 34.
1427 5117 1456 5127 -
1473 5089 1515 5142 44.
1532 5104 1585 5141 uou
1599 5103 1661 5141 eea·

335 5175 390 5222 atae
405 5169 528 5221 VEFG:
553 5172 663 5222 00044000
680 5172 767 5223 hlSO.
795 5170 834 5222 Cl.
853 5171 880 5221 40
897 5171 952 5220 Cal.
971 5169 994 5229 l,
1014 5166 1029 5230 fi
1047 5169 1077 5216 t:
1102 5165 1400 5228 eume-etaetatis,
1424 5165 1490 5217 iutra
1506 5164 1523 5228 8
1539 5165 1570 5216 44
1587 5167 1616 5216 04
1630 5179 1658 5230 p.

336 5243 406 5296 Sulla
422 5245 438 5309 5
455 5244 485 5295 7:
503 5258 609 5298 00000-
618 5259 669 5298 eoo
679 5271 694 5284 ·
704 5259 766 5307 uou,
785 5247 813 5296 et
828 5245 868 5296 sic
884 5245 1056 5309 saepissime.
1070 5244 1188 5307 apparet
1204 5257 1237 5294 ex
1252 5241 1298 5294 tuli
1313 5241 1372 5294 loco
1384 5243 1518 5293 Romanos
1532 5253 1585 5292 000
1598 5240 1659 5292 meu

336 5319 452 5374 dinncte
469 5321 614 5388 scripsisse.
635 5349 663 5360 -
681 5321 722 5373 44.
740 5322 827 5374 emere
841 5320 912 5373 Vll:
930 5319 1030 5373 000400
1045 5318 1120 5371 EFS
1138 5342 1165 5356 -
1183 5319 1225 5371 40.
1242 5323 1271 5370 at
1285 5319 1347 5385 past
1361 5319 1447 5371 merit.
1464 5328 1519 5370 om.
1536 5316 1564 5368 0.
