4009 6159
728 564 993 633 conr-nn
1019 564 1231 653 §saa-ac.
1554 564 1638 633 4444

270 789 276 799 .
320 735 488 801 animarum
516 740 655 804 mentum
684 742 887 821 mentemque
914 735 1100 821 deponeres.
1129 744 1168 801 44
1197 744 1255 814 44,
1282 754 1422 821 opuer
1441 767 1483 784 -·
1503 735 1637 803 Puerum

322 828 475 913 appellat,
497 849 591 913 quem
611 848 677 893 nen
697 828 792 895 modo
813 830 936 904 virum,
959 829 1016 895 sed
1038 831 1132 895 etiem
1152 830 1356 900 iortissimum
1370 830 1471 896 virum
1493 834 1592 896 sensit
1606 838 1639 897 et

322 922 447 987 sentiet.
485 923 543 987 Est
569 922 651 988 istnc
679 924 809 1008 quidem
838 944 953 988 nomen
975 923 1107 999 aetatis,
1137 923 1193 987 sed
1214 924 1253 989 ab
1276 944 1314 989 ee
1334 924 1463 989 minime
1484 944 1639 1008 usurpan-

322 1016 414 1092 dum,
446 1017 502 1102 qui
533 1036 623 1081 suam
656 1018 824 1083 amentiam
851 1038 951 1102 puero
979 1017 1053 1081 huic
1081 1017 1211 1102 praebet
1238 1016 1278 1083 ad
1305 1018 1446 1101 gloriam.
1488 1013 1539 1080 25.
1567 1018 1637 1102 qui

322 1111 455 1174 omnia
482 1110 641 1176 nomini
670 1111 797 1174 debes
824 1145 866 1159 -
886 1112 988 1175 Debet
1008 1130 1084 1176 rere
1106 1110 1262 1195 solvitque
1283 1111 1453 1194 praeclare.
1499 1112 1662 1178 stenima

321 1202 377 1266 ille
398 1204 518 1287 patriae
539 1224 669 1287 parens,
697 1214 731 1269 44
753 1212 787 1269 tu
809 1204 1012 1289 appellas-
1034 1224 1092 1288 ego
1115 1203 1192 1289 quid
1213 1204 1347 1269 sentiam
1367 1206 1476 1270 videro
1497 1239 1555 1283 -,
1584 1226 1640 1271 eur

321 1316 387 1360 non
407 1298 459 1362 hic
480 1318 595 1381 parens
616 1298 736 1375 verior,
769 1318 789 1362 a
810 1318 874 1382 qno
897 1300 1096 1364 samaritam
1117 1297 1269 1362 babemrn
1291 1318 1308 1361 e
1330 1298 1392 1363 tuis
1413 1297 1641 1365 facinerosissi-

321 1391 541 1457 mismanibus
557 1395 718 1476 ereptam?
740 1392 777 1457 id
800 1412 933 1475 agere,
954 1399 997 1456 ut
1019 1393 1106 1457 iore
1122 1391 1330 1455 damnatus
1352 1392 1409 1456 sit
1425 1392 1640 1458 Dolabella
1757 1380 1760 1397 '

321 1516 364 1531 -
384 1485 521 1568 Turpem
542 1505 617 1550 vero
639 1486 810 1560 actionem,
840 1506 903 1569 qna
924 1485 1107 1549 defenditur
1126 1484 1311 1568 amplissimi
1332 1482 1500 1551 auctoritas
1521 1486 1640 1551 ordinis

321 1586 431 1643 cenna
451 1579 659 1643 crudelissimi
673 1577 856 1661 gladiatoris
872 1579 1059 1643 amentiam!
1082 1613 1125 1625 -
1145 1584 1185 1642 et
1205 1584 1247 1641 ut
1267 1577 1455 1643 venetica
1474 1579 1574 1645 haee
1595 1580 1676 1644 li·⁴⁰

321 1670 487 1735 beretnr
506 1671 737 1737 obsidione.
773 1669 952 1737 veneficam
973 1672 1072 1736 andes
1093 1672 1253 1755 appellare
1275 1692 1346 1736 eum
1368 1672 1480 1750 virum,
1502 1674 1557 1758 qui
1575 1675 1639 1738 tuis

322 1764 484 1829 veneficiis
505 1766 645 1830 remedia
663 1766 808 1831 inveniti
831 1786 924 1850 quem
938 1767 984 1829 ita
997 1765 1142 1840 obsides,
1165 1784 1247 1829 nove
1260 1764 1435 1841 Hannibal,
1457 1776 1512 1832 aut
1526 1768 1553 1832 si
1568 1769 1640 1852 quis

321 1858 444 1922 acutior
467 1859 639 1944 imperator
662 1858 737 1934 tuit,
764 1867 802 1923 ut
821 1867 853 1923 te
873 1861 942 1942 ipse
964 1857 1127 1934 obsideas,
1157 1877 1264 1942 neque
1285 1865 1316 1922 te
1338 1858 1446 1936 istinc,
1473 1860 1501 1925 si
1521 1862 1639 1943 cupias,

321 1952 425 2035 pessis
440 1953 609 2037 explicare.
643 1953 839 2027 Receescris,
861 1952 1002 2037 undique
1018 1972 1127 2017 omues
1141 1953 1366 2037 insequentur:
1389 1954 1550 2030 manseris,
1564 1954 1641 2019 bae-

322 2045 416 2114 rabis.
451 2045 606 2110 Nimirum
627 2054 712 2111 reete
725 2045 898 2111 veneticam
920 2046 1077 2129 appellas,
1098 2067 1117 2112 a
1136 2066 1200 2132 quo
1222 2046 1279 2111 tibi
1300 2053 1495 2130 praesentem
1517 2056 1678 2132 pestemu

322 2138 412 2203 rides
441 2147 663 2223 comparatam.
705 2128 822 2233 26.(ut
842 2159 956 2224 quam
984 2140 1380 2227 potentissimam
1402 2141 1568 2206 Cassius
1589 2152 1641 2207 at·
1705 2156 1808 2230 χχ]

324 2252 403 2315 qne
424 2218 591 2334 Brutus.)
615 2234 710 2297 Putes
733 2233 939 2298 Censorinum
960 2233 1066 2298 dicere
1087 2239 1142 2299 aut
1159 2224 1420 2298 ventidiumaut
1441 2236 1535 2301 etiarn
1556 2239 1641 2321 ipsos

323 2324 490 2389 Antonios.
534 2326 598 2391 Cur
626 2333 731 2391 autem
754 2325 1022 2411 nolintpotentes
1044 2346 1200 2393 4444444
1222 2327 1318 2391 modo
1341 2328 1476 2411 optimos
1499 2338 1530 2395 et
1550 2332 1642 2396 nobi·

323 2417 462 2484 lissimos
482 2418 586 2496 viros,
609 2419 665 2485 sed
686 2441 793 2485 seeum
815 2421 910 2485 etiam
932 2420 966 2483 in
987 2422 1033 2483 rei
1059 2419 1204 2503 publicae
1226 2420 1409 2485 defensione
1432 2424 1641 2490 coniunctos:

322 2512 512 2577 Nimirum
534 2514 675 2578 eedem
696 2515 812 2579 modo
833 2515 930 2578 baec
952 2513 1178 2597 adspicitis,
1199 2523 1240 2578 nt
1260 2515 1397 2597 priora
1416 2538 1554 2601 -quae
1574 2528 1679 2585 tan-:o

324 2606 418 2670 demi
446 2640 489 2655 -
516 2615 645 2674 castra
674 2609 831 2693 Pompei
860 2615 1039 2673 senatum
1069 2607 1354 2691 appellabatis.
1396 2609 1467 2673 XII.
1489 2613 1538 2675 An
1565 2633 1641 2677 vero

323 2706 376 2765 tua
398 2708 499 2765 444444
519 2702 626 2784 potius
648 2707 792 2767 senatum
814 2701 1068 2785 appellaremus?
1097 2703 1131 2764 in
1153 2703 1266 2786 quibus
1288 2709 1323 2765 tu
1346 2722 1380 2766 44
1401 2702 1548 2767 videlicet
1568 2724 1642 2770 oon·

322 2795 453 2870 solaris,
484 2796 576 2859 cuius
608 2803 693 2859 totus
722 2795 905 2859 consulatus
934 2803 983 2859 est
1011 2815 1052 2857 ex
1082 2795 1166 2859 omni
1199 2796 1465 2859 monimentorum
1492 2799 1644 2862 memoria

324 2888 469 2952 evulsus:
491 2887 555 2953 duo
577 2899 754 2971 praetores,
777 2889 845 2952 sine
869 2906 962 2953 causa
984 2886 1078 2952 diffisi
1094 2909 1128 2952 se
1142 2886 1264 2972 aliquid
1282 2888 1462 2966 habituros3
1485 2910 1543 2953 nos
1559 2891 1642 2954 enim

325 2982 468 3046 Caesaris
488 2979 641 3046 beneficia
660 2981 876 3047 defendimus:
899 2983 1049 3066 praetorii
1069 2980 1294 3066 Philadelphus
1308 2982 1431 3045 4444444
1446 2989 1478 3045 44
1489 2982 1680 3049 4444444444
1714 2994 1725 3118 p
1764 2954 1795 3049 Ᾰ

324 3075 462 3139 Gallius:
483 3075 621 3140 aedilicii
635 3096 766 3160 corycus
788 3076 922 3140 laterum
936 3076 1070 3140 efvocis
1085 3095 1183 3152 meae,
1203 3076 1317 3150 Bestia,
1339 3082 1371 3138 et
1387 3072 1460 3139 fidei
1480 3083 1643 3159 patronus,
1711 3124 1714 3129 ,

322 3167 485 3253 fraudator
499 3170 700 3244 creditorum,
715 3169 902 3246 Trebellius,
918 3177 950 3234 et
970 3169 1066 3233 bomo
1082 3169 1225 3253 diruptus
1233 3159 1437 3253 dirutusque,
1453 3168 1491 3245 Q.
1508 3166 1643 3245 Caffius,

324 3262 534 3347 columenque
555 3263 727 3341 amicorum
748 3264 893 3339 Antonii,
923 3250 1046 3347 Cotyla*
1060 3263 1187 3339 Varius,
1217 3283 1312 3347 quem
1338 3262 1494 3327 Antonius
1515 3264 1644 3329 delicia·
1665 3314 1669 3321 .

324 3351 509 3421 mm‘causa
530 3356 608 3421 loris
629 3358 664 3420 in
685 3357 831 3421 convivio
852 3356 942 3421 caedi
963 3354 1094 3420 iubebat
1115 3356 1246 3421 aservis
1268 3356 1420 3440 publicis:
1442 3360 1644 3443 septemvira·

291 3466 294 3473 ·
324 3450 371 3514 les
392 3450 508 3526 Lento,
536 3451 672 3528 Nucula:
701 3457 768 3515 tum
790 3450 922 3515 deliciae
943 3456 1039 3535 atque
1061 3468 1182 3515 amores
1203 3449 1315 3536 populi
1336 3450 1468 3515 Romani
1489 3451 1524 3515 L.
1545 3453 1681 3519 4444-44

389 3762 414 3811 4.
430 3764 540 3811 matre:
553 3759 869 3822 messemquelrnsianoe,
888 3759 933 3823 qni
949 3756 1034 3823 psal
1052 3757 1130 3810 444444
1144 3771 1201 3809 csso
1216 3758 1244 3810 44
1254 3784 1290 3797 --
1300 3758 1431 3823 deponeret
1441 3760 1496 3826 (444)
1508 3764 1536 3814 44
1546 3760 1646 3829 aliquot

324 3833 384 3886 libri
400 3836 523 3887 Ferrarii:
540 3832 933 3896 mentemmeatmapseabi-
950 3834 1154 3897 244444444-
1171 3834 1243 3887 emat
1259 3834 1267 3884 l
1285 3861 1314 3872 -
1334 3834 1461 3888 44444444
1479 3863 1507 3874 -
1525 3835 1550 3889 4.
1564 3852 1645 3902 puero

324 3908 568 3973 desumpserit:
586 3904 924 3960 444-4444444444
942 3904 1646 3978 samrateuaab210-oebes.debetah-sclotqrre
1766 3954 1769 3963 .

325 3983 1646 4053 bt-epotemus:-peeeotzccremmpceresnpereeeeurlanotius-pree

324 4058 566 4123 4444444444-
587 4058 762 4118 aarum:
780 4058 1004 4118 etslrtnem.
1022 4058 1063 4120 b¹;
1081 4060 1141 4112 lert.
1159 4062 1601 4125 44444444-444444444444444444444
1618 4066 1645 4116 44

325 4132 591 4196 044444444444444444)
610 4160 638 4171 -
665 4135 688 4185 8.
708 4136 930 4198 3444444444-
953 4135 1130 4187 444444-
1149 4133 1453 4199 lacaedemonem
1472 4139 1642 4200 -porrcm

325 4202 354 4255 h:
372 4231 400 4242 —
419 4207 460 4258 43.
476 4207 616 4270 4444444-
635 4214 727 4260 uem.
745 4210 903 4269 4-44444,
920 4208 980 4260 lert.
999 4223 1032 4261 ex
1048 4210 1141 4261 4444-
1157 4210 1198 4261 48.
1215 4208 1378 4269 aollmbti3
1396 4211 1455 4263 4444
1472 4223 1528 4262 a-
1548 4212 1589 4265 49.
1605 4226 1645 4264 44-

324 4280 390 4346 cam]
401 4294 458 4332 44444
474 4286 484 4333 4
503 4310 530 4321 -
548 4284 710 4347 &sesanam
726 4286 734 4334 l
753 4312 780 4322 -
798 4287 840 4337 20.
852 4283 933 4349 medo]
945 4287 1076 4348 temperet
1088 4312 1115 4323 -
1134 4286 1175 4336 24.
1193 4284 1357 4348 appellabatis
1366 4298 1422 4337 ver.
1435 4288 1502 4337 lunt.
1515 4289 1543 4337 44
1552 4300 1644 4352 margo

326 4356 413 4407 Crat:
431 4358 562 4420 4444444444
578 4358 657 4409 cedd.
675 4361 774 4410 noti-
788 4361 829 4410 22.
848 4365 962 4410 metum
976 4362 1059 4425 potios
1075 4363 1086 4411 4
1104 4388 1131 4399 -
1149 4362 1302 4425 appellarem
1318 4375 1378 4412 a-
1395 4361 1436 4412 43.
1454 4367 1489 4412 444
1505 4366 1570 4413 44444
1584 4377 1646 4415 444·

324 4428 469 4492 summm
492 4433 1227 4488 ersom.i-moscmeatcrumio-2l.eoalrrset:
1250 4434 1409 4487 4444444444)
1433 4435 1646 4499 (sedinboet
1770 4502 1772 4505 y

324 4518 355 4555 444
370 4506 396 4555 44
413 4506 490 4570 rael:
507 4509 622 4559 malros
636 4510 688 4571 40;
708 4511 741 4562 ct.
759 4526 787 4576 p.
805 4511 891 4562 Sestio
908 4511 923 4574 fi
939 4510 981 4562 33.
1001 4536 1029 4548 -
1051 4511 1424 4573 caesareensem·
1442 4512 1483 4563 244.
1498 4514 1647 4578 philadelfus
1693 4548 1706 4557 -

325 4581 441 4631 amoses:
457 4584 480 4642 t;
498 4583 532 4633 44.
551 4596 591 4633 or.
609 4584 654 4644 xl,
673 4583 688 4648 5
706 4584 747 4637 44.
767 4612 796 4622 -·
818 4586 859 4637 26.
875 4585 973 4635 44444444
988 4587 1016 4644 t;
1040 4590 1064 4635 44
1080 4585 1169 4637 44444444
1185 4584 1203 4635 4)
1223 4610 1249 4621 -
1268 4587 1364 4637 carim
1380 4584 1467 4639 abit.
1487 4588 1645 4640 «Verisslme

325 4655 479 4707 Schuetzins
495 4669 607 4719 44444444.
635 4658 696 4709 Est:
719 4661 746 4709 in
762 4672 816 4724 quo
833 4660 939 4711 bomine
957 4660 1097 4725 quinquies
1114 4675 1130 4712 a
1146 4674 1190 4712 me
1207 4660 1330 4724 dolense,
1355 4660 1470 4713 velutin
1485 4657 1604 4735 κωρύκῳ
1620 4676 1644 4714 4.

325 4726 385 4779 tolle
402 4742 481 4779 arena
499 4729 602 4796 repleto
618 4735 689 4784 44444
706 4746 769 4786 snas
786 4734 913 4797 athletae,
935 4736 974 4785 sic
991 4748 1040 4799 ego
1057 4735 1139 4786 latera
1156 4738 1294 4788 atrocem
1310 4736 1442 4787 exercui.»
1459 4737 1559 4788 044444.
1577 4735 1644 4788 Edd.

325 4804 428 4869 priores
448 4804 516 4857 male
537 4808 639 4859 04444444
659 4808 702 4859 vel
724 4810 751 4862 0.
770 4812 865 4861 0444444.
896 4809 934 4860 Cl.
954 4808 988 4859 de
1009 4808 1069 4860 loco
1091 4812 1171 4861 etiam
1188 4811 1260 4862 ltavii
1277 4822 1333 4861 rer.
1350 4809 1422 4862 lectt.
1440 4810 1475 4873 11,
1494 4824 1521 4875 p.
1540 4811 1596 4862 4444.
1616 4836 1644 4848 -

324 4892 383 4929 seeo
402 4881 460 4929 t-
485 4882 528 4932 27.
545 4882 725 4946 [remoneo
745 4885 867 4936 4444444444
886 4886 912 4945 i,
938 4898 981 4936 vv.
1000 4885 1085 4948 paud.
1107 4886 1194 4937 4444444.
1217 4889 1340 4949 suspecta
1362 4888 1439 4938 erant
1458 4885 1598 4936 Garatonio
1619 4886 1647 4935 et

326 4956 391 5005 item
406 4955 486 5006 llario
502 4954 520 5006 l.
533 4968 558 5007 4.
578 4971 609 5008 44
626 4970 690 5010 sane
708 4957 811 5024 glossae
827 4958 945 5025 speciem
962 4958 1071 5011 hebent.
1085 4986 1113 4998 —
1131 4962 1275 5023 4444444444
1290 4962 1319 5024 ο.
1332 4962 1357 5011 i:
1375 4962 1495 5024 4444444444
1510 4959 1572 5010 abt
1588 4958 1645 5023 (sed

325 5027 483 5092 bexeorr.)
501 5055 529 5067 -
547 5033 624 5083 444444
639 5035 693 5084 mei
712 5060 739 5070 -
757 5036 799 5086 23.
817 5035 904 5086 444444
918 5033 938 5084 b
955 5058 983 5072 ·-
1001 5035 1078 5085 444444
1094 5034 1128 5085 bi
1146 5062 1173 5073 -
1195 5036 1285 5089 Varius
1301 5049 1373 5099 quem
1389 5035 1553 5088 ed..lscens.
1566 5034 1643 5085 ⁴529:

327 5102 602 5169 444444444444444444
625 5110 786 5172 comat:
806 5112 1038 5172 wriwpuoralr
1062 5109 1096 5161 ct.
1114 5123 1153 5162 or.
1171 5110 1332 5175 Vfllrffl
1351 5135 1379 5148 -
1402 5110 1444 5163 24.
1461 5108 1645 5161 meamet

249 5212 253 5218 -
323 5178 1645 5314 Rambbebspbizssdebattmssita—cmlrprdbctrlemarios:eesipsbtcr'enends

435 5265 452 5305 a
485 5254 503 5305 4.
