4009 6159
677 591 751 658 cn.
772 591 1029 658 xxm-xxv.
1053 589 1100 676 ss
1122 589 1267 656 sc-cc.
1549 585 1632 656 4444

310 760 504 847 triumphum
525 761 765 837 contemnebas,
787 783 868 846 quae
889 769 935 838 te,
958 762 1076 847 praedo
1096 763 1329 838 amentissime,
1354 761 1418 825 nisi
1439 761 1575 845 praedae
1597 785 1634 828 ac

311 857 492 941 rapinarum
530 857 685 941 cupiditas
714 864 776 920 tam
809 877 902 920 caeca
935 859 1099 940 rapiebat?
1140 855 1192 920 58.
1220 859 1291 920 Nou
1318 865 1366 920 est
1391 857 1549 941 integrum
1578 861 1635 932 Gn.

311 952 461 1035 Pompeio
493 951 627 1015 consilio
657 951 719 1014 iam
743 951 787 1014 uti
811 959 881 1029 tuo;
911 953 1027 1016 erravit
1047 953 1141 1015 euim.
1183 954 1254 1014 Non
1275 957 1415 1035 gustarat
1436 950 1528 1016 istam
1550 960 1635 1018 tuam

312 1044 570 1129 philosophiam:
605 1054 653 1109 ter
681 1045 744 1108 iam
774 1045 870 1109 homo
902 1047 1018 1111 stultus
1045 1045 1259 1131 triumphavit.
1302 1045 1430 1120 Crasse,
1465 1046 1566 1130 pudet
1586 1068 1636 1111 me

310 1140 367 1203 tui.
420 1139 506 1217 Quid
539 1149 587 1204 est
617 1140 704 1224 quod
734 1140 878 1205 coniecto
906 1161 965 1225 per
993 1150 1025 1204 te
1052 1140 1350 1205 formidolosissimo
1374 1141 1458 1204 bello
1487 1155 1660 1205 coronams

313 1234 401 1297 illam
432 1235 571 1300 lauream
601 1234 656 1296 tibi
684 1241 772 1298 tanto
801 1255 898 1317 opere
920 1236 1048 1299 decerni
1076 1234 1214 1299 volneris
1235 1254 1255 1298 a
1275 1236 1412 1298 senam?
1448 1235 1481 1296 P.
1504 1236 1636 1311 Servili,

311 1326 349 1404 Q.
374 1327 518 1404 Metelle,
553 1330 587 1393 C.
612 1328 724 1405 Curio,
757 1329 792 1390 L.
815 1329 942 1406 Afrani,
975 1350 1033 1394 cur
1059 1331 1146 1393 hunc
1173 1347 1238 1391 non
1266 1330 1397 1393 audistis
1418 1335 1482 1392 tam
1510 1331 1636 1395 doctum

308 1422 489 1498 bominem,
524 1431 586 1487 tam
608 1421 781 1497 eruditum,
814 1423 1021 1508 priusquam
1050 1424 1083 1486 in
1105 1423 1203 1487 istum
1224 1441 1362 1486 errorem
1384 1423 1637 1487 induceremini?

311 1516 344 1580 C.
365 1516 427 1600 ipsi
448 1517 630 1601 Pomptino,
658 1517 838 1579 necessario
861 1537 947 1592 meo,
976 1518 1039 1581 iam
1061 1525 1195 1581 nonest
1221 1517 1396 1599 integrum3
1429 1516 1637 1599 religionibus
1743 1482 1774 1604 ί

312 1612 396 1674 enim
418 1612 575 1694 susceptis
596 1605 778 1693 impeditur.
823 1611 848 1672 0
872 1612 985 1677 stultos
1009 1611 1175 1687 Camillos,
1198 1612 1328 1684 Curios,
1349 1610 1525 1685 Fabricios,
1549 1610 1677 1675 Gala-to

311 1705 410 1779 timos,
432 1705 616 1788 Scipiones,
639 1705 820 1786 Marcellos,
843 1706 1017 1769 Maximosl
1051 1714 1207 1770 amentem
1229 1705 1378 1780 Paulum,
1400 1707 1550 1770 rusticum
1572 1707 1638 1769 bla-

310 1799 408 1873 rium,
443 1799 562 1863 nullius
595 1798 722 1862 consilii
750 1808 855 1882 patres
889 1800 1002 1864 borum
1031 1799 1196 1865 amborum
1226 1800 1410 1875 consulum,
1444 1801 1499 1884 qui
1526 1801 1638 1865 tuum-

310 1892 458 1976 pharintl

394 1987 495 2052 XXV.
531 1985 582 2051 59.
619 1987 682 2052 Sed
711 1989 861 2072 quoniam
889 1988 1058 2072 praeterita
1093 1995 1214 2052 mutare
1244 2009 1309 2053 non
1344 2009 1527 2072 possumus,
1560 1992 1637 2076 quid

313 2088 417 2145 cessat
436 2082 489 2145 hic
510 2082 688 2158 homullus,
711 2103 752 2145 ex
773 2083 883 2165 argilla
906 2091 937 2145 et
957 2082 1026 2145 luto
1046 2082 1140 2145 lictus
1161 2082 1332 2166 Epicurus,
1354 2084 1429 2147 dare
1449 2084 1529 2148 baec
1548 2097 1676 2169 prae-sc
1714 2118 1722 2183 ,Ι
1777 2147 1790 2181 Ι)

313 2177 396 2240 clara
418 2185 588 2262 praecepta
609 2176 786 2261 sapientiae
808 2176 984 2240 clarissimo
1007 2183 1040 2238 et
1059 2194 1183 2239 summo
1204 2169 1404 2259 imperatori,
1426 2198 1543 2260 genero
1558 2183 1639 2245 suot
1712 2212 1717 2225 ·
1777 2171 1784 2194 ”

313 2271 426 2334 Fertur
455 2271 510 2334 ille
540 2273 605 2346 vir,
639 2270 717 2332 mibi
747 2270 857 2344 erede,
891 2270 1009 2353 gloria;
1041 2270 1167 2352 flagrat,
1200 2270 1288 2334 ardet
1316 2265 1586 2354 cupiditatffiusti
1609 2282 1641 2339 et

313 2366 420 2446 magni
442 2365 605 2449 triumphi.
648 2365 719 2427 Non
742 2363 852 2427 didicit
874 2363 985 2428 eadem
1012 2363 1073 2427 ista
1094 2382 1176 2447 quae
1197 2372 1242 2428 tu.
1284 2365 1373 2428 blitte
1394 2366 1435 2429 ad
1457 2387 1529 2431 eum
1549 2368 1641 2433 libel-

313 2458 397 2535 lum;
431 2466 462 2523 et
490 2459 517 2522 si
546 2460 609 2522 iarn
639 2457 707 2542 ipse
731 2477 836 2521 coram
856 2459 1008 2540 congredi
1027 2458 1164 2540 poteris,
1196 2457 1364 2534 meditare,
1397 2459 1514 2544 quibus
1534 2463 1640 2526 verbis

313 2552 477 2616 incensam
505 2553 592 2615 illius
626 2552 830 2634 cupiditatem
853 2551 1038 2634 comprimas
1060 2558 1156 2635 atque
1176 2551 1364 2634 restinguas.
1406 2553 1534 2618 Valebis
1555 2555 1679 2636 apudtc

312 2643 473 2710 hominem
493 2645 679 2710 volitantem
701 2645 821 2727 gloriae
843 2644 1015 2728 cupiditate
1036 2647 1084 2708 vir
1105 2645 1283 2708 moderatus
1305 2654 1337 2709 et
1358 2653 1523 2724 constans,
1555 2650 1641 2733 apud

314 2741 475 2804 indoctum
499 2740 656 2815 eruditus,
679 2739 764 2821 apud
786 2759 936 2822 generum
957 2759 1056 2802 socer.
1098 2739 1193 2802 Dices
1207 2740 1309 2815 euim,
1330 2748 1367 2803 ut
1381 2761 1415 2804 es
1428 2740 1525 2806 homo
1538 2743 1641 2807 iactus

315 2835 355 2896 ad
377 2834 653 2918 persuadendum,
675 2834 871 2908 concinnus,
892 2833 1065 2916 perfectus,
1087 2833 1208 2916 politus
1230 2854 1271 2896 ex
1292 2835 1416 2898 schola:
1455 2835 1560 2912 «Quid
1582 2844 1640 2911 est,

316 2926 447 3004 Caesar,
480 2929 565 3013 quod
588 2936 618 2991 te
641 2927 890 3012 supplicationes
911 2928 1031 2991 totiens
1058 2927 1121 2990 iam
1143 2927 1306 3003 decretae,
1339 2933 1386 2992 tot
1407 2927 1531 2993 dierum
1552 2937 1641 2994 tanto

316 3041 411 3106 opere
435 3022 617 3086 delectent?
639 3023 672 3086 in
696 3021 809 3105 quibus
831 3019 976 3084 homines
999 3040 1105 3086 errore
1127 3022 1298 3096 ducuntur,
1321 3041 1401 3107 quas
1417 3022 1450 3086 di
1466 3024 1678 3107 negligentes

315 3117 385 3200 qui,
407 3124 443 3179 ut
462 3124 571 3180 noster
592 3116 717 3179 divinus
739 3114 794 3176 ille
816 3113 897 3177 dixit
917 3114 1091 3199 Epicurus,
1119 3135 1225 3199 neque
1247 3116 1375 3199 propitii
1398 3118 1547 3204 cuiquam
1569 3139 1640 3184 esse

315 3212 418 3275 solent
439 3231 544 3294 neque
566 3209 666 3272 irati.»
717 3209 788 3270 Non
816 3206 914 3271 iacies
942 3204 1037 3272 fidem
1065 3209 1202 3283 scilicet,
1234 3230 1306 3272 cum
1333 3210 1414 3274 baec
1443 3213 1641 3297 disputabis:

314 3306 372 3369 tibi
405 3304 490 3370 enim
519 3312 550 3369 et
581 3323 650 3367 esse
682 3309 714 3367 et
742 3301 842 3365 luisse
874 3302 993 3364 videbit
1020 3303 1129 3366 iratos.
1171 3300 1224 3364 60.
1253 3305 1363 3368 Vertes
1388 3313 1421 3368 te
1449 3307 1489 3370 ad
1511 3308 1640 3372 alteram

316 3400 472 3476 scholam;
495 3398 630 3461 disseres
654 3398 693 3462 de
715 3395 893 3479 triumpho:
932 3375 1037 3471 (Quid
1057 3396 1185 3460 tandem
1206 3396 1303 3486 habet
1323 3399 1383 3461 iste
1405 3404 1536 3464 currus?
1564 3401 1641 3486 quid
1729 3443 1745 3482 g
1768 3390 1829 3480 ἓν

315 3494 411 3558 vincti
443 3499 515 3557 ante
546 3513 669 3556 currum
693 3469 817 3588 (luces)
852 3491 929 3575 quid
959 3490 1125 3556 simulacra
1153 3481 1367 3575 oppidorum?
1403 3493 1481 3577 quid
1506 3497 1682 3563 aurumtao

315 3588 393 3672 quid
412 3589 599 3671 argentum?
632 3585 709 3671 quid
731 3585 826 3667 legati
848 3584 882 3646 in
907 3585 998 3668 equis
1021 3591 1054 3648 et
1073 3585 1214 3648 tribuni?
1247 3586 1324 3669 quid
1346 3587 1464 3650 elamor
1484 3588 1641 3652 militum?

317 3683 393 3767 quid
416 3691 484 3746 tota
504 3681 560 3745 illa
581 3683 719 3765 pompat
741 3679 852 3742 luania
874 3686 949 3742 sunt
970 3679 1049 3755 ista,
1071 3679 1273 3757 mihicrede,
1296 3679 1525 3747 delectamenta
1539 3703 1641 3767 paene

316 3796 503 3859 puerorum,
526 3783 651 3860 captare
673 3775 822 3858 plausus,
844 3772 919 3836 vehi
939 3793 996 3856 per
1017 3773 1144 3850 urbem,
1167 3774 1306 3857 conspici
1327 3775 1430 3840 selle:
1461 3777 1578 3861 quibus
1601 3797 1641 3842 ex

317 4093 396 4148 444444
416 4097 443 4147 tn
470 4093 512 4147 illo
530 4093 681 4158 4444444444,
700 4096 787 4159 potius
803 4094 904 4147 mavult
921 4095 1065 4147 44444εέ44444
1080 4097 1172 4162 (immo
1188 4094 1370 4158 emmelos„
1394 4095 1443 4147 sed
1466 4097 1570 4149 conlert
1584 4100 1642 4165 ipse

318 4171 397 4224 corn
416 4173 481 4237 Nep.
500 4171 576 4223 llam.
595 4183 620 4222 c.
638 4170 663 4223 4.
679 4174 843 4234 postmortem
857 4183 930 4223 mure
946 4171 1055 4224 44444444.
1075 4200 1103 4210 -
1122 4172 1146 4221 4.
1162 4171 1262 4233 proedo
1277 4170 1297 4221 c
1315 4195 1344 4206 -
1367 4171 1392 4222 4.
1410 4171 1448 4221 tut
1463 4173 1562 4236 44444444
1578 4171 1644 4238 qaod

318 4246 667 4311 V-pertoom.l·'s··
691 4246 924 4297 6.oorescsV-
949 4244 1449 4311 mnwoperebabechtcetv.2t.
1469 4271 1497 4284 -
1516 4248 1541 4299 7.
1560 4249 1645 4312 44444444

317 4320 640 4384 344-444444444444444ς
662 4320 860 4387 adsumere
880 4348 906 4359 -
929 4322 1113 4375 bunonch:
1138 4321 1381 4372 4444444460-
1403 4320 1641 4386 3044444444-

316 4399 444 4463 Pomptino
461 4396 495 4446 V:
514 4396 653 4448 Pomtaoc
674 4423 701 4433 -
719 4396 760 4447 tt.
780 4396 1139 4462 0444444444--44444444444444
1153 4396 1272 4447 babath
1292 4423 1318 4434 -
1338 4396 1429 4448 44444444
1444 4396 1524 4448 codd.
1538 4399 1597 4450 Asc.
1613 4427 1642 4438 -

319 4475 359 4526 44.
378 4477 500 4525 amenter»
516 4471 538 4521 V
555 4473 582 4522 et
599 4471 658 4523 cod.
677 4471 866 4523 Riceardtanus
881 4473 1002 4524 Asconii:
1025 4477 1158 4524 4444444444
1173 4468 1207 4532 E,
1224 4475 1362 4522 4444444444
1377 4471 1410 4532 ἲς
1429 4478 1582 4524 omum
1597 4474 1644 4524 so

318 4546 382 4612 [rell.
401 4547 480 4598 codd.
498 4549 558 4598 Asc.
577 4552 750 4598 44444444444444
766 4545 809 4598 ret
825 4551 1033 4613 4444444444444444)
1048 4577 1076 4587 -
1095 4549 1136 4600 tt.
1153 4549 1259 4600 4444444444
1274 4548 1301 4599 ht
1317 4550 1344 4598 et
1355 4546 1417 4599 edd.
1430 4551 1495 4600 rett.
1510 4574 1538 4586 ·-
1556 4551 1645 4601 4444444·

315 4623 420 4686 pbcriat
441 4623 477 4674 V:
502 4623 689 4686 trtmnpbmunt
710 4623 762 4673 AC
786 4649 814 4660 -
837 4624 877 4674 444.
895 4625 1047 4675 4444444444
1069 4639 1109 4690 pr.
1128 4637 1180 4684 m.;
1204 4623 1317 4674 4444444444
1332 4625 1371 4685 44;
1395 4624 1645 4693 4444444444--4444444

320 4699 396 4750 attert
412 4700 494 4750 Prisc.
513 4699 561 4761 111,
580 4699 609 4759 6,
628 4697 643 4762 5
660 4697 702 4750 34.
721 4724 750 4736 -
768 4699 849 4764 sactus
865 4699 887 4748 V
905 4728 932 4737 -
951 4699 1076 4764 Epicurus
1090 4701 1127 4750 V:
1151 4699 1289 4762 suusne
1305 4698 1325 4749 C
1345 4724 1373 4735 -
1387 4702 1526 4763 praeclara
1540 4703 1577 4752 V:
1593 4717 1645 4768 pc-

317 4776 479 4827 rctosclsro
500 4775 620 4836 Erum
646 4778 737 4838 persto
755 4775 772 4824 S
790 4800 817 4811 -
846 4775 885 4825 46.
904 4781 928 4827 44
948 4778 1086 4828 clos-tutone
1107 4775 1126 4826 Γ
1148 4801 1176 4812 -
1203 4775 1244 4825 47.
1261 4774 1340 4839 {erud
1357 4775 1483 4828 tlteconi.
1501 4777 1594 4829 bamb.
1614 4806 1642 4816 -

320 4849 359 4900 43.
378 4855 402 4900 44
417 4850 439 4900 st
455 4851 507 4900 tum
523 4849 559 4899 V:
577 4849 626 4899 Sed
641 4849 707 4909 snm,
725 4848 747 4898 44
764 4848 829 4909 co,
855 4849 951 4914 Ettom,
969 4853 990 4900 44
1006 4852 1086 4902 Bake.
1107 4875 1135 4886 -·
1152 4848 1194 4899 20.
1211 4850 1350 4914 4444444444
1365 4852 1387 4901 G
1405 4877 1433 4888 ·-
1454 4853 1496 4904 22.
1512 4853 1596 4917 {maes
1610 4856 1641 4907 Α.

318 4926 495 4990 Augustinus:
513 4925 610 4989 4444444
626 4922 705 4975 codd.
720 4947 748 4962 ··
764 4924 807 4975 43.
822 4927 946 4988 pefectae
956 4925 1100 4978 delendum
1113 4923 1324 4976 censetllobree
1340 4925 1368 4977 in
1378 4927 1478 4978 ddum.
1491 4930 1527 4990 11,
1544 4942 1572 4996 p.
1586 4929 1644 4981 373.

321 5025 348 5038 -
367 5013 400 5052 ec
415 5001 484 5052 scoto
500 5000 572 5062 vm
590 5013 604 5052 4
619 5000 702 5050 schola
717 4999 760 5051 vel
776 5013 790 5050 4
805 5002 874 5051 scola
892 5002 939 5064 (sic
955 5002 1013 5064 EG)
1030 4999 1088 5052 rell.
1107 5001 1135 5050 et
1150 4999 1171 5050 0
1190 5024 1217 5034 —
1236 4999 1479 5062 044444--44444444444
1495 5004 1551 5068 (sie)
1568 5004 1647 5056 adest

318 5077 411 5128 rhetor
426 5077 542 5128 incertus
559 5077 586 5126 in
601 5075 731 5126 dnecdotts
745 5077 826 5127 444444.
845 5089 871 5141 p.
885 5075 909 5127 3.
924 5102 951 5112 -
970 5076 1012 5128 tt.
1029 5077 1100 5127 444444
1115 5076 1135 5126 0
1153 5096 1181 5114 -
1198 5075 1251 5125 444444
1267 5074 1303 5125 V:
1322 5076 1408 5127 cmc
1426 5079 1455 5128 st
1469 5079 1570 5131 anecd.
1583 5083 1644 5132 Par.

322 5175 349 5189 -
368 5153 409 5204 25.
428 5151 544 5202 4444444444
559 5151 595 5203 V:
619 5150 797 5203 coemeret
813 5151 966 5202 ddectsm
982 5151 1001 5201 C
1020 5175 1048 5186 -
1066 5151 1108 5204 26.
1127 5149 1338 5200 dtotmutttsV:
1354 5151 1462 5204 44444444.
1481 5153 1530 5204 CO
1548 5153 1645 5218 (444444

319 5229 361 5279 4444
376 5232 460 5278 noster
475 5227 535 5292 4444.)
549 5253 577 5268 -
594 5225 636 5280 48.
653 5227 743 5280 44444444
757 5226 885 5279 trotosV:
903 5225 1225 5280 daosutdebtttrctoec-
1244 5225 1524 5279 34444444444444444-
1542 5226 1645 5293 seper
