4009 6159
391 526 453 595 9444
813 535 965 601 ORATIO
987 536 1068 603 PRO
1087 538 1122 602 P.
1142 538 1287 605 sasnlo

391 704 569 787 provincia,
597 724 679 789 quae
705 704 785 769 ratic
807 713 863 769 aut
883 702 1006 771 llandae
1028 714 1084 771 aut
1104 708 1289 774 conflandae
1309 710 1466 792 pecuniae
1486 731 1552 775 non
1574 714 1714 795 reperie-

210 792 306 909 (rls
391 778 510 915 batur)
537 818 620 881 quae
647 800 734 881 regio
764 819 857 863 orare
878 808 1032 865 terrarum
1052 809 1120 865 erat
1139 802 1249 878 latior,
1278 804 1311 867 in
1334 824 1397 887 qna
1418 825 1482 869 non
1503 826 1635 890 regnum
1655 806 1715 871 ali·

253 871 280 929 s*
392 879 479 975 (fica
502 896 714 957 statueretur?
737 894 809 975 quis
831 901 936 957 autem
957 914 1015 959 rex
1036 903 1122 970 erat,
1143 896 1199 979 qui
1221 896 1279 960 illo
1297 917 1381 961 anno
1396 919 1462 962 non
1476 908 1531 963 aut
1545 900 1716 963 emendum

392 985 471 1060 sibi,
492 987 578 1068 quod
600 1007 664 1051 non
686 986 839 1063 babebat,
869 995 924 1052 aut
944 988 1182 1064 redimendum,
1206 990 1292 1074 quod
1314 991 1468 1068 babebat,
1490 993 1714 1057 arbitraretur?

366 1079 464 1163 aquis
485 1081 690 1163 provinciam,
712 1081 785 1165 quis
807 1082 982 1165 pecuniam,
1005 1083 1076 1167 quis
1098 1084 1288 1167 legationem
1303 1105 1323 1149 a
1337 1095 1450 1149 senatu
1471 1087 1620 1170 petebat?
1638 1072 1715 1163 (Da-

390 1174 505 1237 mnatis
526 1173 566 1237 de
588 1176 619 1239 ri
640 1177 814 1250 restitutio,
837 1178 1018 1241 consulatus
1033 1179 1145 1261 petitio
1160 1179 1222 1262 ipsi
1237 1179 1285 1241 illi
1300 1180 1445 1263 populari
1460 1180 1614 1245 ”cardui
1628 1199 1716 1244 com·

209 1291 287 1384 ,st
389 1252 575 1355 parabatur>
601 1270 687 1335 Haec
709 1270 877 1353 gemebant
897 1272 990 1346 boni,
1013 1272 1182 1355 sperabant
1199 1272 1351 1356 improbi,
1373 1274 1486 1357 agebat
1498 1274 1644 1337 uibunua
1658 1273 1715 1356 pl.,

212 1381 216 1389 ¹
254 1353 273 1381 ⁹
390 1345 536 1425 consules
557 1363 758 1429 adiuvabant

475 1456 592 1520 XXXI.
614 1456 667 1521 67.
687 1460 748 1523 Hic
772 1460 961 1543 aliquando,
991 1460 1092 1524 serius
1117 1481 1212 1546 quam
1235 1461 1304 1544 ipse
1325 1461 1438 1536 vellet,
1468 1462 1715 1549 Cercopum

352 1565 380 1613 rc
390 1546 586 1614 invitissimis
609 1553 665 1627 iis,
688 1554 743 1638 qui
764 1562 903 1617 mentem
925 1554 1036 1639 optimi
1057 1573 1094 1617 ac
1114 1554 1278 1619 tortissimi
1293 1556 1353 1619 viri
1373 1557 1440 1621 suis
1456 1557 1596 1621 consiliio
1614 1557 1713 1621 lictis·

391 1663 453 1726 que
476 1646 651 1710 terroribus
673 1667 692 1711 a
714 1646 899 1711 defensione
916 1668 1007 1713 meae
1020 1648 1131 1712 salutis
1145 1656 1339 1725 averterant,
1361 1652 1510 1715 excindi
1522 1650 1609 1715 illam
1622 1670 1713 1714 suam

389 1754 455 1799 non
476 1738 628 1822 sopitam,
650 1741 706 1805 sed
728 1742 908 1826 suspicione
930 1743 1038 1827 aliqua
1059 1743 1248 1807 retardatam
1268 1744 1529 1809 consuetudinem
1542 1746 1591 1809 rei
1609 1744 1714 1828 publi·

390 1849 445 1893 cae
474 1830 557 1895 bene
586 1835 754 1916 gerendae.
793 1838 863 1901 Non
886 1844 935 1900 est
954 1856 1069 1919 passus
1090 1835 1145 1900 ille
1167 1839 1231 1912 vir,
1258 1839 1314 1920 qui
1335 1839 1596 1904 sceleratissimos
1616 1840 1713 1913 cives,

390 1926 445 2009 qui
467 1927 638 1993 acerrimos
659 1928 782 2005 bootes,
804 1932 861 2016 qui
883 1932 1036 1996 maximas
1055 1932 1219 2007 nationes,
1241 1935 1296 2017 qui
1310 1953 1411 2016 reges,
1434 1934 1490 2017 qui
1505 1941 1617 2016 gentes
1630 1934 1713 1997 ieras

351 2027 487 2105 statque
514 2020 689 2097 inanditae,
722 2026 777 2107 qni
805 2026 999 2108 praedonum
1030 2024 1186 2088 infinitam
1214 2046 1358 2101 manum,
1391 2029 1448 2110 qui
1469 2026 1565 2091 etiam
1585 2027 1713 2091 servitia

388 2116 505 2181 virtute
520 2116 714 2201 victoriaque
728 2118 913 2193 domuisset,
932 2119 988 2203 qui
1004 2120 1151 2183 omnibus
1164 2118 1257 2184 bellis
1273 2129 1355 2183 terra
1369 2122 1510 2205 marique
1524 2121 1714 2205 compressis

388 2212 556 2294 imperium
583 2212 695 2295 populi
718 2214 851 2278 Romani
874 2214 959 2277 orbis
980 2222 1133 2277 terrarum
1155 2216 1297 2278 terminis
1319 2212 1497 2288 definisset,
1523 2234 1590 2279 rem
1612 2215 1714 2299 publi-

389 2322 457 2368 cam
480 2306 577 2369 everti
598 2306 717 2371 scelere
739 2326 926 2391 paucorum,
950 2327 1046 2392 quam
1068 2308 1138 2390 ipse
1159 2327 1224 2371 non
1244 2308 1349 2371 solum
1370 2308 1527 2383 consiliis,
1548 2309 1714 2373 sedetiam

389 2400 542 2481 sanguine
564 2419 623 2463 sue
645 2420 740 2486 saepe
762 2410 934 2467 servasset:
961 2402 1095 2465 accessit
1114 2402 1155 2464 ad
1177 2421 1304 2465 causam
1326 2402 1502 2485 publicam,
1523 2403 1637 2467 restitit
1656 2423 1714 2467 au·

351 2492 532 2557 acanum
561 2514 619 2559 sna
646 2496 777 2581 reliquis
805 2496 917 2572 rebus,
948 2503 1080 2579 questus
1102 2501 1150 2557 est
1172 2494 1212 2557 de
1233 2496 1420 2578 praeteritis.
1451 2497 1535 2561 Fieri
1555 2496 1712 2581 quaedam

388 2586 428 2652 ad
451 2588 613 2651 meliorem
635 2610 723 2674 spem
746 2590 908 2653 inclinatio
930 2589 997 2653 risa
1018 2596 1077 2651 est.
1119 2586 1172 2650 68.
1193 2589 1340 2652 Decrevit
1360 2596 1489 2653 senatus
1509 2590 1660 2674 frequens
1671 2590 1711 2654 de

388 2702 460 2747 meo
481 2680 584 2745 reditu
597 2681 749 2745 Kalendis
770 2682 887 2757 luniis,
910 2682 1117 2745 dissentiente
1131 2682 1231 2756 nullo,
1253 2683 1409 2746 referente
1423 2684 1459 2745 L.
1474 2682 1712 2761 Ninnio,(cuius

216 2818 249 2859 ,ρ
292 2806 301 2861 r
359 2762 420 2843 lin
442 2794 512 2839 mea
534 2795 630 2841 causa
652 2796 824 2861 numquam
847 2773 925 2841 tides
940 2776 1103 2860 virtusque
1119 2765 1330 2865 contremuit)
1347 2778 1527 2841 Intercessit
1541 2778 1638 2860 Ligus
1652 2777 1713 2841 iste

196 2845 297 2939 ,ciffis
388 2870 495 2934 neseio
517 2870 589 2953 qui,
612 2869 861 2935 additamentum
883 2871 1086 2935 inimieorum
1107 2888 1260 2933 meorum.
1280 2864 1355 2948 (Res
1369 2877 1437 2953 erat
1451 2877 1484 2934 et
1496 2890 1590 2935 causa
1604 2878 1714 2945 nostra

211 2917 217 2940 ‹
261 2921 333 3034 (23
349 2979 426 3028 roeo
448 2965 511 3028 iam
533 2952 615 3057 loci)
642 2972 677 3027 ut
697 2962 827 3048 erigere
852 2965 962 3029 oculos
984 2973 1016 3029 et
1037 2967 1145 3028 vivere
1165 2964 1334 3028 videretur.
1369 2948 1523 3047 Quisquis
1544 2972 1627 3039 erat,
1655 2965 1713 3048 qui

387 3058 525 3143 aliquam
556 3066 679 3143 partem
710 3061 744 3124 in
773 3080 843 3124 meo
872 3060 959 3123 luctu
987 3059 1116 3123 sceleris
1145 3058 1288 3122 Clodiani
1310 3058 1481 3140 attigisset,
1511 3078 1713 3143 quocumque

388 3162 526 3230 venerat,
547 3154 631 3238 quod
648 3155 799 3219 iudicium
814 3175 950 3238 cumque
966 3154 1114 3227 subierat,
1129 3152 1352 3218 damnabatur:
1374 3154 1594 3218 inveniebatur
1607 3172 1712 3227 nemo,

388 3249 443 3331 qui
471 3268 506 3311 se
535 3248 718 3331 suffragium
740 3248 780 3312 de
802 3269 852 3313 me
874 3250 986 3313 tulisse
1007 3244 1217 3311 confiteretur.
1253 3248 1437 3311 Deeesserat
1459 3268 1500 3311 ex
1519 3248 1595 3311 Asia
1615 3246 1713 3309 trater

387 3362 477 3406 meus
498 3362 612 3425 magno
634 3342 798 3427 squalore,
820 3343 876 3409 sed
899 3342 997 3407 multo
1020 3342 1114 3404 etiam
1136 3342 1254 3404 maiore
1269 3361 1421 3405 maerore.
1451 3343 1533 3406 lluic
1546 3342 1587 3405 ad
1601 3340 1711 3405 urbem

350 3437 527 3503 revenienti
548 3443 617 3500 tota
637 3436 762 3502 obviam
784 3438 894 3501 civitas
909 3457 980 3500 cum
1002 3433 1140 3499 lacrimis
1162 3435 1344 3519 gemituque
1365 3444 1578 3520 processerat3
1600 3435 1711 3517 loque-

275 3538 286 3618 ᾖ
386 3530 478 3593 batur
506 3531 638 3595 liberius
666 3540 811 3609 senatus;
842 3529 1071 3595 concurrebant
1100 3530 1222 3612 equites
1244 3530 1393 3606 Romani3
1423 3530 1495 3594 Piso
1516 3530 1586 3605 ille,
1614 3549 1711 3613 gener

273 3631 279 3654 “·
388 3644 491 3700 meus,
520 3625 570 3688 eui
591 3624 728 3690 finctum
748 3626 876 3711 pietatis
900 3645 976 3689 suae
998 3644 1104 3708 neque
1126 3645 1166 3687 ex
1188 3643 1365 3709 maneque
1387 3644 1407 3687 a
1428 3623 1547 3708 populo
1568 3611 1710 3687 Romano

387 3718 468 3783 serre
499 3720 603 3795 licuit,
633 3740 651 3784 a
680 3720 858 3805 propinquo
884 3740 941 3783 suo
963 3738 1108 3787 socerum
1129 3738 1222 3781 suurn
1245 3718 1426 3802 flagitabat:
1454 3717 1562 3781 omnia
1582 3724 1710 3781 senatus

386 3812 564 3887 reiiciebat,
593 3812 655 3876 nisi
678 3814 717 3875 de
740 3832 788 3876 me
816 3813 952 3897 primum
974 3812 1122 3876 consules
1143 3813 1348 3877 rettulissent.
1391 3812 1524 3875 XXXII.
1546 3807 1599 3873 69.
1621 3809 1711 3885 Quae

349 3920 458 3969 aarum
486 3926 537 3971 res
565 3907 628 3972 iam
650 3908 796 3973 manibus
816 3915 976 3972 teneretur
997 3914 1029 3971 et
1050 3926 1122 3971 cnm
1143 3907 1290 3970 consules
1311 3905 1543 3989 provinciarum
1564 3903 1711 3987 pactione

452 4264 475 4313 4.
490 4260 621 4326 maulaio
636 4261 656 4313 P
674 4286 701 4297 —
720 4260 881 4325 ammador
897 4262 960 4311 PG:
986 4264 1033 4311 crat
1048 4260 1199 4323 ceramum
1215 4261 1235 4310 L
1252 4260 1280 4311 et
1296 4258 1357 4310 edd.
1374 4258 1456 4317 vett.;
1475 4257 1661 4323 συίονοψαοθ
1681 4284 1708 4293 -

385 4338 572 4402 reperiebantur
587 4332 646 4389 l>¹G
662 4362 691 4372 -
715 4336 740 4386 3.
757 4348 807 4385 νοω
821 4340 878 4385 eret
893 4337 955 4386 PG:
977 4341 1034 4386 aas
1049 4347 1103 4387 cm.
1121 4335 1169 4386 do
1187 4360 1214 4371 -
1237 4346 1380 4385 canorem.
1398 4332 1428 4384 Ρι
1447 4358 1474 4368 -
1500 4335 1525 4384 t.
1543 4346 1562 4383 o
1577 4344 1627 4383 serr.
1645 4334 1707 4382 PG:

386 4408 1131 4474 abaco.aO-6.coosctctusP¹-7.ioprobil’-
1156 4410 1297 4461 9.bcscG
1318 4437 1346 4445 -
1369 4409 1556 4473 aliquoodcl’:
1581 4408 1711 4469 Quanto

386 4488 445 4539 60.
464 4487 502 4539 Cl.
520 4500 547 4551 p.
566 4486 669 4547 Quinct.
687 4486 702 4550 ἓ
719 4486 760 4538 43.
780 4482 844 4537 Phil.
863 4485 909 4545 lll,
928 4484 943 4548 5
962 4486 972 4533 4
994 4486 1022 4535 et
1037 4482 1071 4535 de
1090 4484 1185 4534 eadem
1201 4497 1232 4534 re
1248 4496 1288 4535 or.
1307 4483 1341 4533 de
1359 4482 1440 4534 domo
1455 4496 1505 4534 sua
1521 4482 1537 4546 5
1553 4484 1595 4533 43.
1613 4483 1639 4531 in
1656 4480 1708 4533 Pis.

386 4562 459 4625 8²⁷·
480 4588 507 4599 -
526 4563 566 4612 40.
584 4561 749 4613 recessere
765 4561 786 4611 G
805 4586 832 4596 -
856 4560 949 4622 optioni
966 4560 986 4609 l>
1004 4584 1032 4595 -
1055 4553 1096 4608 tl.
1114 4558 1140 4620 a]
1158 4571 1189 4609 cc
1205 4560 1226 4609 G
1245 4586 1272 4595 -
1292 4559 1332 4610 44.
1349 4558 1456 4621 sopitum
1471 4559 1489 4608 S
1506 4560 1534 4609 et
1549 4556 1707 4609 Lambinus:

385 4636 483 4687 solum
499 4634 541 4697 1²¹3
558 4636 684 4687 tmolitum
699 4638 720 4685 G
737 4636 764 4685 st
780 4637 799 4686 Ρ
817 4646 886 4686 corr.
906 4646 942 4684 m.
955 4633 980 4684 4.
1000 4657 1028 4669 -
1046 4633 1180 4695 acreum
1195 4636 1215 4684 P
1229 4659 1256 4669 -
1276 4633 1316 4684 43.
1334 4634 1397 4683 utute
1412 4635 1461 4684 PG
1479 4659 1506 4669 -
1526 4632 1566 4684 44.
1583 4634 1661 4684 boues
1676 4633 1707 4682 S:

384 4710 448 4760 ciuis
463 4712 512 4761 PG
523 4736 551 4746 -
563 4710 643 4775 pestis
652 4711 720 4775 [uus
730 4711 762 4771 P;
781 4714 864 4774 psum
880 4710 923 4772 qui
937 4708 1035 4772 fucati
1045 4732 1073 4743 -
1087 4708 1127 4758 48.
1139 4707 1253 4758 mon
1264 4706 1319 4771 (litt.
1331 4722 1358 4759 m
1369 4708 1508 4773 expuncta)
1521 4709 1540 4758 P
1552 4732 1581 4746 -
1594 4708 1710 4759 conober

385 4786 415 4837 P¹
433 4811 460 4821 -
479 4787 594 4837 retl’-
615 4786 654 4837 49.
672 4784 829 4837 cactuitel’
849 4811 876 4821 -
894 4785 936 4836 40.
954 4784 1247 4847 ᾳαωιωωάορνωι.
1265 4786 1329 4835 PG:
1351 4785 1477 4847 demat.
1495 4785 1708 4847 quataroetw

387 4888 414 4899 ·-
434 4863 475 4913 44.
492 4863 571 4912 obest
586 4860 614 4912 1³¹
633 4886 661 4898 -
685 4859 834 4915 dur-edito
850 4856 888 4919 1³¹,
905 4870 959 4909 mec
976 4860 1115 4922 estsuper
1131 4869 1265 4920 rasuram,
1283 4871 1321 4909 m.
1340 4860 1365 4921 4,
1381 4860 1412 4909 ut
1427 4858 1541 4909 adeum.
1561 4886 1589 4897 -
1606 4859 1648 4910 44
1668 4860 1708 4910 ,3.

385 4936 715 4989 iectudusesctcrrtel’-
743 4932 784 4985 44.
802 4934 879 4984 cutio
900 4934 1025 4996 qotr-
1049 4933 1291 4995 tuquoeurqreo
1314 4959 1341 4968 -
1363 4933 1708 4999 laubacumque,

386 5012 513 5064 sedeam
530 5012 610 5076 signis
627 5008 836 5074 transpositionis
854 5008 1005 5072 (reuerso)
1024 5034 1052 5044 -
1070 5007 1112 5058 43.
1130 5008 1288 5070 οοπμονοων
1304 5007 1338 5056 G:
1356 5013 1496 5058 coruram
1512 5011 1555 5067 Ρη
1574 5022 1711 5071 conquus-

385 5093 457 5139 retur
473 5087 541 5139 1²²-
561 5086 883 5148 tuumne-maerore
898 5082 1056 5133 babeta-
1073 5080 1324 5133 tdlccmbP—
1339 5081 1569 5134 altomeris·
1589 5083 1712 5134 arm

387 5176 441 5215 om.
455 5164 474 5213 1.
486 5188 513 5199 -·
532 5174 610 5224 mque
625 5173 644 5210 o
659 5172 699 5210 ore
714 5159 734 5208 L
751 5159 838 5223 (nemu
854 5171 887 5209 ec
902 5171 941 5208 ose
956 5171 1035 5221 oeque
1049 5171 1082 5213 ec
1093 5170 1123 5225 p.
1135 5159 1164 5209 a.
1176 5156 1269 5209 bamb.
1282 5158 1308 5208 in
1320 5170 1403 5222 marg.
1416 5157 1460 5209 ed.
1474 5156 1559 5220 4434.)
1573 5184 1600 5194 -
1619 5156 1659 5208 34.
1672 5172 1712 5210 ro·
1734 5220 1737 5226 1

387 5236 534 5293 autumo
553 5264 580 5279 ·-
599 5235 640 5292 34.
660 5235 951 5290 tecua—ercan.
970 5234 1000 5289 G.
