<?xml version="1.0" encoding="UTF-8"?>
<!DOCTYPE html PUBLIC "-//W3C//DTD XHTML 1.0 Transitional//EN"
    "http://www.w3.org/TR/xhtml1/DTD/xhtml1-transitional.dtd">
<html xmlns="http://www.w3.org/1999/xhtml" xml:lang="en" lang="en">
 <head>
  <title>
</title>
<meta http-equiv="Content-Type" content="text/html;charset=utf-8" />
  <meta name='ocr-system' content='tesseract 3.04.00' />
  <meta name='ocr-capabilities' content='ocr_page ocr_carea ocr_par ocr_line ocrx_word'/>
</head>
<body>
  <div class='ocr_page' id='page_1' title='image "./mtulliiciceroni01baitgoog_0217.png"; bbox 0 0 4009 6159; ppageno 0'>
   <div class='ocr_carea' id='block_1_1' title="bbox 419 537 1319 613">
    <p class='ocr_par' dir='ltr' id='par_1_1' title="bbox 419 537 1319 613">
     <span class='ocr_line' id='line_1_1' title="bbox 419 537 1319 613; baseline 0.002 -8"><span class='ocrx_word' id='word_1_1' title='bbox 419 537 483 605; x_wconf 77' lang='lat' dir='ltr'><strong>titio</strong></span> <span class='ocrx_word' id='word_1_2' title='bbox 843 539 995 613; x_wconf 80' lang='lat' dir='ltr'>ORATIO</span> <span class='ocrx_word' id='word_1_3' title='bbox 1018 539 1098 605; x_wconf 83' lang='lat' dir='ltr'><strong>Pllt)</strong></span> <span class='ocrx_word' id='word_1_4' title='bbox 1118 541 1154 606; x_wconf 85' lang='lat' dir='ltr'><strong>P.</strong></span> <span class='ocrx_word' id='word_1_5' title='bbox 1175 540 1319 607; x_wconf 82' lang='lat' dir='ltr'>SESTIO</span> 
     </span>
    </p>
   </div>
   <div class='ocr_carea' id='block_1_2' title="bbox 394 695 1745 1172">
    <p class='ocr_par' dir='ltr' id='par_1_2' title="bbox 394 695 1745 1172">
     <span class='ocr_line' id='line_1_2' title="bbox 418 695 1745 795; baseline 0.002 -18"><span class='ocrx_word' id='word_1_6' title='bbox 418 695 553 777; x_wconf 78' lang='lat' dir='ltr'><strong>sissimr&#39;s</strong></span> <span class='ocrx_word' id='word_1_7' title='bbox 574 707 695 775; x_wconf 88' lang='lat' dir='ltr'><strong>sicariis</strong></span> <span class='ocrx_word' id='word_1_8' title='bbox 718 716 750 774; x_wconf 91' lang='lat' dir='ltr'><strong>et</strong></span> <span class='ocrx_word' id='word_1_9' title='bbox 770 728 790 773; x_wconf 91' lang='lat' dir='ltr'><strong>a</strong></span> <span class='ocrx_word' id='word_1_10' title='bbox 811 710 911 775; x_wconf 83' lang='lat' dir='ltr'><strong>servis</strong></span> <span class='ocrx_word' id='word_1_11' title='bbox 933 730 1003 775; x_wconf 89' lang='lat' dir='ltr'><strong>esse</strong></span> <span class='ocrx_word' id='word_1_12' title='bbox 1025 731 1209 795; x_wconf 88' lang='lat' dir='ltr'><strong>oppressam</strong></span> <span class='ocrx_word' id='word_1_13' title='bbox 1235 719 1330 795; x_wconf 86' lang='lat' dir='ltr'><strong>etque</strong></span> <span class='ocrx_word' id='word_1_14' title='bbox 1346 711 1561 780; x_wconf 67' lang='lat' dir='ltr'><strong>conculcatam</strong></span> <span class='ocrx_word' id='word_1_15' title='bbox 1575 713 1745 779; x_wconf 72' lang='lat' dir='ltr'><strong>videretis?</strong></span> 
     </span>
     <span class='ocr_line' id='line_1_3' title="bbox 421 803 1745 889; baseline 0.002 -18"><span class='ocrx_word' id='word_1_16' title='bbox 421 806 516 872; x_wconf 79' lang='lat' dir='ltr'><strong>Citius</strong></span> <span class='ocrx_word' id='word_1_17' title='bbox 537 805 633 887; x_wconf 86' lang='lat' dir='ltr'><strong>igitur</strong></span> <span class='ocrx_word' id='word_1_18' title='bbox 654 811 787 869; x_wconf 90' lang='lat' dir='ltr'><strong>mortem</strong></span> <span class='ocrx_word' id='word_1_19' title='bbox 807 804 1059 881; x_wconf 87' lang='lat' dir='ltr'><strong>ulcisceremini,</strong></span> <span class='ocrx_word' id='word_1_20' title='bbox 1082 806 1110 870; x_wconf 92' lang='lat' dir='ltr'><strong>si</strong></span> <span class='ocrx_word' id='word_1_21' title='bbox 1132 806 1261 889; x_wconf 87' lang='lat' dir='ltr'><strong>quidem</strong></span> <span class='ocrx_word' id='word_1_22' title='bbox 1283 806 1374 869; x_wconf 88' lang='lat' dir='ltr'><strong>liberi</strong></span> <span class='ocrx_word' id='word_1_23' title='bbox 1396 826 1466 871; x_wconf 92' lang='lat' dir='ltr'><strong>esse</strong></span> <span class='ocrx_word' id='word_1_24' title='bbox 1486 815 1518 871; x_wconf 91' lang='lat' dir='ltr'><strong>et</strong></span> <span class='ocrx_word' id='word_1_25' title='bbox 1538 803 1656 873; x_wconf 86' lang='lat' dir='ltr'><strong>babere</strong></span> <span class='ocrx_word' id='word_1_26' title='bbox 1677 829 1745 873; x_wconf 90' lang='lat' dir='ltr'><strong>rem</strong></span> 
     </span>
     <span class='ocr_line' id='line_1_4' title="bbox 419 898 1744 984; baseline 0.003 -21"><span class='ocrx_word' id='word_1_27' title='bbox 419 899 577 983; x_wconf 87' lang='lat' dir='ltr'><strong>publicam</strong></span> <span class='ocrx_word' id='word_1_28' title='bbox 605 898 802 982; x_wconf 77' lang='lat' dir='ltr'><strong>cogitaretis,</strong></span> <span class='ocrx_word' id='word_1_29' title='bbox 828 899 869 962; x_wconf 93' lang='lat' dir='ltr'><strong>de</strong></span> <span class='ocrx_word' id='word_1_30' title='bbox 891 899 960 963; x_wconf 90' lang='lat' dir='ltr'><strong>eius</strong></span> <span class='ocrx_word' id='word_1_31' title='bbox 981 899 1097 964; x_wconf 80' lang='lat' dir='ltr'><strong>virtute</strong></span> <span class='ocrx_word' id='word_1_32' title='bbox 1118 901 1182 965; x_wconf 81' lang='lat' dir='ltr'><strong>vivi</strong></span> <span class='ocrx_word' id='word_1_33' title='bbox 1204 899 1279 983; x_wconf 93' lang='lat' dir='ltr'><strong>quid</strong></span> <span class='ocrx_word' id='word_1_34' title='bbox 1302 919 1359 963; x_wconf 81' lang='lat' dir='ltr'><strong>vos</strong></span> <span class='ocrx_word' id='word_1_35' title='bbox 1381 900 1489 984; x_wconf 92' lang='lat' dir='ltr'><strong>loqui,</strong></span> <span class='ocrx_word' id='word_1_36' title='bbox 1518 902 1593 984; x_wconf 92' lang='lat' dir='ltr'><strong>quid</strong></span> <span class='ocrx_word' id='word_1_37' title='bbox 1615 905 1744 979; x_wconf 86' lang='lat' dir='ltr'><strong>sentire,</strong></span> 
     </span>
     <span class='ocr_line' id='line_1_5' title="bbox 419 992 1743 1078; baseline 0.003 -21"><span class='ocrx_word' id='word_1_38' title='bbox 419 993 498 1077; x_wconf 88' lang='lat' dir='ltr'><strong>quid</strong></span> <span class='ocrx_word' id='word_1_39' title='bbox 519 994 674 1076; x_wconf 90' lang='lat' dir='ltr'><strong>cogitare,</strong></span> <span class='ocrx_word' id='word_1_40' title='bbox 697 994 774 1077; x_wconf 94' lang='lat' dir='ltr'><strong>quid</strong></span> <span class='ocrx_word' id='word_1_41' title='bbox 795 992 936 1057; x_wconf 89' lang='lat' dir='ltr'><strong>iudicare</strong></span> <span class='ocrx_word' id='word_1_42' title='bbox 959 1000 1121 1078; x_wconf 86' lang='lat' dir='ltr'><strong>oporteat,</strong></span> <span class='ocrx_word' id='word_1_43' title='bbox 1144 994 1352 1057; x_wconf 89' lang='lat' dir='ltr'><strong>dubitandum</strong></span> <span class='ocrx_word' id='word_1_44' title='bbox 1373 996 1512 1077; x_wconf 76' lang='lat' dir='ltr'><strong>putatis?</strong></span> <span class='ocrx_word' id='word_1_45' title='bbox 1547 993 1600 1059; x_wconf 69' lang='grc'><strong>83.</strong></span> <span class='ocrx_word' id='word_1_46' title='bbox 1613 999 1654 1060; x_wconf 77' lang='lat' dir='ltr'><strong>tt</strong></span> <span class='ocrx_word' id='word_1_47' title='bbox 1668 1018 1743 1062; x_wconf 88' lang='lat' dir='ltr'><strong>vero</strong></span> 
     </span>
     <span class='ocr_line' id='line_1_6' title="bbox 394 1086 1743 1172; baseline 0.004 -23"><span class='ocrx_word' id='word_1_48' title='bbox 394 1089 480 1172; x_wconf 83' lang='lat' dir='ltr'><strong>sipsi</strong></span> <span class='ocrx_word' id='word_1_49' title='bbox 500 1087 547 1152; x_wconf 94' lang='lat' dir='ltr'><strong>illi</strong></span> <span class='ocrx_word' id='word_1_50' title='bbox 568 1086 760 1171; x_wconf 87' lang='lat' dir='ltr'><strong>parricidae,</strong></span> <span class='ocrx_word' id='word_1_51' title='bbox 792 1107 928 1169; x_wconf 89' lang='lat' dir='ltr'><strong>qnorum</strong></span> <span class='ocrx_word' id='word_1_52' title='bbox 958 1087 1130 1151; x_wconf 79' lang='lat' dir='ltr'><strong>effrenatus</strong></span> <span class='ocrx_word' id='word_1_53' title='bbox 1150 1087 1239 1151; x_wconf 83' lang='lat' dir='ltr'><strong>furor</strong></span> <span class='ocrx_word' id='word_1_54' title='bbox 1260 1087 1354 1151; x_wconf 89' lang='lat' dir='ltr'><strong>alitur</strong></span> <span class='ocrx_word' id='word_1_55' title='bbox 1374 1088 1562 1171; x_wconf 69' lang='lat' dir='ltr'><strong>impunitate</strong></span> <span class='ocrx_word' id='word_1_56' title='bbox 1585 1090 1743 1165; x_wconf 86' lang='lat' dir='ltr'><strong>diuturna,</strong></span> 
     </span>
    </p>
   </div>
   <div class='ocr_carea' id='block_1_3' title="bbox 419 1180 1780 1267">
    <p class='ocr_par' dir='ltr' id='par_1_3' title="bbox 419 1180 1780 1267">
     <span class='ocr_line' id='line_1_7' title="bbox 419 1180 1780 1267; baseline -0.001 -21"><span class='ocrx_word' id='word_1_57' title='bbox 419 1183 499 1247; x_wconf 90' lang='lat' dir='ltr'><strong>adeo</strong></span> <span class='ocrx_word' id='word_1_58' title='bbox 514 1184 584 1247; x_wconf 49' lang='lat' dir='ltr'><strong>vim*</strong></span> <span class='ocrx_word' id='word_1_59' title='bbox 598 1180 747 1245; x_wconf 84' lang='lat' dir='ltr'><strong>facinoris</strong></span> <span class='ocrx_word' id='word_1_60' title='bbox 770 1182 819 1244; x_wconf 89' lang='lat' dir='ltr'><strong>sui</strong></span> <span class='ocrx_word' id='word_1_61' title='bbox 841 1180 1101 1266; x_wconf 81' lang='lat' dir='ltr'><strong>perhorruerant,</strong></span> <span class='ocrx_word' id='word_1_62' title='bbox 1122 1189 1174 1257; x_wconf 92' lang='lat' dir='ltr'><strong>ut,</strong></span> <span class='ocrx_word' id='word_1_63' title='bbox 1196 1182 1223 1245; x_wconf 92' lang='lat' dir='ltr'><strong>si</strong></span> <span class='ocrx_word' id='word_1_64' title='bbox 1246 1181 1342 1264; x_wconf 87' lang='lat' dir='ltr'><strong>paulo</strong></span> <span class='ocrx_word' id='word_1_65' title='bbox 1364 1181 1489 1265; x_wconf 88' lang='lat' dir='ltr'><strong>longior</strong></span> <span class='ocrx_word' id='word_1_66' title='bbox 1503 1184 1614 1267; x_wconf 89' lang='lat' dir='ltr'><strong>opinio</strong></span> <span class='ocrx_word' id='word_1_67' title='bbox 1635 1186 1745 1249; x_wconf 89' lang='lat' dir='ltr'><strong>mortis</strong></span> <span class='ocrx_word' id='word_1_68' title='bbox 1774 1235 1780 1245; x_wconf 89' lang='lat'><em>.</em></span> 
     </span>
    </p>
   </div>
   <div class='ocr_carea' id='block_1_4' title="bbox 381 1273 1745 1643">
    <p class='ocr_par' dir='ltr' id='par_1_4' title="bbox 381 1273 1745 1643">
     <span class='ocr_line' id='line_1_8' title="bbox 419 1273 1745 1350; baseline 0.002 -11"><span class='ocrx_word' id='word_1_69' title='bbox 419 1276 513 1339; x_wconf 88' lang='lat' dir='ltr'><strong>Sestii</strong></span> <span class='ocrx_word' id='word_1_70' title='bbox 533 1275 662 1350; x_wconf 86' lang='lat' dir='ltr'><strong>luisset,</strong></span> <span class='ocrx_word' id='word_1_71' title='bbox 691 1274 863 1338; x_wconf 84' lang='lat' dir='ltr'><strong>Gracchum</strong></span> <span class='ocrx_word' id='word_1_72' title='bbox 891 1273 980 1337; x_wconf 91' lang='lat' dir='ltr'><strong>illum</strong></span> <span class='ocrx_word' id='word_1_73' title='bbox 1008 1294 1100 1338; x_wconf 90' lang='lat' dir='ltr'><strong>suum</strong></span> <span class='ocrx_word' id='word_1_74' title='bbox 1120 1274 1331 1350; x_wconf 79' lang='lat' dir='ltr'><strong>transferendi</strong></span> <span class='ocrx_word' id='word_1_75' title='bbox 1352 1276 1386 1339; x_wconf 94' lang='lat' dir='ltr'><strong>in</strong></span> <span class='ocrx_word' id='word_1_76' title='bbox 1408 1296 1465 1340; x_wconf 92' lang='lat' dir='ltr'><strong>nos</strong></span> <span class='ocrx_word' id='word_1_77' title='bbox 1487 1278 1627 1342; x_wconf 90' lang='lat' dir='ltr'><strong>criminis</strong></span> <span class='ocrx_word' id='word_1_78' title='bbox 1648 1299 1745 1343; x_wconf 87' lang='lat' dir='ltr'><strong>causa</strong></span> 
     </span>
     <span class='ocr_line' id='line_1_9' title="bbox 419 1366 1744 1453; baseline 0.001 -19"><span class='ocrx_word' id='word_1_79' title='bbox 419 1370 564 1435; x_wconf 87' lang='lat' dir='ltr'><strong>occidere</strong></span> <span class='ocrx_word' id='word_1_80' title='bbox 585 1368 763 1452; x_wconf 85' lang='lat' dir='ltr'><strong>cogitarint.</strong></span> <span class='ocrx_word' id='word_1_81' title='bbox 796 1368 901 1432; x_wconf 81' lang='lat' dir='ltr'><strong>Sensit</strong></span> <span class='ocrx_word' id='word_1_82' title='bbox 921 1366 1093 1431; x_wconf 88' lang='lat' dir='ltr'><strong>rusticulus</strong></span> <span class='ocrx_word' id='word_1_83' title='bbox 1114 1388 1181 1433; x_wconf 92' lang='lat' dir='ltr'><strong>non</strong></span> <span class='ocrx_word' id='word_1_84' title='bbox 1200 1368 1344 1433; x_wconf 89' lang='lat' dir='ltr'><strong>incautus</strong></span> <span class='ocrx_word' id='word_1_85' title='bbox 1367 1366 1582 1453; x_wconf 87' lang='lat' dir='ltr'><strong>(nequeenim</strong></span> <span class='ocrx_word' id='word_1_86' title='bbox 1599 1372 1744 1437; x_wconf 90' lang='lat' dir='ltr'><strong>bomines</strong></span> 
     </span>
     <span class='ocr_line' id='line_1_10' title="bbox 418 1458 1744 1549; baseline 0.002 -22"><span class='ocrx_word' id='word_1_87' title='bbox 418 1484 556 1549; x_wconf 90' lang='lat' dir='ltr'><strong>nequam</strong></span> <span class='ocrx_word' id='word_1_88' title='bbox 582 1473 687 1531; x_wconf 89' lang='lat' dir='ltr'><strong>tacere</strong></span> <span class='ocrx_word' id='word_1_89' title='bbox 715 1458 912 1545; x_wconf 82' lang='lat' dir='ltr'><strong>potuerunt),</strong></span> <span class='ocrx_word' id='word_1_90' title='bbox 946 1481 1037 1525; x_wconf 90' lang='lat' dir='ltr'><strong>suum</strong></span> <span class='ocrx_word' id='word_1_91' title='bbox 1066 1463 1252 1544; x_wconf 88' lang='lat' dir='ltr'><strong>sanguinem</strong></span> <span class='ocrx_word' id='word_1_92' title='bbox 1281 1463 1390 1545; x_wconf 90' lang='lat' dir='ltr'><strong>quaeri</strong></span> <span class='ocrx_word' id='word_1_93' title='bbox 1418 1464 1458 1527; x_wconf 88' lang='lat' dir='ltr'><strong>ad</strong></span> <span class='ocrx_word' id='word_1_94' title='bbox 1488 1466 1744 1549; x_wconf 89' lang='lat' dir='ltr'><strong>restinguendam</strong></span> 
     </span>
     <span class='ocr_line' id='line_1_11' title="bbox 381 1554 1745 1643; baseline 0.004 -25"><span class='ocrx_word' id='word_1_95' title='bbox 381 1572 408 1619; x_wconf 89' lang='grc'><strong>46</strong></span> <span class='ocrx_word' id='word_1_96' title='bbox 418 1559 570 1623; x_wconf 85' lang='lat' dir='ltr'><strong>invidiam</strong></span> <span class='ocrx_word' id='word_1_97' title='bbox 590 1557 741 1621; x_wconf 80' lang='lat' dir='ltr'><strong>facinoris</strong></span> <span class='ocrx_word' id='word_1_98' title='bbox 764 1555 927 1619; x_wconf 85' lang='lat' dir='ltr'><strong>Clodiani:</strong></span> <span class='ocrx_word' id='word_1_99' title='bbox 950 1554 1136 1620; x_wconf 89' lang='lat' dir='ltr'><strong>mulioniam</strong></span> <span class='ocrx_word' id='word_1_100' title='bbox 1157 1555 1325 1639; x_wconf 88' lang='lat' dir='ltr'><strong>paenulam</strong></span> <span class='ocrx_word' id='word_1_101' title='bbox 1344 1559 1493 1641; x_wconf 89' lang='lat' dir='ltr'><strong>arripuit,</strong></span> <span class='ocrx_word' id='word_1_102' title='bbox 1515 1580 1586 1623; x_wconf 90' lang='lat' dir='ltr'><strong>cum</strong></span> <span class='ocrx_word' id='word_1_103' title='bbox 1602 1580 1666 1643; x_wconf 87' lang='lat' dir='ltr'><strong>qua</strong></span> <span class='ocrx_word' id='word_1_104' title='bbox 1679 1561 1745 1643; x_wconf 88' lang='lat' dir='ltr'><strong>pri-</strong></span> 
     </span>
    </p>
   </div>
   <div class='ocr_carea' id='block_1_5' title="bbox 418 1650 1789 1738">
    <p class='ocr_par' dir='ltr' id='par_1_5' title="bbox 418 1650 1789 1738">
     <span class='ocr_line' id='line_1_12' title="bbox 418 1650 1789 1738; baseline 0 -21"><span class='ocrx_word' id='word_1_105' title='bbox 418 1673 504 1717; x_wconf 91' lang='lat' dir='ltr'><strong>mum</strong></span> <span class='ocrx_word' id='word_1_106' title='bbox 525 1654 657 1717; x_wconf 82' lang='lat' dir='ltr'><strong>Romam</strong></span> <span class='ocrx_word' id='word_1_107' title='bbox 678 1650 718 1713; x_wconf 92' lang='lat' dir='ltr'><strong>ad</strong></span> <span class='ocrx_word' id='word_1_108' title='bbox 741 1650 868 1713; x_wconf 90' lang='lat' dir='ltr'><strong>comitia</strong></span> <span class='ocrx_word' id='word_1_109' title='bbox 881 1656 1029 1712; x_wconf 87' lang='lat' dir='ltr'><strong>venerat:</strong></span> <span class='ocrx_word' id='word_1_110' title='bbox 1052 1650 1204 1714; x_wconf 87' lang='lat' dir='ltr'><strong>messoria</strong></span> <span class='ocrx_word' id='word_1_111' title='bbox 1218 1670 1253 1713; x_wconf 91' lang='lat' dir='ltr'><strong>se</strong></span> <span class='ocrx_word' id='word_1_112' title='bbox 1269 1650 1364 1713; x_wconf 90' lang='lat' dir='ltr'><strong>corbe</strong></span> <span class='ocrx_word' id='word_1_113' title='bbox 1379 1654 1528 1717; x_wconf 84' lang='lat' dir='ltr'><strong>contexit</strong></span> <span class='ocrx_word' id='word_1_114' title='bbox 1555 1654 1632 1717; x_wconf 90' lang='lat' dir='ltr'><strong>Cum</strong></span> <span class='ocrx_word' id='word_1_115' title='bbox 1648 1674 1744 1738; x_wconf 88' lang='lat' dir='ltr'><strong>quae-</strong></span> <span class='ocrx_word' id='word_1_116' title='bbox 1784 1668 1789 1690; x_wconf 91' lang='lat'><em>·</em></span> 
     </span>
    </p>
   </div>
   <div class='ocr_carea' id='block_1_6' title="bbox 380 1742 1744 3988">
    <p class='ocr_par' dir='ltr' id='par_1_6' title="bbox 380 1742 1744 3517">
     <span class='ocr_line' id='line_1_13' title="bbox 418 1742 1744 1826; baseline 0.002 -17"><span class='ocrx_word' id='word_1_117' title='bbox 418 1752 527 1810; x_wconf 90' lang='lat' dir='ltr'><strong>rerent</strong></span> <span class='ocrx_word' id='word_1_118' title='bbox 551 1746 607 1810; x_wconf 92' lang='lat' dir='ltr'><strong>alii</strong></span> <span class='ocrx_word' id='word_1_119' title='bbox 635 1744 838 1819; x_wconf 88' lang='lat' dir='ltr'><strong>Numerium,</strong></span> <span class='ocrx_word' id='word_1_120' title='bbox 867 1742 920 1807; x_wconf 93' lang='lat' dir='ltr'><strong>alii</strong></span> <span class='ocrx_word' id='word_1_121' title='bbox 949 1742 1132 1819; x_wconf 86' lang='lat' dir='ltr'><strong>Quintium,</strong></span> <span class='ocrx_word' id='word_1_122' title='bbox 1165 1744 1283 1826; x_wconf 90' lang='lat' dir='ltr'><strong>gemini</strong></span> <span class='ocrx_word' id='word_1_123' title='bbox 1312 1746 1450 1810; x_wconf 91' lang='lat' dir='ltr'><strong>nominis</strong></span> <span class='ocrx_word' id='word_1_124' title='bbox 1473 1767 1580 1811; x_wconf 90' lang='lat' dir='ltr'><strong>errore</strong></span> <span class='ocrx_word' id='word_1_125' title='bbox 1601 1756 1744 1813; x_wconf 77' lang='lat' dir='ltr'><strong>servatus</strong></span> 
     </span>
     <span class='ocr_line' id='line_1_14' title="bbox 418 1837 1744 1925; baseline -0.001 -21"><span class='ocrx_word' id='word_1_126' title='bbox 418 1849 476 1906; x_wconf 88' lang='lat' dir='ltr'><strong>est.</strong></span> <span class='ocrx_word' id='word_1_127' title='bbox 515 1843 619 1924; x_wconf 81' lang='lat' dir='ltr'><strong>Atque</strong></span> <span class='ocrx_word' id='word_1_128' title='bbox 646 1838 709 1903; x_wconf 90' lang='lat' dir='ltr'><strong>boo</strong></span> <span class='ocrx_word' id='word_1_129' title='bbox 737 1837 823 1901; x_wconf 88' lang='lat' dir='ltr'><strong>scitis</strong></span> <span class='ocrx_word' id='word_1_130' title='bbox 852 1856 978 1913; x_wconf 90' lang='lat' dir='ltr'><strong>omnes,</strong></span> <span class='ocrx_word' id='word_1_131' title='bbox 1008 1856 1112 1921; x_wconf 87' lang='lat' dir='ltr'><strong>usque</strong></span> <span class='ocrx_word' id='word_1_132' title='bbox 1134 1838 1214 1901; x_wconf 90' lang='lat' dir='ltr'><strong>adeo</strong></span> <span class='ocrx_word' id='word_1_133' title='bbox 1236 1837 1396 1903; x_wconf 88' lang='lat' dir='ltr'><strong>bominem</strong></span> <span class='ocrx_word' id='word_1_134' title='bbox 1418 1839 1453 1903; x_wconf 91' lang='lat' dir='ltr'><strong>in</strong></span> <span class='ocrx_word' id='word_1_135' title='bbox 1472 1841 1614 1925; x_wconf 88' lang='lat' dir='ltr'><strong>periculo</strong></span> <span class='ocrx_word' id='word_1_136' title='bbox 1634 1842 1744 1918; x_wconf 86' lang='lat' dir='ltr'><strong>tuisse,</strong></span> 
     </span>
     <span class='ocr_line' id='line_1_15' title="bbox 420 1930 1744 2019; baseline 0.002 -22"><span class='ocrx_word' id='word_1_137' title='bbox 420 1932 525 2019; x_wconf 88' lang='lat' dir='ltr'><strong>quoad</strong></span> <span class='ocrx_word' id='word_1_138' title='bbox 548 1936 661 1999; x_wconf 90' lang='lat' dir='ltr'><strong>scitum</strong></span> <span class='ocrx_word' id='word_1_139' title='bbox 683 1939 732 1997; x_wconf 89' lang='lat' dir='ltr'><strong>est</strong></span> <span class='ocrx_word' id='word_1_140' title='bbox 754 1931 889 1995; x_wconf 90' lang='lat' dir='ltr'><strong>Sestium</strong></span> <span class='ocrx_word' id='word_1_141' title='bbox 910 1930 1027 1993; x_wconf 86' lang='lat' dir='ltr'><strong>vivere.</strong></span> <span class='ocrx_word' id='word_1_142' title='bbox 1062 1930 1156 2006; x_wconf 89' lang='lat' dir='ltr'><strong>Quod</strong></span> <span class='ocrx_word' id='word_1_143' title='bbox 1177 1931 1211 1993; x_wconf 89' lang='lat' dir='ltr'><strong>ni</strong></span> <span class='ocrx_word' id='word_1_144' title='bbox 1233 1940 1319 1995; x_wconf 89' lang='lat' dir='ltr'><strong>esset</strong></span> <span class='ocrx_word' id='word_1_145' title='bbox 1339 1932 1528 2017; x_wconf 82' lang='lat' dir='ltr'><strong>patefactum</strong></span> <span class='ocrx_word' id='word_1_146' title='bbox 1541 1936 1637 2017; x_wconf 91' lang='lat' dir='ltr'><strong>paulo</strong></span> <span class='ocrx_word' id='word_1_147' title='bbox 1651 1937 1744 2000; x_wconf 83' lang='lat' dir='ltr'><strong>citios</strong></span> 
     </span>
     <span class='ocr_line' id='line_1_16' title="bbox 381 2025 1744 2114; baseline 0.003 -25"><span class='ocrx_word' id='word_1_148' title='bbox 381 2040 514 2111; x_wconf 84' lang='lat' dir='ltr'><strong>tequam</strong></span> <span class='ocrx_word' id='word_1_149' title='bbox 537 2026 668 2103; x_wconf 87' lang='lat' dir='ltr'><strong>vellem,</strong></span> <span class='ocrx_word' id='word_1_150' title='bbox 695 2046 761 2089; x_wconf 93' lang='lat' dir='ltr'><strong>non</strong></span> <span class='ocrx_word' id='word_1_151' title='bbox 790 2026 836 2089; x_wconf 90' lang='lat' dir='ltr'><strong>illi</strong></span> <span class='ocrx_word' id='word_1_152' title='bbox 859 2025 987 2109; x_wconf 91' lang='lat' dir='ltr'><strong>quidem</strong></span> <span class='ocrx_word' id='word_1_153' title='bbox 1010 2032 1111 2089; x_wconf 90' lang='lat' dir='ltr'><strong>morte</strong></span> <span class='ocrx_word' id='word_1_154' title='bbox 1132 2026 1338 2089; x_wconf 86' lang='lat' dir='ltr'><strong>mercennarii</strong></span> <span class='ocrx_word' id='word_1_155' title='bbox 1361 2028 1410 2090; x_wconf 91' lang='lat' dir='ltr'><strong>sui</strong></span> <span class='ocrx_word' id='word_1_156' title='bbox 1433 2027 1601 2092; x_wconf 81' lang='lat' dir='ltr'><strong>transferre</strong></span> <span class='ocrx_word' id='word_1_157' title='bbox 1623 2030 1744 2114; x_wconf 90' lang='lat' dir='ltr'><strong>potuis·</strong></span> 
     </span>
     <span class='ocr_line' id='line_1_17' title="bbox 418 2117 1743 2206; baseline 0.002 -21"><span class='ocrx_word' id='word_1_158' title='bbox 418 2130 489 2186; x_wconf 90' lang='lat' dir='ltr'><strong>sent</strong></span> <span class='ocrx_word' id='word_1_159' title='bbox 510 2122 660 2186; x_wconf 84' lang='lat' dir='ltr'><strong>invidiam</strong></span> <span class='ocrx_word' id='word_1_160' title='bbox 682 2122 715 2185; x_wconf 92' lang='lat' dir='ltr'><strong>in</strong></span> <span class='ocrx_word' id='word_1_161' title='bbox 736 2139 818 2203; x_wconf 88' lang='lat' dir='ltr'><strong>quos</strong></span> <span class='ocrx_word' id='word_1_162' title='bbox 839 2118 1007 2202; x_wconf 86' lang='lat' dir='ltr'><strong>putabant,</strong></span> <span class='ocrx_word' id='word_1_163' title='bbox 1030 2117 1087 2183; x_wconf 87' lang='lat' dir='ltr'><strong>sed</strong></span> <span class='ocrx_word' id='word_1_164' title='bbox 1109 2119 1303 2183; x_wconf 82' lang='lat' dir='ltr'><strong>acerbissimi</strong></span> <span class='ocrx_word' id='word_1_165' title='bbox 1325 2120 1452 2184; x_wconf 90' lang='lat' dir='ltr'><strong>sceleris</strong></span> <span class='ocrx_word' id='word_1_166' title='bbox 1473 2120 1635 2187; x_wconf 78' lang='lat' dir='ltr'><strong>infamiam</strong></span> <span class='ocrx_word' id='word_1_167' title='bbox 1655 2131 1743 2206; x_wconf 89' lang='lat' dir='ltr'><strong>grato</strong></span> 
     </span>
     <span class='ocr_line' id='line_1_18' title="bbox 418 2210 1743 2301; baseline 0.001 -21"><span class='ocrx_word' id='word_1_168' title='bbox 418 2215 557 2299; x_wconf 90' lang='lat' dir='ltr'><strong>quodam</strong></span> <span class='ocrx_word' id='word_1_169' title='bbox 572 2214 692 2279; x_wconf 89' lang='lat' dir='ltr'><strong>scelere</strong></span> <span class='ocrx_word' id='word_1_170' title='bbox 707 2212 904 2277; x_wconf 83' lang='lat' dir='ltr'><strong>minuissent</strong></span> <span class='ocrx_word' id='word_1_171' title='bbox 940 2210 991 2275; x_wconf 91' lang='grc'><strong>83.</strong></span> <span class='ocrx_word' id='word_1_172' title='bbox 1014 2215 1060 2277; x_wconf 80' lang='lat' dir='ltr'><strong>Ac</strong></span> <span class='ocrx_word' id='word_1_173' title='bbox 1083 2214 1110 2277; x_wconf 93' lang='lat' dir='ltr'><strong>si</strong></span> <span class='ocrx_word' id='word_1_174' title='bbox 1126 2222 1192 2277; x_wconf 93' lang='lat' dir='ltr'><strong>tum</strong></span> <span class='ocrx_word' id='word_1_175' title='bbox 1206 2214 1241 2277; x_wconf 86' lang='lat' dir='ltr'><strong>P.</strong></span> <span class='ocrx_word' id='word_1_176' title='bbox 1257 2215 1396 2289; x_wconf 87' lang='lat' dir='ltr'><strong>Sestius,</strong></span> <span class='ocrx_word' id='word_1_177' title='bbox 1418 2214 1556 2291; x_wconf 89' lang='lat' dir='ltr'><strong>iudices,</strong></span> <span class='ocrx_word' id='word_1_178' title='bbox 1578 2216 1612 2279; x_wconf 91' lang='lat' dir='ltr'><strong>in</strong></span> <span class='ocrx_word' id='word_1_179' title='bbox 1626 2216 1743 2301; x_wconf 89' lang='lat' dir='ltr'><strong>templo</strong></span> 
     </span>
     <span class='ocr_line' id='line_1_19' title="bbox 420 2305 1743 2393; baseline -0.001 -20"><span class='ocrx_word' id='word_1_180' title='bbox 420 2306 558 2374; x_wconf 87' lang='lat' dir='ltr'><strong>Castoris</strong></span> <span class='ocrx_word' id='word_1_181' title='bbox 579 2308 733 2383; x_wconf 86' lang='lat' dir='ltr'><strong>animam,</strong></span> <span class='ocrx_word' id='word_1_182' title='bbox 756 2326 852 2390; x_wconf 88' lang='lat' dir='ltr'><strong>quam</strong></span> <span class='ocrx_word' id='word_1_183' title='bbox 866 2306 921 2370; x_wconf 84' lang='lat' dir='ltr'><strong>six</strong></span> <span class='ocrx_word' id='word_1_184' title='bbox 935 2306 1084 2381; x_wconf 87' lang='lat' dir='ltr'><strong>retinuit,</strong></span> <span class='ocrx_word' id='word_1_185' title='bbox 1105 2305 1273 2382; x_wconf 87' lang='lat' dir='ltr'><strong>edidisset,</strong></span> <span class='ocrx_word' id='word_1_186' title='bbox 1295 2327 1360 2373; x_wconf 88' lang='lat' dir='ltr'><strong>non</strong></span> <span class='ocrx_word' id='word_1_187' title='bbox 1375 2308 1487 2373; x_wconf 89' lang='lat' dir='ltr'><strong>dubito</strong></span> <span class='ocrx_word' id='word_1_188' title='bbox 1501 2310 1591 2393; x_wconf 88' lang='lat' dir='ltr'><strong>quin,</strong></span> <span class='ocrx_word' id='word_1_189' title='bbox 1606 2309 1743 2374; x_wconf 91' lang='lat' dir='ltr'><strong>simodo</strong></span> 
     </span>
     <span class='ocr_line' id='line_1_20' title="bbox 418 2400 1744 2487; baseline -0.002 -20"><span class='ocrx_word' id='word_1_190' title='bbox 418 2410 503 2469; x_wconf 89' lang='lat' dir='ltr'><strong>esset</strong></span> <span class='ocrx_word' id='word_1_191' title='bbox 524 2405 557 2468; x_wconf 92' lang='lat' dir='ltr'><strong>in</strong></span> <span class='ocrx_word' id='word_1_192' title='bbox 579 2424 613 2467; x_wconf 87' lang='lat' dir='ltr'><strong>re</strong></span> <span class='ocrx_word' id='word_1_193' title='bbox 634 2402 761 2487; x_wconf 88' lang='lat' dir='ltr'><strong>publica</strong></span> <span class='ocrx_word' id='word_1_194' title='bbox 783 2407 928 2476; x_wconf 87' lang='lat' dir='ltr'><strong>senatus,</strong></span> <span class='ocrx_word' id='word_1_195' title='bbox 958 2400 986 2464; x_wconf 88' lang='lat' dir='ltr'><strong>si</strong></span> <span class='ocrx_word' id='word_1_196' title='bbox 1008 2401 1156 2465; x_wconf 88' lang='lat' dir='ltr'><strong>maiestas</strong></span> <span class='ocrx_word' id='word_1_197' title='bbox 1185 2401 1297 2483; x_wconf 92' lang='lat' dir='ltr'><strong>populi</strong></span> <span class='ocrx_word' id='word_1_198' title='bbox 1319 2402 1453 2466; x_wconf 86' lang='lat' dir='ltr'><strong>Romani</strong></span> <span class='ocrx_word' id='word_1_199' title='bbox 1472 2404 1658 2479; x_wconf 81' lang='lat' dir='ltr'><strong>revixisset,</strong></span> <span class='ocrx_word' id='word_1_200' title='bbox 1686 2402 1744 2466; x_wconf 91' lang='lat' dir='ltr'><strong>ali-</strong></span> 
     </span>
     <span class='ocr_line' id='line_1_21' title="bbox 381 2494 1743 2581; baseline -0.002 -19"><span class='ocrx_word' id='word_1_201' title='bbox 381 2497 548 2581; x_wconf 76' lang='lat' dir='ltr'><strong>atquando</strong></span> <span class='ocrx_word' id='word_1_202' title='bbox 571 2504 674 2563; x_wconf 87' lang='lat' dir='ltr'><strong>statua</strong></span> <span class='ocrx_word' id='word_1_203' title='bbox 694 2496 768 2560; x_wconf 89' lang='lat' dir='ltr'><strong>huic</strong></span> <span class='ocrx_word' id='word_1_204' title='bbox 791 2494 832 2557; x_wconf 94' lang='lat' dir='ltr'><strong>ob</strong></span> <span class='ocrx_word' id='word_1_205' title='bbox 853 2513 920 2557; x_wconf 91' lang='lat' dir='ltr'><strong>rem</strong></span> <span class='ocrx_word' id='word_1_206' title='bbox 941 2494 1101 2577; x_wconf 83' lang='lat' dir='ltr'><strong>publicam</strong></span> <span class='ocrx_word' id='word_1_207' title='bbox 1124 2494 1289 2559; x_wconf 81' lang='lat' dir='ltr'><strong>interiecto</strong></span> <span class='ocrx_word' id='word_1_208' title='bbox 1310 2496 1345 2559; x_wconf 94' lang='lat' dir='ltr'><strong>in</strong></span> <span class='ocrx_word' id='word_1_209' title='bbox 1366 2496 1435 2560; x_wconf 83' lang='lat' dir='ltr'><strong>loro</strong></span> <span class='ocrx_word' id='word_1_210' title='bbox 1451 2505 1650 2561; x_wconf 87' lang='lat' dir='ltr'><strong>statueretur.</strong></span> <span class='ocrx_word' id='word_1_211' title='bbox 1677 2500 1743 2560; x_wconf 87' lang='lat' dir='ltr'><strong>Nec</strong></span> 
     </span>
     <span class='ocr_line' id='line_1_22' title="bbox 418 2588 1743 2674; baseline -0.002 -18"><span class='ocrx_word' id='word_1_212' title='bbox 418 2611 494 2656; x_wconf 82' lang='lat' dir='ltr'><strong>vero</strong></span> <span class='ocrx_word' id='word_1_213' title='bbox 515 2591 642 2655; x_wconf 91' lang='lat' dir='ltr'><strong>illorum</strong></span> <span class='ocrx_word' id='word_1_214' title='bbox 664 2591 848 2673; x_wconf 90' lang='lat' dir='ltr'><strong>quisquam,</strong></span> <span class='ocrx_word' id='word_1_215' title='bbox 872 2608 951 2671; x_wconf 90' lang='lat' dir='ltr'><strong>quos</strong></span> <span class='ocrx_word' id='word_1_216' title='bbox 974 2608 992 2651; x_wconf 90' lang='lat' dir='ltr'><strong>a</strong></span> <span class='ocrx_word' id='word_1_217' title='bbox 1013 2588 1186 2653; x_wconf 88' lang='lat' dir='ltr'><strong>maioribus</strong></span> <span class='ocrx_word' id='word_1_218' title='bbox 1207 2589 1325 2653; x_wconf 89' lang='lat' dir='ltr'><strong>nostris</strong></span> <span class='ocrx_word' id='word_1_219' title='bbox 1346 2598 1445 2655; x_wconf 90' lang='lat' dir='ltr'><strong>morte</strong></span> <span class='ocrx_word' id='word_1_220' title='bbox 1467 2591 1554 2655; x_wconf 89' lang='lat' dir='ltr'><strong>obita</strong></span> <span class='ocrx_word' id='word_1_221' title='bbox 1574 2592 1696 2674; x_wconf 91' lang='lat' dir='ltr'><strong>positos</strong></span> <span class='ocrx_word' id='word_1_222' title='bbox 1709 2591 1743 2653; x_wconf 91' lang='lat' dir='ltr'><strong>in</strong></span> 
     </span>
     <span class='ocr_line' id='line_1_23' title="bbox 418 2682 1742 2768; baseline -0.002 -19"><span class='ocrx_word' id='word_1_223' title='bbox 418 2686 474 2750; x_wconf 94' lang='lat' dir='ltr'><strong>illo</strong></span> <span class='ocrx_word' id='word_1_224' title='bbox 496 2686 567 2749; x_wconf 91' lang='lat' dir='ltr'><strong>loco</strong></span> <span class='ocrx_word' id='word_1_225' title='bbox 589 2692 684 2768; x_wconf 92' lang='lat' dir='ltr'><strong>atque</strong></span> <span class='ocrx_word' id='word_1_226' title='bbox 707 2685 741 2748; x_wconf 92' lang='lat' dir='ltr'><strong>in</strong></span> <span class='ocrx_word' id='word_1_227' title='bbox 761 2682 871 2747; x_wconf 89' lang='lat' dir='ltr'><strong>rostris</strong></span> <span class='ocrx_word' id='word_1_228' title='bbox 894 2682 1063 2747; x_wconf 88' lang='lat' dir='ltr'><strong>collocatos</strong></span> <span class='ocrx_word' id='word_1_229' title='bbox 1085 2682 1210 2758; x_wconf 88' lang='lat' dir='ltr'><strong>videtis,</strong></span> <span class='ocrx_word' id='word_1_230' title='bbox 1234 2689 1319 2747; x_wconf 88' lang='lat' dir='ltr'><strong>esset</strong></span> <span class='ocrx_word' id='word_1_231' title='bbox 1335 2685 1369 2746; x_wconf 88' lang='lat' dir='ltr'><strong>P.</strong></span> <span class='ocrx_word' id='word_1_232' title='bbox 1384 2684 1489 2747; x_wconf 90' lang='lat' dir='ltr'><strong>Sestio</strong></span> <span class='ocrx_word' id='word_1_233' title='bbox 1505 2684 1742 2749; x_wconf 85' lang='lat' dir='ltr'><strong>autacerbitate</strong></span> 
     </span>
     <span class='ocr_line' id='line_1_24' title="bbox 418 2775 1743 2861; baseline -0.002 -18"><span class='ocrx_word' id='word_1_234' title='bbox 418 2780 529 2844; x_wconf 90' lang='lat' dir='ltr'><strong>mortis</strong></span> <span class='ocrx_word' id='word_1_235' title='bbox 551 2786 605 2843; x_wconf 89' lang='lat' dir='ltr'><strong>aut</strong></span> <span class='ocrx_word' id='word_1_236' title='bbox 625 2780 730 2843; x_wconf 87' lang='lat' dir='ltr'><strong>animo</strong></span> <span class='ocrx_word' id='word_1_237' title='bbox 753 2778 785 2840; x_wconf 92' lang='lat' dir='ltr'><strong>in</strong></span> <span class='ocrx_word' id='word_1_238' title='bbox 808 2796 874 2839; x_wconf 91' lang='lat' dir='ltr'><strong>rem</strong></span> <span class='ocrx_word' id='word_1_239' title='bbox 895 2775 1054 2859; x_wconf 87' lang='lat' dir='ltr'><strong>publicam</strong></span> <span class='ocrx_word' id='word_1_240' title='bbox 1075 2777 1337 2859; x_wconf 85' lang='lat' dir='ltr'><strong>praeponendus:</strong></span> <span class='ocrx_word' id='word_1_241' title='bbox 1360 2778 1507 2861; x_wconf 88' lang='lat' dir='ltr'><strong>quicum</strong></span> <span class='ocrx_word' id='word_1_242' title='bbox 1526 2798 1652 2842; x_wconf 87' lang='lat' dir='ltr'><strong>causam</strong></span> <span class='ocrx_word' id='word_1_243' title='bbox 1666 2777 1743 2841; x_wconf 84' lang='lat' dir='ltr'><strong>civis</strong></span> 
     </span>
     <span class='ocr_line' id='line_1_25' title="bbox 420 2868 1742 2953; baseline -0.002 -16"><span class='ocrx_word' id='word_1_244' title='bbox 420 2872 608 2948; x_wconf 86' lang='lat' dir='ltr'><strong>calamitosi,</strong></span> <span class='ocrx_word' id='word_1_245' title='bbox 638 2890 766 2935; x_wconf 90' lang='lat' dir='ltr'><strong>causam</strong></span> <span class='ocrx_word' id='word_1_246' title='bbox 797 2868 906 2944; x_wconf 90' lang='lat' dir='ltr'><strong>amici,</strong></span> <span class='ocrx_word' id='word_1_247' title='bbox 935 2889 1062 2933; x_wconf 88' lang='lat' dir='ltr'><strong>causam</strong></span> <span class='ocrx_word' id='word_1_248' title='bbox 1090 2871 1172 2934; x_wconf 93' lang='lat' dir='ltr'><strong>bene</strong></span> <span class='ocrx_word' id='word_1_249' title='bbox 1194 2871 1233 2933; x_wconf 91' lang='lat' dir='ltr'><strong>de</strong></span> <span class='ocrx_word' id='word_1_250' title='bbox 1261 2870 1444 2953; x_wconf 88' lang='lat' dir='ltr'><strong>republica</strong></span> <span class='ocrx_word' id='word_1_251' title='bbox 1465 2872 1584 2947; x_wconf 89' lang='lat' dir='ltr'><strong>meriti,</strong></span> <span class='ocrx_word' id='word_1_252' title='bbox 1615 2891 1742 2935; x_wconf 87' lang='lat' dir='ltr'><strong>causam</strong></span> 
     </span>
     <span class='ocr_line' id='line_1_26' title="bbox 380 2965 1743 3050; baseline -0.003 -17"><span class='ocrx_word' id='word_1_253' title='bbox 380 2973 562 3040; x_wconf 80' lang='lat' dir='ltr'><strong>ttsenatus,</strong></span> <span class='ocrx_word' id='word_1_254' title='bbox 584 2985 712 3032; x_wconf 88' lang='lat' dir='ltr'><strong>causam</strong></span> <span class='ocrx_word' id='word_1_255' title='bbox 735 2965 861 3039; x_wconf 89' lang='lat' dir='ltr'><strong>Italiae,</strong></span> <span class='ocrx_word' id='word_1_256' title='bbox 884 2984 1012 3028; x_wconf 87' lang='lat' dir='ltr'><strong>causam</strong></span> <span class='ocrx_word' id='word_1_257' title='bbox 1034 2966 1079 3027; x_wconf 89' lang='lat' dir='ltr'><strong>rei</strong></span> <span class='ocrx_word' id='word_1_258' title='bbox 1100 2965 1247 3048; x_wconf 87' lang='lat' dir='ltr'><strong>publicae</strong></span> <span class='ocrx_word' id='word_1_259' title='bbox 1261 2966 1468 3049; x_wconf 88' lang='lat' dir='ltr'><strong>suscepisset,</strong></span> <span class='ocrx_word' id='word_1_260' title='bbox 1490 2987 1623 3050; x_wconf 91' lang='lat' dir='ltr'><strong>cumque</strong></span> <span class='ocrx_word' id='word_1_261' title='bbox 1637 2968 1743 3049; x_wconf 87' lang='lat' dir='ltr'><strong>auspi·</strong></span> 
     </span>
     <span class='ocr_line' id='line_1_27' title="bbox 419 3059 1741 3144; baseline -0.001 -20"><span class='ocrx_word' id='word_1_262' title='bbox 419 3061 476 3125; x_wconf 89' lang='lat' dir='ltr'><strong>ciis</strong></span> <span class='ocrx_word' id='word_1_263' title='bbox 498 3059 709 3143; x_wconf 73' lang='lat' dir='ltr'><strong>religionique</strong></span> <span class='ocrx_word' id='word_1_264' title='bbox 731 3078 846 3142; x_wconf 88' lang='lat' dir='ltr'><strong>parens</strong></span> <span class='ocrx_word' id='word_1_265' title='bbox 869 3059 1085 3133; x_wconf 89' lang='lat' dir='ltr'><strong>obnuntiaret,</strong></span> <span class='ocrx_word' id='word_1_266' title='bbox 1107 3059 1194 3143; x_wconf 91' lang='lat' dir='ltr'><strong>qnod</strong></span> <span class='ocrx_word' id='word_1_267' title='bbox 1215 3068 1376 3134; x_wconf 88' lang='lat' dir='ltr'><strong>senserat,</strong></span> <span class='ocrx_word' id='word_1_268' title='bbox 1398 3059 1468 3123; x_wconf 91' lang='lat' dir='ltr'><strong>luce</strong></span> <span class='ocrx_word' id='word_1_269' title='bbox 1489 3060 1592 3144; x_wconf 88' lang='lat' dir='ltr'><strong>palam</strong></span> <span class='ocrx_word' id='word_1_270' title='bbox 1614 3082 1633 3125; x_wconf 92' lang='lat' dir='ltr'><strong>a</strong></span> <span class='ocrx_word' id='word_1_271' title='bbox 1655 3060 1741 3125; x_wconf 87' lang='lat' dir='ltr'><strong>neta·</strong></span> 
     </span>
     <span class='ocr_line' id='line_1_28' title="bbox 418 3153 1741 3238; baseline 0 -21"><span class='ocrx_word' id='word_1_272' title='bbox 418 3154 473 3219; x_wconf 87' lang='lat' dir='ltr'><strong>n&#39;is</strong></span> <span class='ocrx_word' id='word_1_273' title='bbox 494 3154 638 3238; x_wconf 89' lang='lat' dir='ltr'><strong>pestibus</strong></span> <span class='ocrx_word' id='word_1_274' title='bbox 658 3154 692 3218; x_wconf 93' lang='lat' dir='ltr'><strong>in</strong></span> <span class='ocrx_word' id='word_1_275' title='bbox 714 3153 847 3217; x_wconf 90' lang='lat' dir='ltr'><strong>deorum</strong></span> <span class='ocrx_word' id='word_1_276' title='bbox 860 3153 1091 3235; x_wconf 88' lang='lat' dir='ltr'><strong>hominumque</strong></span> <span class='ocrx_word' id='word_1_277' title='bbox 1106 3162 1279 3238; x_wconf 86' lang='lat' dir='ltr'><strong>conspectu</strong></span> <span class='ocrx_word' id='word_1_278' title='bbox 1293 3161 1378 3219; x_wconf 90' lang='lat' dir='ltr'><strong>esset</strong></span> <span class='ocrx_word' id='word_1_279' title='bbox 1394 3154 1528 3229; x_wconf 87' lang='lat' dir='ltr'><strong>occisus,</strong></span> <span class='ocrx_word' id='word_1_280' title='bbox 1543 3156 1741 3219; x_wconf 86' lang='lat' dir='ltr'><strong>sanctissimo</strong></span> 
     </span>
     <span class='ocr_line' id='line_1_29' title="bbox 418 3246 1743 3330; baseline -0.003 -17"><span class='ocrx_word' id='word_1_281' title='bbox 418 3248 452 3313; x_wconf 84' lang='lat' dir='ltr'><strong>in</strong></span> <span class='ocrx_word' id='word_1_282' title='bbox 473 3248 608 3330; x_wconf 89' lang='lat' dir='ltr'><strong>templo,</strong></span> <span class='ocrx_word' id='word_1_283' title='bbox 630 3246 827 3311; x_wconf 87' lang='lat' dir='ltr'><strong>sanctissima</strong></span> <span class='ocrx_word' id='word_1_284' title='bbox 848 3248 882 3310; x_wconf 90' lang='lat' dir='ltr'><strong>in</strong></span> <span class='ocrx_word' id='word_1_285' title='bbox 904 3266 1015 3322; x_wconf 91' lang='lat' dir='ltr'><strong>eausa,</strong></span> <span class='ocrx_word' id='word_1_286' title='bbox 1038 3248 1236 3312; x_wconf 91' lang='lat' dir='ltr'><strong>sanctissimo</strong></span> <span class='ocrx_word' id='word_1_287' title='bbox 1258 3247 1292 3309; x_wconf 95' lang='lat' dir='ltr'><strong>in</strong></span> <span class='ocrx_word' id='word_1_288' title='bbox 1314 3248 1505 3330; x_wconf 85' lang='lat' dir='ltr'><strong>magistratu.</strong></span> <span class='ocrx_word' id='word_1_289' title='bbox 1548 3248 1626 3311; x_wconf 87' lang='lat' dir='ltr'><strong>Eius</strong></span> <span class='ocrx_word' id='word_1_290' title='bbox 1647 3247 1743 3330; x_wconf 89' lang='lat' dir='ltr'><strong>igitur</strong></span> 
     </span>
     <span class='ocr_line' id='line_1_30' title="bbox 418 3339 1742 3426; baseline -0.002 -19"><span class='ocrx_word' id='word_1_291' title='bbox 418 3343 514 3407; x_wconf 79' lang='lat' dir='ltr'><strong>sitam</strong></span> <span class='ocrx_word' id='word_1_292' title='bbox 536 3342 704 3425; x_wconf 86' lang='lat' dir='ltr'><strong>quisquam</strong></span> <span class='ocrx_word' id='word_1_293' title='bbox 726 3340 923 3426; x_wconf 84' lang='lat' dir='ltr'><strong>spoliandam</strong></span> <span class='ocrx_word' id='word_1_294' title='bbox 945 3341 1139 3405; x_wconf 87' lang='lat' dir='ltr'><strong>ornamentis</strong></span> <span class='ocrx_word' id='word_1_295' title='bbox 1161 3360 1231 3405; x_wconf 88' lang='lat' dir='ltr'><strong>esse</strong></span> <span class='ocrx_word' id='word_1_296' title='bbox 1252 3339 1353 3417; x_wconf 84' lang='lat' dir='ltr'><strong>dicet,</strong></span> <span class='ocrx_word' id='word_1_297' title='bbox 1374 3340 1465 3405; x_wconf 91' lang='lat' dir='ltr'><strong>cuius</strong></span> <span class='ocrx_word' id='word_1_298' title='bbox 1482 3348 1614 3406; x_wconf 87' lang='lat' dir='ltr'><strong>mortem</strong></span> <span class='ocrx_word' id='word_1_299' title='bbox 1628 3360 1742 3406; x_wconf 85' lang='lat' dir='ltr'><strong>ornan·</strong></span> 
     </span>
     <span class='ocr_line' id='line_1_31' title="bbox 380 3434 1130 3517; baseline -0.008 -15"><span class='ocrx_word' id='word_1_300' title='bbox 380 3434 491 3503; x_wconf 79' lang='lat' dir='ltr'><strong>sedam</strong></span> <span class='ocrx_word' id='word_1_301' title='bbox 513 3442 718 3499; x_wconf 90' lang='lat' dir='ltr'><strong>monumento</strong></span> <span class='ocrx_word' id='word_1_302' title='bbox 740 3434 931 3517; x_wconf 87' lang='lat' dir='ltr'><strong>sempiterno</strong></span> <span class='ocrx_word' id='word_1_303' title='bbox 953 3434 1130 3517; x_wconf 76' lang='lat' dir='ltr'><strong>putaretis?</strong></span> 
     </span>
    </p>

    <p class='ocr_par' dir='ltr' id='par_1_7' title="bbox 417 3524 1742 3896">
     <span class='ocr_line' id='line_1_32' title="bbox 502 3524 1741 3614; baseline -0.003 -20"><span class='ocrx_word' id='word_1_304' title='bbox 502 3529 650 3593; x_wconf 83' lang='lat' dir='ltr'>XXXIX.</span> <span class='ocrx_word' id='word_1_305' title='bbox 673 3524 724 3591; x_wconf 84' lang='grc'><strong>84.</strong></span> <span class='ocrx_word' id='word_1_306' title='bbox 749 3528 936 3591; x_wconf 70' lang='lat' dir='ltr'><strong>«Homines»</strong></span> <span class='ocrx_word' id='word_1_307' title='bbox 961 3528 1082 3611; x_wconf 87' lang='lat' dir='ltr'><strong>inquit,</strong></span> <span class='ocrx_word' id='word_1_308' title='bbox 1107 3528 1240 3603; x_wconf 79' lang='lat' dir='ltr'><strong>«emisti,</strong></span> <span class='ocrx_word' id='word_1_309' title='bbox 1262 3529 1402 3613; x_wconf 76' lang='lat' dir='ltr'><strong>coegisti,</strong></span> <span class='ocrx_word' id='word_1_310' title='bbox 1424 3530 1569 3614; x_wconf 82' lang='lat' dir='ltr'><strong>parastis</strong></span> <span class='ocrx_word' id='word_1_311' title='bbox 1594 3529 1680 3605; x_wconf 84' lang='lat' dir='ltr'><strong>Quid</strong></span> <span class='ocrx_word' id='word_1_312' title='bbox 1693 3528 1741 3592; x_wconf 89' lang='lat' dir='ltr'><strong>uti</strong></span> 
     </span>
     <span class='ocr_line' id='line_1_33' title="bbox 417 3621 1741 3706; baseline -0.004 -18"><span class='ocrx_word' id='word_1_313' title='bbox 417 3622 558 3689; x_wconf 70' lang='lat' dir='ltr'><strong>iaceret?</strong></span> <span class='ocrx_word' id='word_1_314' title='bbox 581 3629 724 3687; x_wconf 86' lang='lat' dir='ltr'><strong>senatum</strong></span> <span class='ocrx_word' id='word_1_315' title='bbox 738 3622 919 3685; x_wconf 71' lang='lat' dir='ltr'><strong>obsideret?</strong></span> <span class='ocrx_word' id='word_1_316' title='bbox 941 3622 1027 3685; x_wconf 84' lang='lat' dir='ltr'><strong>cives</strong></span> <span class='ocrx_word' id='word_1_317' title='bbox 1040 3621 1241 3687; x_wconf 89' lang='lat' dir='ltr'><strong>indemnatos</strong></span> <span class='ocrx_word' id='word_1_318' title='bbox 1256 3622 1451 3705; x_wconf 73' lang='lat' dir='ltr'><strong>expellenti</strong></span> <span class='ocrx_word' id='word_1_319' title='bbox 1471 3623 1556 3687; x_wconf 91' lang='lat' dir='ltr'><strong>bona</strong></span> <span class='ocrx_word' id='word_1_320' title='bbox 1570 3623 1741 3706; x_wconf 74' lang='lat' dir='ltr'><strong>diriperet?</strong></span> 
     </span>
     <span class='ocr_line' id='line_1_34' title="bbox 419 3714 1742 3799; baseline -0.003 -16"><span class='ocrx_word' id='word_1_321' title='bbox 419 3718 515 3783; x_wconf 88' lang='lat' dir='ltr'><strong>aedes</strong></span> <span class='ocrx_word' id='word_1_322' title='bbox 536 3718 743 3783; x_wconf 71' lang='lat' dir='ltr'><strong>incenderet?</strong></span> <span class='ocrx_word' id='word_1_323' title='bbox 764 3724 847 3781; x_wconf 90' lang='lat' dir='ltr'><strong>tecta</strong></span> <span class='ocrx_word' id='word_1_324' title='bbox 868 3714 1081 3779; x_wconf 74' lang='lat' dir='ltr'><strong>disturbaret?</strong></span> <span class='ocrx_word' id='word_1_325' title='bbox 1102 3716 1220 3799; x_wconf 90' lang='lat' dir='ltr'><strong>templa</strong></span> <span class='ocrx_word' id='word_1_326' title='bbox 1234 3716 1366 3781; x_wconf 89' lang='lat' dir='ltr'><strong>deorum</strong></span> <span class='ocrx_word' id='word_1_327' title='bbox 1382 3716 1604 3793; x_wconf 86' lang='lat' dir='ltr'><strong>immortalium</strong></span> <span class='ocrx_word' id='word_1_328' title='bbox 1618 3715 1742 3779; x_wconf 86' lang='lat' dir='ltr'><strong>indam·</strong></span> 
     </span>
     <span class='ocr_line' id='line_1_35' title="bbox 418 3808 1742 3896; baseline -0.007 -18"><span class='ocrx_word' id='word_1_329' title='bbox 418 3814 539 3877; x_wconf 72' lang='lat' dir='ltr'><strong>maret?</strong></span> <span class='ocrx_word' id='word_1_330' title='bbox 560 3811 703 3876; x_wconf 88' lang='lat' dir='ltr'><strong>tribunos</strong></span> <span class='ocrx_word' id='word_1_331' title='bbox 725 3811 768 3896; x_wconf 91' lang='lat' dir='ltr'><strong>pl.</strong></span> <span class='ocrx_word' id='word_1_332' title='bbox 790 3810 874 3875; x_wconf 81' lang='lat' dir='ltr'><strong>terro</strong></span> <span class='ocrx_word' id='word_1_333' title='bbox 895 3812 1039 3874; x_wconf 90' lang='lat' dir='ltr'><strong>erostris</strong></span> <span class='ocrx_word' id='word_1_334' title='bbox 1054 3810 1251 3894; x_wconf 73' lang='lat' dir='ltr'><strong>expelleret?</strong></span> <span class='ocrx_word' id='word_1_335' title='bbox 1272 3810 1451 3894; x_wconf 81' lang='lat' dir='ltr'><strong>provincias</strong></span> <span class='ocrx_word' id='word_1_336' title='bbox 1467 3829 1547 3894; x_wconf 91' lang='lat' dir='ltr'><strong>quas</strong></span> <span class='ocrx_word' id='word_1_337' title='bbox 1562 3809 1658 3873; x_wconf 83' lang='lat' dir='ltr'><strong>vellet</strong></span> <span class='ocrx_word' id='word_1_338' title='bbox 1670 3808 1742 3892; x_wconf 91' lang='lat' dir='ltr'><strong>qui·</strong></span> 
     </span>
    </p>

    <p class='ocr_par' dir='ltr' id='par_1_8' title="bbox 381 3903 1740 3988">
     <span class='ocr_line' id='line_1_36' title="bbox 381 3903 1740 3988; baseline -0.004 -17"><span class='ocrx_word' id='word_1_339' title='bbox 381 3907 477 3971; x_wconf 81' lang='lat' dir='ltr'><strong>asbus</strong></span> <span class='ocrx_word' id='word_1_340' title='bbox 499 3906 595 3972; x_wconf 84' lang='lat' dir='ltr'><strong>vellet</strong></span> <span class='ocrx_word' id='word_1_341' title='bbox 614 3904 788 3969; x_wconf 73' lang='lat' dir='ltr'><strong>venderet?</strong></span> <span class='ocrx_word' id='word_1_342' title='bbox 809 3922 900 3987; x_wconf 87' lang='lat' dir='ltr'><strong>reges</strong></span> <span class='ocrx_word' id='word_1_343' title='bbox 921 3903 1117 3987; x_wconf 75' lang='lat' dir='ltr'><strong>appellaret?</strong></span> <span class='ocrx_word' id='word_1_344' title='bbox 1140 3923 1244 3967; x_wconf 88' lang='lat' dir='ltr'><strong>rernm</strong></span> <span class='ocrx_word' id='word_1_345' title='bbox 1266 3904 1447 3988; x_wconf 87' lang='lat' dir='ltr'><strong>capitalium</strong></span> <span class='ocrx_word' id='word_1_346' title='bbox 1467 3905 1692 3969; x_wconf 85' lang='lat' dir='ltr'><strong>condemnatos</strong></span> <span class='ocrx_word' id='word_1_347' title='bbox 1707 3904 1740 3966; x_wconf 93' lang='lat' dir='ltr'><strong>in</strong></span> 
     </span>
    </p>
   </div>
   <div class='ocr_carea' id='block_1_7' title="bbox 323 4106 1742 5225">
    <p class='ocr_par' dir='ltr' id='par_1_9' title="bbox 323 4106 1742 5225">
     <span class='ocr_line' id='line_1_37' title="bbox 483 4106 1741 4172; baseline -0.003 -11"><span class='ocrx_word' id='word_1_348' title='bbox 483 4112 508 4161; x_wconf 92' lang='grc'><strong>4.</strong></span> <span class='ocrx_word' id='word_1_349' title='bbox 525 4110 623 4161; x_wconf 77' lang='grc'><strong>44464444</strong></span> <span class='ocrx_word' id='word_1_350' title='bbox 638 4123 693 4163; x_wconf 90' lang='lat' dir='ltr'><strong>om.</strong></span> <span class='ocrx_word' id='word_1_351' title='bbox 707 4112 728 4161; x_wconf 86' lang='lat' dir='ltr'>G</span> <span class='ocrx_word' id='word_1_352' title='bbox 742 4136 769 4145; x_wconf 93' lang='lat'><em>-</em></span> <span class='ocrx_word' id='word_1_353' title='bbox 787 4108 958 4160; x_wconf 74' lang='lat' dir='ltr'><strong>maculantem</strong></span> <span class='ocrx_word' id='word_1_354' title='bbox 973 4106 1139 4160; x_wconf 83' lang='lat' dir='ltr'><strong>Gulielmius:</strong></span> <span class='ocrx_word' id='word_1_355' title='bbox 1158 4108 1355 4169; x_wconf 62' lang='lat' dir='ltr'><strong>mammem</strong></span> <span class='ocrx_word' id='word_1_356' title='bbox 1373 4113 1522 4172; x_wconf 76' lang='grc'><strong>6646664646</strong></span> <span class='ocrx_word' id='word_1_357' title='bbox 1537 4107 1584 4161; x_wconf 82' lang='lat'><strong>80</strong></span> <span class='ocrx_word' id='word_1_358' title='bbox 1597 4134 1623 4144; x_wconf 95' lang='lat'>—</span> <span class='ocrx_word' id='word_1_359' title='bbox 1642 4107 1741 4158; x_wconf 80' lang='grc'><strong>446446</strong></span> 
     </span>
     <span class='ocr_line' id='line_1_38' title="bbox 418 4182 1741 4249; baseline -0.002 -13"><span class='ocrx_word' id='word_1_360' title='bbox 418 4184 449 4236; x_wconf 84' lang='lat' dir='ltr'><strong>S:</strong></span> <span class='ocrx_word' id='word_1_361' title='bbox 467 4186 505 4237; x_wconf 79' lang='grc'><strong>,444</strong></span> <span class='ocrx_word' id='word_1_362' title='bbox 520 4199 579 4237; x_wconf 86' lang='lat' dir='ltr'><strong>uere</strong></span> <span class='ocrx_word' id='word_1_363' title='bbox 595 4187 645 4237; x_wconf 85' lang='lat' dir='ltr'><strong>PG</strong></span> <span class='ocrx_word' id='word_1_364' title='bbox 664 4213 691 4223; x_wconf 93' lang='lat'>-</span> <span class='ocrx_word' id='word_1_365' title='bbox 710 4187 734 4236; x_wconf 85' lang='lat' dir='ltr'><strong>s.</strong></span> <span class='ocrx_word' id='word_1_366' title='bbox 752 4186 800 4249; x_wconf 78' lang='lat' dir='ltr'><strong>ipsi</strong></span> <span class='ocrx_word' id='word_1_367' title='bbox 815 4184 852 4235; x_wconf 85' lang='lat' dir='ltr'><strong>itti</strong></span> <span class='ocrx_word' id='word_1_368' title='bbox 868 4187 901 4236; x_wconf 89' lang='lat' dir='ltr'><strong>P:</strong></span> <span class='ocrx_word' id='word_1_369' title='bbox 920 4184 957 4235; x_wconf 89' lang='lat' dir='ltr'><strong>illi</strong></span> <span class='ocrx_word' id='word_1_370' title='bbox 972 4184 1021 4247; x_wconf 82' lang='lat' dir='ltr'><strong>ipsi</strong></span> <span class='ocrx_word' id='word_1_371' title='bbox 1037 4185 1101 4245; x_wconf 88' lang='grc'><strong>60;</strong></span> <span class='ocrx_word' id='word_1_372' title='bbox 1121 4184 1153 4235; x_wconf 86' lang='lat' dir='ltr'><strong>ei.</strong></span> <span class='ocrx_word' id='word_1_373' title='bbox 1172 4184 1258 4236; x_wconf 77' lang='lat' dir='ltr'><strong>Madv.</strong></span> <span class='ocrx_word' id='word_1_374' title='bbox 1277 4184 1311 4235; x_wconf 89' lang='lat' dir='ltr'><strong>ad</strong></span> <span class='ocrx_word' id='word_1_375' title='bbox 1325 4185 1374 4236; x_wconf 84' lang='lat' dir='ltr'><strong>Cic.</strong></span> <span class='ocrx_word' id='word_1_376' title='bbox 1387 4186 1417 4236; x_wconf 89' lang='lat' dir='ltr'><strong>de</strong></span> <span class='ocrx_word' id='word_1_377' title='bbox 1431 4184 1505 4235; x_wconf 77' lang='lat' dir='ltr'><strong>Fies.</strong></span> <span class='ocrx_word' id='word_1_378' title='bbox 1521 4196 1547 4248; x_wconf 87' lang='lat' dir='ltr'><strong>p.</strong></span> <span class='ocrx_word' id='word_1_379' title='bbox 1560 4182 1602 4234; x_wconf 82' lang='lat'><strong>26.</strong></span> <span class='ocrx_word' id='word_1_380' title='bbox 1616 4210 1644 4219; x_wconf 94' lang='lat'><em>-</em></span> <span class='ocrx_word' id='word_1_381' title='bbox 1661 4182 1741 4246; x_wconf 78' lang='lat' dir='ltr'><strong>ecfre-</strong></span> 
     </span>
     <span class='ocr_line' id='line_1_39' title="bbox 417 4258 1742 4325; baseline -0.004 -13"><span class='ocrx_word' id='word_1_382' title='bbox 417 4266 493 4312; x_wconf 80' lang='grc'><strong>66464</strong></span> <span class='ocrx_word' id='word_1_383' title='bbox 506 4261 580 4325; x_wconf 68' lang='lat' dir='ltr'><strong>(teor</strong></span> <span class='ocrx_word' id='word_1_384' title='bbox 596 4261 675 4325; x_wconf 78' lang='lat' dir='ltr'><strong>(soror</strong></span> <span class='ocrx_word' id='word_1_385' title='bbox 691 4262 727 4324; x_wconf 75' lang='lat' dir='ltr'><strong>P1)</strong></span> <span class='ocrx_word' id='word_1_386' title='bbox 745 4262 765 4311; x_wconf 87' lang='lat' dir='ltr'>P</span> <span class='ocrx_word' id='word_1_387' title='bbox 784 4287 812 4297; x_wconf 99' lang='lat'>-</span> <span class='ocrx_word' id='word_1_388' title='bbox 829 4260 968 4323; x_wconf 79' lang='lat' dir='ltr'><strong>inpunitate</strong></span> <span class='ocrx_word' id='word_1_389' title='bbox 984 4260 1032 4309; x_wconf 86' lang='lat' dir='ltr'><strong>PG</strong></span> <span class='ocrx_word' id='word_1_390' title='bbox 1049 4284 1083 4296; x_wconf 91' lang='lat'><em>-</em></span> <span class='ocrx_word' id='word_1_391' title='bbox 1098 4259 1123 4309; x_wconf 93' lang='grc'><strong>6.</strong></span> <span class='ocrx_word' id='word_1_392' title='bbox 1138 4260 1338 4323; x_wconf 73' lang='lat' dir='ltr'><strong>pertonuerant</strong></span> <span class='ocrx_word' id='word_1_393' title='bbox 1354 4262 1389 4311; x_wconf 82' lang='lat' dir='ltr'><strong>G:</strong></span> <span class='ocrx_word' id='word_1_394' title='bbox 1411 4260 1439 4310; x_wconf 91' lang='lat' dir='ltr'><strong>in</strong></span> <span class='ocrx_word' id='word_1_395' title='bbox 1455 4262 1474 4310; x_wconf 90' lang='lat' dir='ltr'>P</span> <span class='ocrx_word' id='word_1_396' title='bbox 1491 4258 1606 4311; x_wconf 92' lang='lat' dir='ltr'><strong>discerni</strong></span> <span class='ocrx_word' id='word_1_397' title='bbox 1622 4270 1675 4308; x_wconf 94' lang='lat' dir='ltr'><strong>non</strong></span> <span class='ocrx_word' id='word_1_398' title='bbox 1691 4270 1742 4321; x_wconf 89' lang='lat' dir='ltr'><strong>po-</strong></span> 
     </span>
     <span class='ocr_line' id='line_1_40' title="bbox 419 4332 1739 4401; baseline -0.003 -16"><span class='ocrx_word' id='word_1_399' title='bbox 419 4338 483 4397; x_wconf 89' lang='lat' dir='ltr'><strong>test,</strong></span> <span class='ocrx_word' id='word_1_400' title='bbox 508 4336 576 4387; x_wconf 88' lang='lat' dir='ltr'><strong>sitne</strong></span> <span class='ocrx_word' id='word_1_401' title='bbox 593 4335 793 4397; x_wconf 70' lang='lat' dir='ltr'><strong>peremerant</strong></span> <span class='ocrx_word' id='word_1_402' title='bbox 813 4347 847 4385; x_wconf 89' lang='lat' dir='ltr'><strong>an</strong></span> <span class='ocrx_word' id='word_1_403' title='bbox 867 4334 1077 4397; x_wconf 65' lang='lat' dir='ltr'><strong>perterruerunt,</strong></span> <span class='ocrx_word' id='word_1_404' title='bbox 1096 4334 1169 4399; x_wconf 88' lang='lat' dir='ltr'><strong>quod</strong></span> <span class='ocrx_word' id='word_1_405' title='bbox 1185 4335 1329 4399; x_wconf 72' lang='lat' dir='ltr'><strong>Madvigius</strong></span> <span class='ocrx_word' id='word_1_406' title='bbox 1345 4348 1372 4399; x_wconf 88' lang='lat' dir='ltr'><strong>p.</strong></span> <span class='ocrx_word' id='word_1_407' title='bbox 1389 4334 1438 4388; x_wconf 79' lang='lat' dir='ltr'><strong>trs</strong></span> <span class='ocrx_word' id='word_1_408' title='bbox 1455 4334 1585 4401; x_wconf 81' lang='lat' dir='ltr'><strong>praeteri,</strong></span> <span class='ocrx_word' id='word_1_409' title='bbox 1603 4332 1739 4397; x_wconf 83' lang='lat' dir='ltr'><strong>scriptum.</strong></span> 
     </span>
     <span class='ocr_line' id='line_1_41' title="bbox 421 4409 1742 4477; baseline -0.006 -14"><span class='ocrx_word' id='word_1_410' title='bbox 421 4436 448 4449; x_wconf 87' lang='lat'><strong>·-</strong></span> <span class='ocrx_word' id='word_1_411' title='bbox 466 4412 491 4463; x_wconf 91' lang='lat'><strong>8.</strong></span> <span class='ocrx_word' id='word_1_412' title='bbox 508 4424 629 4477; x_wconf 73' lang='grc'><strong>6466644444</strong></span> <span class='ocrx_word' id='word_1_413' title='bbox 645 4412 705 4462; x_wconf 85' lang='lat' dir='ltr'><strong>G-</strong></span> <span class='ocrx_word' id='word_1_414' title='bbox 724 4410 749 4460; x_wconf 87' lang='grc'><strong>9.</strong></span> <span class='ocrx_word' id='word_1_415' title='bbox 765 4414 900 4473; x_wconf 79' lang='lat' dir='ltr'><strong>potuerant</strong></span> <span class='ocrx_word' id='word_1_416' title='bbox 916 4410 1021 4461; x_wconf 85' lang='lat' dir='ltr'><strong>Ernesti</strong></span> <span class='ocrx_word' id='word_1_417' title='bbox 1036 4411 1105 4461; x_wconf 88' lang='lat' dir='ltr'><strong>conl.</strong></span> <span class='ocrx_word' id='word_1_418' title='bbox 1123 4435 1151 4446; x_wconf 92' lang='lat'>-</span> <span class='ocrx_word' id='word_1_419' title='bbox 1171 4411 1211 4461; x_wconf 83' lang='lat' dir='ltr'><strong>to.</strong></span> <span class='ocrx_word' id='word_1_420' title='bbox 1229 4411 1425 4462; x_wconf 66' lang='lat' dir='ltr'><strong>multociens:</strong></span> <span class='ocrx_word' id='word_1_421' title='bbox 1442 4409 1591 4462; x_wconf 75' lang='lat' dir='ltr'><strong>multesima</strong></span> <span class='ocrx_word' id='word_1_422' title='bbox 1607 4409 1670 4466; x_wconf 80' lang='lat' dir='ltr'><strong>PG;</strong></span> <span class='ocrx_word' id='word_1_423' title='bbox 1686 4420 1742 4456; x_wconf 84' lang='grc'><strong>4644·</strong></span> 
     </span>
     <span class='ocr_line' id='line_1_42' title="bbox 417 4482 1742 4549; baseline -0.004 -14"><span class='ocrx_word' id='word_1_424' title='bbox 417 4485 570 4537; x_wconf 70' lang='lat' dir='ltr'><strong>timesco</strong></span> <span class='ocrx_word' id='word_1_425' title='bbox 588 4498 650 4537; x_wconf 89' lang='lat' dir='ltr'><strong>oum</strong></span> <span class='ocrx_word' id='word_1_426' title='bbox 671 4485 803 4537; x_wconf 89' lang='lat' dir='ltr'><strong>Priscisno</strong></span> <span class='ocrx_word' id='word_1_427' title='bbox 825 4485 850 4547; x_wconf 92' lang='lat' dir='ltr'><strong>l,</strong></span> <span class='ocrx_word' id='word_1_428' title='bbox 877 4498 903 4549; x_wconf 90' lang='lat' dir='ltr'><strong>p.</strong></span> <span class='ocrx_word' id='word_1_429' title='bbox 922 4484 954 4535; x_wconf 88' lang='grc'><strong>86</strong></span> <span class='ocrx_word' id='word_1_430' title='bbox 971 4483 1015 4535; x_wconf 90' lang='lat' dir='ltr'><strong>ed.</strong></span> <span class='ocrx_word' id='word_1_431' title='bbox 1033 4483 1121 4535; x_wconf 84' lang='lat' dir='ltr'><strong>Krebl.</strong></span> <span class='ocrx_word' id='word_1_432' title='bbox 1147 4510 1174 4521; x_wconf 91' lang='lat'><em>-</em></span> <span class='ocrx_word' id='word_1_433' title='bbox 1198 4485 1336 4547; x_wconf 78' lang='grc'><strong>6666444664</strong></span> <span class='ocrx_word' id='word_1_434' title='bbox 1351 4486 1385 4534; x_wconf 86' lang='lat' dir='ltr'><strong>P:</strong></span> <span class='ocrx_word' id='word_1_435' title='bbox 1408 4484 1527 4547; x_wconf 79' lang='lat' dir='ltr'><strong>pecctore</strong></span> <span class='ocrx_word' id='word_1_436' title='bbox 1543 4483 1593 4534; x_wconf 83' lang='lat' dir='ltr'><strong>GO</strong></span> <span class='ocrx_word' id='word_1_437' title='bbox 1610 4508 1638 4518; x_wconf 95' lang='lat'>-</span> <span class='ocrx_word' id='word_1_438' title='bbox 1657 4482 1699 4532; x_wconf 91' lang='grc'><strong>44.</strong></span> <span class='ocrx_word' id='word_1_439' title='bbox 1715 4494 1742 4531; x_wconf 83' lang='grc'><strong>44</strong></span> 
     </span>
     <span class='ocr_line' id='line_1_43' title="bbox 416 4556 1741 4623; baseline -0.005 -10"><span class='ocrx_word' id='word_1_440' title='bbox 416 4562 489 4613; x_wconf 82' lang='grc'><strong>66444</strong></span> <span class='ocrx_word' id='word_1_441' title='bbox 505 4564 526 4613; x_wconf 84' lang='lat' dir='ltr'><strong>G</strong></span> <span class='ocrx_word' id='word_1_442' title='bbox 542 4574 612 4611; x_wconf 88' lang='lat' dir='ltr'><strong>corr.</strong></span> <span class='ocrx_word' id='word_1_443' title='bbox 631 4573 664 4611; x_wconf 82' lang='lat' dir='ltr'><strong>ex</strong></span> <span class='ocrx_word' id='word_1_444' title='bbox 679 4564 715 4611; x_wconf 84' lang='lat' dir='ltr'><strong>set</strong></span> <span class='ocrx_word' id='word_1_445' title='bbox 730 4558 789 4611; x_wconf 87' lang='lat' dir='ltr'><strong>orbe</strong></span> <span class='ocrx_word' id='word_1_446' title='bbox 800 4583 827 4596; x_wconf 90' lang='lat'>-</span> <span class='ocrx_word' id='word_1_447' title='bbox 841 4559 984 4609; x_wconf 79' lang='grc'><strong>6446664644</strong></span> <span class='ocrx_word' id='word_1_448' title='bbox 1001 4561 1023 4609; x_wconf 86' lang='lat' dir='ltr'><strong>G</strong></span> <span class='ocrx_word' id='word_1_449' title='bbox 1035 4586 1062 4596; x_wconf 96' lang='lat'><em>-</em></span> <span class='ocrx_word' id='word_1_450' title='bbox 1081 4560 1121 4611; x_wconf 82' lang='lat' dir='ltr'><strong>ta.</strong></span> <span class='ocrx_word' id='word_1_451' title='bbox 1136 4559 1263 4621; x_wconf 78' lang='lat' dir='ltr'><strong>Quietiten</strong></span> <span class='ocrx_word' id='word_1_452' title='bbox 1274 4562 1332 4612; x_wconf 88' lang='lat' dir='ltr'><strong>PG:</strong></span> <span class='ocrx_word' id='word_1_453' title='bbox 1350 4560 1469 4623; x_wconf 82' lang='grc'><strong>0444444446</strong></span> <span class='ocrx_word' id='word_1_454' title='bbox 1479 4556 1557 4611; x_wconf 88' lang='lat' dir='ltr'><strong>Orelli</strong></span> <span class='ocrx_word' id='word_1_455' title='bbox 1569 4558 1601 4623; x_wconf 76' lang='grc'><strong>43)</strong></span> <span class='ocrx_word' id='word_1_456' title='bbox 1614 4571 1647 4608; x_wconf 82' lang='lat' dir='ltr'><strong>ex</strong></span> <span class='ocrx_word' id='word_1_457' title='bbox 1656 4559 1741 4607; x_wconf 81' lang='lat' dir='ltr'><strong>Asco-</strong></span> 
     </span>
     <span class='ocr_line' id='line_1_44' title="bbox 323 4632 1741 4701; baseline -0.004 -13"><span class='ocrx_word' id='word_1_458' title='bbox 323 4642 327 4651; x_wconf 82' lang='lat'>&#39;</span> <span class='ocrx_word' id='word_1_459' title='bbox 417 4637 462 4689; x_wconf 91' lang='lat' dir='ltr'><strong>nio</strong></span> <span class='ocrx_word' id='word_1_460' title='bbox 478 4637 512 4689; x_wconf 88' lang='lat' dir='ltr'><strong>ad</strong></span> <span class='ocrx_word' id='word_1_461' title='bbox 529 4650 568 4689; x_wconf 92' lang='lat' dir='ltr'><strong>or.</strong></span> <span class='ocrx_word' id='word_1_462' title='bbox 587 4636 673 4689; x_wconf 86' lang='lat' dir='ltr'><strong>Pisou.</strong></span> <span class='ocrx_word' id='word_1_463' title='bbox 692 4636 707 4701; x_wconf 72' lang='lat'>5</span> <span class='ocrx_word' id='word_1_464' title='bbox 724 4636 766 4688; x_wconf 94' lang='grc'><strong>35.</strong></span> <span class='ocrx_word' id='word_1_465' title='bbox 785 4635 826 4699; x_wconf 85' lang='grc'><strong>(64.</strong></span> <span class='ocrx_word' id='word_1_466' title='bbox 845 4636 925 4686; x_wconf 90' lang='lat' dir='ltr'><strong>etiam</strong></span> <span class='ocrx_word' id='word_1_467' title='bbox 942 4632 1029 4687; x_wconf 82' lang='lat' dir='ltr'><strong>schol.</strong></span> <span class='ocrx_word' id='word_1_468' title='bbox 1048 4632 1113 4685; x_wconf 84' lang='lat' dir='ltr'><strong>Bob.</strong></span> <span class='ocrx_word' id='word_1_469' title='bbox 1126 4634 1211 4685; x_wconf 89' lang='lat' dir='ltr'><strong>ador.</strong></span> <span class='ocrx_word' id='word_1_470' title='bbox 1225 4633 1311 4686; x_wconf 85' lang='lat' dir='ltr'><strong>llilon.</strong></span> <span class='ocrx_word' id='word_1_471' title='bbox 1325 4649 1350 4687; x_wconf 92' lang='lat' dir='ltr'><strong>c.</strong></span> <span class='ocrx_word' id='word_1_472' title='bbox 1364 4636 1415 4699; x_wconf 87' lang='grc'><strong>45.)</strong></span> <span class='ocrx_word' id='word_1_473' title='bbox 1431 4633 1741 4687; x_wconf 60' lang='lat' dir='ltr'><strong>tenerescentium</strong></span> 
     </span>
     <span class='ocr_line' id='line_1_45' title="bbox 417 4707 1741 4775; baseline -0.005 -12"><span class='ocrx_word' id='word_1_474' title='bbox 417 4713 507 4775; x_wconf 74' lang='lat' dir='ltr'><strong>disput</strong></span> <span class='ocrx_word' id='word_1_475' title='bbox 525 4714 555 4763; x_wconf 85' lang='lat' dir='ltr'><strong>tie</strong></span> <span class='ocrx_word' id='word_1_476' title='bbox 571 4713 624 4763; x_wconf 85' lang='lat' dir='ltr'><strong>loco</strong></span> <span class='ocrx_word' id='word_1_477' title='bbox 640 4724 679 4763; x_wconf 83' lang='lat' dir='ltr'><strong>or.</strong></span> <span class='ocrx_word' id='word_1_478' title='bbox 698 4712 748 4763; x_wconf 84' lang='lat' dir='ltr'><strong>Oic.</strong></span> <span class='ocrx_word' id='word_1_479' title='bbox 764 4725 790 4774; x_wconf 84' lang='lat' dir='ltr'><strong>p.</strong></span> <span class='ocrx_word' id='word_1_480' title='bbox 804 4710 883 4761; x_wconf 84' lang='lat' dir='ltr'><strong>Sestio</strong></span> <span class='ocrx_word' id='word_1_481' title='bbox 900 4724 921 4761; x_wconf 85' lang='lat' dir='ltr'><strong>c.</strong></span> <span class='ocrx_word' id='word_1_482' title='bbox 940 4709 981 4761; x_wconf 92' lang='grc'><strong>33.</strong></span> <span class='ocrx_word' id='word_1_483' title='bbox 1000 4710 1145 4773; x_wconf 81' lang='lat' dir='ltr'><strong>(Gottingae</strong></span> <span class='ocrx_word' id='word_1_484' title='bbox 1156 4709 1229 4772; x_wconf 81' lang='grc'><strong>4845)</strong></span> <span class='ocrx_word' id='word_1_485' title='bbox 1247 4722 1274 4775; x_wconf 82' lang='lat' dir='ltr'><strong>p.</strong></span> <span class='ocrx_word' id='word_1_486' title='bbox 1286 4710 1301 4760; x_wconf 78' lang='lat' dir='ltr'><strong>t</strong></span> <span class='ocrx_word' id='word_1_487' title='bbox 1312 4722 1372 4773; x_wconf 85' lang='lat' dir='ltr'><strong>sqq.</strong></span> <span class='ocrx_word' id='word_1_488' title='bbox 1388 4736 1416 4748; x_wconf 91' lang='lat'><em>-</em></span> <span class='ocrx_word' id='word_1_489' title='bbox 1433 4710 1546 4761; x_wconf 87' lang='grc'><strong>4644464444</strong></span> <span class='ocrx_word' id='word_1_490' title='bbox 1557 4711 1578 4759; x_wconf 85' lang='lat' dir='ltr'>G</span> <span class='ocrx_word' id='word_1_491' title='bbox 1591 4736 1618 4745; x_wconf 93' lang='lat'>-</span> <span class='ocrx_word' id='word_1_492' title='bbox 1638 4707 1679 4760; x_wconf 92' lang='grc'><strong>44.</strong></span> <span class='ocrx_word' id='word_1_493' title='bbox 1690 4708 1741 4757; x_wconf 84' lang='grc'><strong>464-</strong></span> 
     </span>
     <span class='ocr_line' id='line_1_46' title="bbox 417 4783 1739 4849; baseline -0.004 -11"><span class='ocrx_word' id='word_1_494' title='bbox 417 4793 471 4838; x_wconf 82' lang='grc'><strong>44464</strong></span> <span class='ocrx_word' id='word_1_495' title='bbox 486 4790 568 4839; x_wconf 80' lang='lat' dir='ltr'><strong>ests:</strong></span> <span class='ocrx_word' id='word_1_496' title='bbox 586 4788 674 4838; x_wconf 82' lang='grc'><strong>46444446</strong></span> <span class='ocrx_word' id='word_1_497' title='bbox 690 4788 722 4836; x_wconf 85' lang='grc'><strong>444</strong></span> <span class='ocrx_word' id='word_1_498' title='bbox 739 4787 780 4847; x_wconf 81' lang='lat' dir='ltr'><strong>tex</strong></span> <span class='ocrx_word' id='word_1_499' title='bbox 796 4786 913 4849; x_wconf 79' lang='grc'><strong>6644444664)</strong></span> <span class='ocrx_word' id='word_1_500' title='bbox 931 4784 1009 4836; x_wconf 86' lang='lat' dir='ltr'><strong>PGO</strong></span> <span class='ocrx_word' id='word_1_501' title='bbox 1034 4806 1061 4819; x_wconf 93' lang='lat'><strong>-·</strong></span> <span class='ocrx_word' id='word_1_502' title='bbox 1087 4784 1115 4835; x_wconf 81' lang='grc'><strong>444·</strong></span> <span class='ocrx_word' id='word_1_503' title='bbox 1132 4784 1197 4834; x_wconf 84' lang='lat' dir='ltr'><strong>PG:</strong></span> <span class='ocrx_word' id='word_1_504' title='bbox 1222 4786 1272 4835; x_wconf 83' lang='grc'><strong>44444·</strong></span> <span class='ocrx_word' id='word_1_505' title='bbox 1287 4786 1346 4846; x_wconf 90' lang='lat' dir='ltr'><strong>a0;</strong></span> <span class='ocrx_word' id='word_1_506' title='bbox 1371 4785 1440 4836; x_wconf 87' lang='lat' dir='ltr'><strong>cont.</strong></span> <span class='ocrx_word' id='word_1_507' title='bbox 1460 4783 1587 4837; x_wconf 86' lang='lat' dir='ltr'><strong>Wesenb.</strong></span> <span class='ocrx_word' id='word_1_508' title='bbox 1604 4796 1631 4848; x_wconf 88' lang='lat' dir='ltr'><strong>p.</strong></span> <span class='ocrx_word' id='word_1_509' title='bbox 1649 4784 1691 4833; x_wconf 84' lang='lat' dir='ltr'><strong>os.</strong></span> <span class='ocrx_word' id='word_1_510' title='bbox 1712 4809 1739 4819; x_wconf 94' lang='lat'>-</span> 
     </span>
     <span class='ocr_line' id='line_1_47' title="bbox 418 4858 1739 4915; baseline -0.004 -1"><span class='ocrx_word' id='word_1_511' title='bbox 418 4864 460 4914; x_wconf 92' lang='grc'><strong>45.</strong></span> <span class='ocrx_word' id='word_1_512' title='bbox 476 4868 582 4915; x_wconf 81' lang='grc'><strong>4446446444</strong></span> <span class='ocrx_word' id='word_1_513' title='bbox 597 4864 620 4912; x_wconf 76' lang='lat' dir='ltr'><strong>t}</strong></span> <span class='ocrx_word' id='word_1_514' title='bbox 635 4888 669 4898; x_wconf 99' lang='lat'>-</span> <span class='ocrx_word' id='word_1_515' title='bbox 687 4861 854 4913; x_wconf 71' lang='lat' dir='ltr'><strong>commeasti</strong></span> <span class='ocrx_word' id='word_1_516' title='bbox 870 4861 934 4912; x_wconf 83' lang='lat' dir='ltr'><strong>PG:</strong></span> <span class='ocrx_word' id='word_1_517' title='bbox 957 4858 1144 4909; x_wconf 76' lang='lat' dir='ltr'><strong>mercesmiio</strong></span> <span class='ocrx_word' id='word_1_518' title='bbox 1166 4883 1194 4895; x_wconf 92' lang='lat'>-</span> <span class='ocrx_word' id='word_1_519' title='bbox 1219 4859 1259 4911; x_wconf 92' lang='grc'><strong>46.</strong></span> <span class='ocrx_word' id='word_1_520' title='bbox 1278 4860 1432 4911; x_wconf 63' lang='lat' dir='ltr'><strong>scandenti</strong></span> <span class='ocrx_word' id='word_1_521' title='bbox 1452 4862 1471 4910; x_wconf 90' lang='lat' dir='ltr'>P</span> <span class='ocrx_word' id='word_1_522' title='bbox 1489 4885 1516 4896; x_wconf 93' lang='lat'><em>-</em></span> <span class='ocrx_word' id='word_1_523' title='bbox 1541 4862 1582 4913; x_wconf 81' lang='grc'><strong>44.</strong></span> <span class='ocrx_word' id='word_1_524' title='bbox 1600 4864 1653 4909; x_wconf 88' lang='grc'><strong>44444</strong></span> <span class='ocrx_word' id='word_1_525' title='bbox 1673 4861 1739 4911; x_wconf 85' lang='lat' dir='ltr'><strong>PG:</strong></span> 
     </span>
     <span class='ocr_line' id='line_1_48' title="bbox 418 4931 1741 4990; baseline -0.005 0"><span class='ocrx_word' id='word_1_526' title='bbox 418 4940 538 4990; x_wconf 84' lang='grc'><strong>44444660</strong></span> <span class='ocrx_word' id='word_1_527' title='bbox 557 4937 643 4989; x_wconf 80' lang='lat'>-20.</span> <span class='ocrx_word' id='word_1_528' title='bbox 661 4931 992 4987; x_wconf 50' lang='grc'><strong>44644466344464444444441</strong></span> <span class='ocrx_word' id='word_1_529' title='bbox 1012 4933 1568 4987; x_wconf 68' lang='grc'><strong>-4466444444644-64446446444-</strong></span> <span class='ocrx_word' id='word_1_530' title='bbox 1588 4934 1741 4985; x_wconf 74' lang='grc'><strong>4344444444</strong></span> 
     </span>
     <span class='ocr_line' id='line_1_49' title="bbox 413 5008 1738 5078; baseline -0.004 -15"><span class='ocrx_word' id='word_1_531' title='bbox 413 5028 443 5078; x_wconf 84' lang='lat' dir='ltr'><strong>p.</strong></span> <span class='ocrx_word' id='word_1_532' title='bbox 460 5013 545 5063; x_wconf 83' lang='grc'><strong>6444646</strong></span> <span class='ocrx_word' id='word_1_533' title='bbox 561 5014 579 5063; x_wconf 89' lang='lat' dir='ltr'>S</span> <span class='ocrx_word' id='word_1_534' title='bbox 597 5037 625 5047; x_wconf 99' lang='lat'>-</span> <span class='ocrx_word' id='word_1_535' title='bbox 643 5012 685 5063; x_wconf 85' lang='lat' dir='ltr'><strong>ae.</strong></span> <span class='ocrx_word' id='word_1_536' title='bbox 702 5011 851 5075; x_wconf 64' lang='lat' dir='ltr'><strong>muer</strong></span> <span class='ocrx_word' id='word_1_537' title='bbox 869 5036 896 5047; x_wconf 92' lang='lat'><em>—</em></span> <span class='ocrx_word' id='word_1_538' title='bbox 915 5010 956 5061; x_wconf 79' lang='grc'><strong>46.</strong></span> <span class='ocrx_word' id='word_1_539' title='bbox 973 5008 1204 5073; x_wconf 65' lang='lat' dir='ltr'><strong>pulemont&amp;</strong></span> <span class='ocrx_word' id='word_1_540' title='bbox 1219 5008 1401 5073; x_wconf 66' lang='lat' dir='ltr'><strong>palaestritis</strong></span> <span class='ocrx_word' id='word_1_541' title='bbox 1418 5012 1507 5062; x_wconf 85' lang='lat' dir='ltr'><strong>PG·</strong></span> <span class='ocrx_word' id='word_1_542' title='bbox 1526 5009 1620 5061; x_wconf 80' lang='lat' dir='ltr'><strong>tt.utt</strong></span> <span class='ocrx_word' id='word_1_543' title='bbox 1636 5010 1738 5059; x_wconf 78' lang='lat' dir='ltr'><strong>Geom.</strong></span> 
     </span>
     <span class='ocr_line' id='line_1_50' title="bbox 418 5082 1740 5149; baseline -0.005 -9"><span class='ocrx_word' id='word_1_544' title='bbox 418 5085 570 5140; x_wconf 83' lang='lat' dir='ltr'><strong>maedam</strong></span> <span class='ocrx_word' id='word_1_545' title='bbox 586 5087 613 5138; x_wconf 91' lang='lat' dir='ltr'><strong>in</strong></span> <span class='ocrx_word' id='word_1_546' title='bbox 628 5086 693 5149; x_wconf 74' lang='lat' dir='ltr'><strong>aliq·</strong></span> <span class='ocrx_word' id='word_1_547' title='bbox 708 5112 742 5125; x_wconf 90' lang='lat'><strong>—·</strong></span> <span class='ocrx_word' id='word_1_548' title='bbox 758 5086 933 5149; x_wconf 67' lang='lat' dir='ltr'><strong>samaeas</strong></span> <span class='ocrx_word' id='word_1_549' title='bbox 947 5087 979 5145; x_wconf 86' lang='lat' dir='ltr'><strong>P;</strong></span> <span class='ocrx_word' id='word_1_550' title='bbox 994 5082 1130 5147; x_wconf 80' lang='lat' dir='ltr'><strong>possideret</strong></span> <span class='ocrx_word' id='word_1_551' title='bbox 1146 5084 1180 5145; x_wconf 65' lang='grc' dir='ltr'><strong>(ἃς</strong></span> <span class='ocrx_word' id='word_1_552' title='bbox 1198 5082 1232 5134; x_wconf 86' lang='lat' dir='ltr'><strong>ct.</strong></span> <span class='ocrx_word' id='word_1_553' title='bbox 1249 5082 1285 5133; x_wconf 91' lang='lat' dir='ltr'><strong>ad</strong></span> <span class='ocrx_word' id='word_1_554' title='bbox 1300 5084 1451 5149; x_wconf 65' lang='lat' dir='ltr'><strong>paseat.</strong></span> <span class='ocrx_word' id='word_1_555' title='bbox 1466 5110 1494 5121; x_wconf 88' lang='lat'><em>-</em></span> <span class='ocrx_word' id='word_1_556' title='bbox 1511 5085 1574 5136; x_wconf 86' lang='grc'><strong>644444</strong></span> <span class='ocrx_word' id='word_1_557' title='bbox 1590 5086 1678 5136; x_wconf 84' lang='lat' dir='ltr'><strong>PG-</strong></span> <span class='ocrx_word' id='word_1_558' title='bbox 1697 5084 1740 5133; x_wconf 86' lang='grc'><strong>444-</strong></span> 
     </span>
     <span class='ocr_line' id='line_1_51' title="bbox 418 5157 1739 5225; baseline -0.004 -10"><span class='ocrx_word' id='word_1_559' title='bbox 418 5163 554 5215; x_wconf 82' lang='grc'><strong>64464644</strong></span> <span class='ocrx_word' id='word_1_560' title='bbox 572 5186 599 5199; x_wconf 90' lang='grc'>-</span> <span class='ocrx_word' id='word_1_561' title='bbox 620 5161 661 5213; x_wconf 87' lang='grc'><strong>33.</strong></span> <span class='ocrx_word' id='word_1_562' title='bbox 677 5162 747 5215; x_wconf 80' lang='lat' dir='ltr'><strong>aedis</strong></span> <span class='ocrx_word' id='word_1_563' title='bbox 762 5163 782 5214; x_wconf 91' lang='lat' dir='ltr'>P</span> <span class='ocrx_word' id='word_1_564' title='bbox 799 5185 829 5200; x_wconf 92' lang='lat'><em>-</em></span> <span class='ocrx_word' id='word_1_565' title='bbox 847 5160 888 5213; x_wconf 89' lang='grc'><strong>34.</strong></span> <span class='ocrx_word' id='word_1_566' title='bbox 906 5174 920 5213; x_wconf 85' lang='grc'><strong>4</strong></span> <span class='ocrx_word' id='word_1_567' title='bbox 936 5173 989 5212; x_wconf 91' lang='lat' dir='ltr'><strong>om.</strong></span> <span class='ocrx_word' id='word_1_568' title='bbox 1008 5162 1042 5222; x_wconf 74' lang='lat' dir='ltr'><strong>G,</strong></span> <span class='ocrx_word' id='word_1_569' title='bbox 1062 5159 1163 5224; x_wconf 74' lang='grc'><strong>[4644444</strong></span> <span class='ocrx_word' id='word_1_570' title='bbox 1178 5160 1198 5211; x_wconf 83' lang='grc' dir='ltr'>Ρ</span> <span class='ocrx_word' id='word_1_571' title='bbox 1217 5158 1259 5223; x_wconf 82' lang='lat' dir='ltr'><strong>(ex</strong></span> <span class='ocrx_word' id='word_1_572' title='bbox 1275 5157 1407 5225; x_wconf 84' lang='lat' dir='ltr'><strong>trequenti</strong></span> <span class='ocrx_word' id='word_1_573' title='bbox 1423 5160 1576 5213; x_wconf 88' lang='lat' dir='ltr'><strong>contusione</strong></span> <span class='ocrx_word' id='word_1_574' title='bbox 1592 5158 1739 5212; x_wconf 86' lang='lat' dir='ltr'><strong>litterarum</strong></span> 
     </span>
    </p>
   </div>
   <div class='ocr_carea' id='block_1_8' title="bbox 419 5235 777 5303">
    <p class='ocr_par' dir='ltr' id='par_1_10' title="bbox 419 5235 777 5303">
     <span class='ocr_line' id='line_1_52' title="bbox 419 5235 777 5303; baseline -0.008 -12"><span class='ocrx_word' id='word_1_575' title='bbox 419 5235 777 5303; x_wconf 65' lang='lat' dir='ltr'><strong>delfi-protelattttttl’.</strong></span> 
     </span>
    </p>
   </div>
   <div class='ocr_carea' id='block_1_9' title="bbox 0 0 2010 6150">
    <p class='ocr_par' dir='ltr' id='par_1_11' title="bbox 0 0 2010 6150">
     <span class='ocr_line' id='line_1_53' title="bbox 0 0 2010 6150; baseline 0 0"><span class='ocrx_word' id='word_1_576' title='bbox 0 0 2010 6150; x_wconf 95' lang='lat' dir='ltr'><strong> </strong></span> 
     </span>
    </p>
   </div>
  </div>
 </body>
</html>
