4009 6159
694 589 766 655 o».
789 590 975 654 xr-xrn.
1003 586 1050 674 ss
1072 585 1224 654 ao-sr.
1537 582 1614 650 rtet

299 758 471 824 vehemens
500 778 594 843 quam
621 759 689 835 isti,
722 780 803 843 quos
830 767 866 823 tu
894 759 964 822 iure
984 757 1111 832 laudas,
1143 758 1199 822 sed
1222 763 1307 822 certe
1328 757 1420 833 talis,
1454 756 1564 842 quales
1594 757 1622 820 si

299 873 411 916 omnes
432 872 558 935 semper
576 852 727 928 fuissent,
756 873 927 938 numquam
949 853 1146 916 desideratus
1167 854 1337 917 vehemens
1361 857 1445 915 esset
1465 851 1620 914 tribunus.

298 947 369 1008 ΧΠ.
391 943 442 1009 29.
465 945 583 1008 Omitto
604 947 675 1022 illa,
704 967 786 1030 quae
808 949 835 1010 si
855 947 958 1010 minus
978 947 1011 1009 in
1035 966 1149 1010 scaena
1170 955 1259 1022 sunt,
1281 952 1433 1020 atcerte,
1455 963 1526 1006 cum
1548 949 1622 1006 sunt

297 1040 436 1121 prolata,
459 1039 643 1114 laudantur,
664 1048 700 1103 ut
715 1042 797 1105 vivat
818 1061 891 1103 cum
912 1040 996 1114 suis,
1018 1042 1240 1122 primumcum
1260 1047 1390 1124 parente
1402 1073 1444 1086 -
1459 1057 1533 1100 nam
1548 1057 1619 1100 meo

296 1134 414 1196 iudicio
442 1133 546 1216 pietas
566 1133 807 1197 fundamentum
828 1142 877 1197 est
898 1135 1038 1198 omnium
1060 1135 1211 1198 virtutum
1232 1167 1289 1209 -,
1320 1153 1416 1218 quem
1436 1138 1564 1196 veretur
1584 1135 1642 1192 utt

295 1229 392 1289 deum
412 1260 455 1273 -
476 1245 582 1309 neque
609 1228 693 1290 enim
720 1228 819 1291 multo
848 1247 938 1291 secus
960 1236 1010 1291 est
1031 1247 1144 1310 pareus
1165 1228 1274 1292 liberis
1295 1261 1354 1304 --,
1383 1233 1468 1291 amat
1488 1243 1563 1288 vero
1584 1230 1620 1288 ut

297 1321 453 1396 sodalem,
481 1327 518 1384 ut
537 1319 682 1395 fratrem,
708 1329 744 1384 ut
764 1321 940 1405 aequalem.
978 1322 1063 1396 Quid
1085 1323 1185 1386 dicam
1208 1343 1280 1387 curn
1300 1331 1429 1405 patruo,
1458 1340 1530 1385 cum
1551 1315 1619 1382 affi-

295 1413 406 1488 nibus,
430 1434 500 1477 com
523 1415 726 1499 propinquis,
748 1436 819 1480 cum
840 1416 902 1478 boc
924 1415 979 1478 Cn.
994 1415 1180 1492 Saturnino,
1203 1417 1400 1480 ornatissimo
1414 1416 1507 1480 rirol
1530 1413 1619 1476 cuius
1740 1375 1772 1488 ζ

295 1514 446 1590 quarum
472 1507 602 1570 bonoria
628 1507 722 1572 buius
751 1508 956 1591 cupiditatem
985 1508 1084 1573 brisso
1114 1511 1257 1584 creditis,
1283 1530 1352 1573 cum
1375 1501 1489 1571 videtis
1515 1507 1618 1569 luctus

295 1601 500 1664 societatem?
533 1601 618 1675 Quid
649 1601 688 1664 de
718 1602 907 1677 medicam,
938 1603 993 1686 qui
1017 1605 1094 1666 mibi
1115 1605 1150 1665 in
1171 1604 1266 1666 buius
1288 1603 1431 1687 periculo
1452 1620 1526 1665 reus
1549 1617 1656 1663 esseio

295 1691 427 1758 videor‘l
454 1694 532 1777 quid
554 1693 595 1757 de
612 1695 663 1759 bis
684 1704 732 1759 tot
753 1695 829 1760 uiris
850 1696 974 1771 talibus,
996 1717 1077 1781 quos
1099 1696 1214 1760 videtis
1235 1703 1323 1761 veste
1345 1696 1485 1758 mutata?
1513 1693 1618 1775 Atque

293 1787 373 1850 baec
394 1796 469 1852 sunt
488 1787 621 1862 indicia,
644 1789 781 1863 iudicer,
803 1790 905 1853 solida
918 1799 951 1853 et
968 1810 1133 1874 expressa,
1153 1792 1233 1854 baec
1248 1790 1338 1873 signa
1354 1787 1531 1872 probitatis,
1552 1807 1619 1850 non

293 1880 399 1944 fucata
425 1881 545 1944 lorensi
573 1883 694 1965 specie,
724 1882 780 1946 sed
811 1883 945 1946 domesti
969 1885 994 1946 's
1016 1886 1121 1948 inusta
1143 1887 1227 1948 notis
1248 1885 1398 1948 veritatis.
1413 1863 1428 1965 (
1433 1880 1549 1966 Facilis
1550 1888 1620 1969 jot
1696 1877 1760 1960 a}

295 1975 350 2037 illa
370 1975 546 2038 occursatio
567 1983 599 2038 et
620 1976 774 2040 blanditia
794 1905 979 2061 popularidl
994 1978 1181 2063 adspicitur,
1204 1999 1268 2042 uon
1286 1982 1486 2051 attrectatum
1507 1975 1618 2056 procul

293 2077 440 2152 apparet,
462 2089 526 2133 uon
548 2071 719 2145 excutitur,
741 2092 805 2135 non
827 2072 861 2135 in
884 2091 995 2135 manus
1016 2073 1160 2135 sumitur.
1203 2069 1254 2134 30.
1278 2072 1432 2136 Omnibus
1452 2069 1549 2153 igitur
1569 2084 1655 2132 ress

292 2164 354 2227 bus
375 2171 519 2227 ornatum
540 2164 716 2238 bominem,
738 2173 803 2228 tam
825 2166 970 2228 extemis·
987 2185 1083 2248 quam
1104 2166 1298 2240 domesticis,
1320 2185 1385 2236 non
1405 2163 1503 2228 nullis
1524 2162 1617 2226 rebus

294 2258 476 2322 inferiorem
499 2277 593 2340 quam
615 2265 663 2332 te,
692 2279 807 2341 genere
829 2258 902 2322 dico
925 2267 957 2322 et
978 2259 1123 2332 nomine,
1153 2260 1347 2342 superiorem
1369 2258 1456 2332 aliis,
1484 2257 1618 2320 munici-

293 2372 386 2433 pum,
407 2352 599 2425 vicinorum,
621 2352 808 2415 societatum
830 2352 951 2426 studio,
972 2372 1114 2415 meorum
1133 2359 1311 2434 temporum
1326 2353 1488 2426 memoria,
1509 2371 1616 2435 parem

294 2445 424 2518 virtute,
446 2444 644 2526 integritate,
665 2445 822 2509 modestia
843 2446 979 2509 aedilem
999 2445 1118 2508 tactum
1139 2466 1208 2510 esse
1229 2446 1377 2510 miraris?

377 2538 470 2600 llunc
495 2545 531 2600 tu
551 2539 634 2602 ritae
663 2539 864 2621 splendorem
885 2539 1017 2602 maculis
1041 2538 1203 2622 adspergis
1224 2540 1317 2602 istis?
1348 2541 1429 2603 lacis
1451 2539 1654 2614 adulterinae

292 2650 375 2715 quae
397 2651 490 2695 nemo
512 2652 577 2695 non
598 2633 693 2696 modo
715 2634 861 2708 nomine,
890 2633 947 2695 sed
975 2652 1016 2695 ne
1042 2633 1221 2715 suspicione
1245 2633 1376 2716 quidem
1398 2632 1499 2716 possit
1520 2651 1617 2714 agno-

291 2745 390 2789 scere.
433 2725 619 2790 bimaritum
641 2727 797 2810 appellas,
827 2736 863 2790 ut
883 2726 978 2790 verba
1000 2727 1095 2790 etiam
1116 2723 1233 2810 fingas,
1263 2746 1327 2789 non
1349 2726 1452 2790 solum
1475 2725 1616 2789 crimina.

290 2821 426 2882 Doctum
454 2839 524 2882 esse
553 2821 594 2884 ab
623 2841 661 2884 eo
691 2822 724 2884 in
745 2823 941 2904 provinciam
962 2820 1102 2904 aliquem
1123 2820 1202 2884 diois
1224 2821 1366 2884 libidinis
1388 2839 1500 2895 causa,
1529 2819 1616 2904 quod

290 2932 357 2975 non
378 2914 497 2976 crimen
519 2922 584 2988 cst,
611 2915 668 2978 sed
689 2916 881 2998 impunitum
901 2916 936 2978 in
956 2915 1124 2979 maledicto
1152 2915 1368 2991 mendacium
1396 2920 1518 2998 raptam
1544 2933 1617 2978 esse

289 3006 470 3080 mimulam,
500 3008 587 3091 quod
616 3008 732 3073 dicitur
759 3009 873 3072 Atinae
902 3009 1019 3073 factum
1047 3028 1067 3071 a
1096 3010 1259 3072 iuventute
1286 3015 1392 3072 vetere
1421 3007 1561 3091 quodam
1582 3008 1654 3079 inas

289 3101 452 3164 scaenicos
473 3101 543 3164 iure
565 3103 768 3187 maximeque
784 3103 955 3186 oppidano.
988 3097 1040 3164 3t.
1056 3103 1082 3165 Ο
1098 3103 1342 3167 adolescentiam
1363 3104 1538 3168 traductam
1551 3103 1617 3168 ele·

288 3197 417 3278 genteri
440 3196 491 3258 cui
507 3196 638 3279 quidem
653 3218 725 3260 cum
741 3196 828 3281 qnod
850 3196 976 3260 licuerit
996 3197 1179 3271 obiiciatur,
1200 3204 1307 3261 tamen
1327 3198 1360 3260 id
1381 3199 1485 3282 ipsum
1499 3195 1615 3260 falsum

288 3290 473 3372 reperiatur.
512 3289 674 3352 «Emissus
696 3290 796 3375 aliqui
818 3311 836 3354 e
859 3310 1012 3354 carcere.»
1053 3291 1095 3354 Et
1115 3290 1242 3374 quidem
1265 3291 1398 3356 emissus
1419 3312 1477 3374 per
1497 3291 1616 3376 impru-

289 3382 438 3457 dentiam,
460 3383 604 3456 emissus,
626 3392 661 3446 ut
675 3384 845 3466 cognostis,
867 3385 1039 3447 necessarii
1057 3384 1196 3448 bominis
1212 3387 1388 3469 optimique
1403 3385 1614 3449 adolescentis

288 3482 416 3557 rogatu:
448 3475 533 3539 idem
563 3484 674 3558 postea
696 3478 927 3560 praemandatis
947 3478 1128 3561 requisitus.
1160 3479 1265 3563 Atque
1286 3480 1365 3543 baec
1385 3499 1444 3542 nec
1465 3479 1531 3543 ulla
1552 3479 1650 3546 aliato

288 3578 362 3633 sunt
383 3571 524 3633 coniecta
546 3571 713 3633 maledieta
742 3573 775 3633 in
797 3573 866 3634 eius
889 3572 1002 3647 vitam,
1031 3573 1071 3635 de
1092 3573 1183 3636 cuius
1204 3593 1262 3637 vos
1284 3573 1421 3656 pudore,
1449 3573 1613 3656 religiono,

288 3663 468 3745 integritate
491 3663 650 3727 dubitetis.
693 3665 778 3726 xffl.
800 3667 893 3728 Pater
913 3686 1004 3740 vero,
1026 3667 1147 3750 inquit,
1170 3667 1264 3730 etiam
1287 3667 1399 3730 obesse
1420 3665 1486 3733 lilio
1509 3669 1613 3732 debet

288 3757 315 3819 0
337 3775 446 3819 vocem
469 3757 579 3820 duram
605 3765 704 3841 atque
725 3758 885 3841 indignam
907 3767 962 3822 tua
983 3760 1152 3841 probitate,
1181 3762 1378 3824 Laterensist
1412 3764 1504 3826 Pater
1523 3769 1558 3825 ut
1578 3763 1612 3825 in

287 3849 405 3913 iudioio
427 3849 553 3933 capitis,
574 3859 665 3932 pater
687 3859 721 3914 nt
741 3853 775 3914 in
796 3852 998 3917 dimicatione
1022 3854 1234 3930 fortunarum,
1257 3864 1348 3938 pater
1367 3863 1404 3919 ut
1424 3855 1510 3939 apud
1531 3855 1612 3920 tales

286 3945 369 4008 viros
391 3944 503 4007 obesse
523 3944 591 4007 lilio
613 3944 747 4008 debeat?
771 3947 825 4029 qui
848 3947 874 4009 si
898 3955 983 4010 esset
1002 3948 1219 4031 turpissimus,
1242 3950 1269 4012 si
1291 3947 1543 4025 sordidissimus,
1565 3957 1648 4016 tana

350 4245 545 4296 tuccemenrb
560 4273 586 4282 -
600 4245 624 4298 3.
638 4248 773 4296 moencT:
792 4258 865 4296 wenc
879 4244 971 4297 Eo-
990 4249 1015 4298 t.
1031 4246 1242 4310 ptetoslpotcaT
1256 4272 1283 4283 -
1302 4245 1499 4297 ttmuttosT-
1518 4247 1542 4298 8.
1557 4245 1606 4300 Gi.

284 4319 346 4368 Ε-
363 4318 468 4369 oidcotis
483 4320 561 4370 codd.
580 4323 687 4384 praeter
703 4322 750 4372 TE
767 4335 870 4373 omnes.
889 4347 917 4358 -
941 4323 981 4372 lt.
995 4322 1093 4386 tutibus]
1111 4335 1142 4371 oc
1159 4321 1249 4371 talitro
1262 4320 1369 4382 bamb,
1389 4320 1422 4372 ot.
1434 4333 1461 4385 p.
1475 4322 1548 4385 toas,
1565 4327 1606 4376 ta.

285 4393 327 4442 «si
343 4406 440 4445 sanum
457 4397 498 4446 est
513 4397 544 4445 de
559 4396 597 4445 so
613 4402 649 4446 tot
662 4395 726 4446 vote
740 4396 839 4458 mitro,
858 4396 1004 4460 asyndeton
1020 4395 1120 4447 nultum
1134 4398 1183 4457 est,
1202 4394 1360 4460 duobusque
1371 4396 1461 4448 verbis
1471 4399 1533 4449 otrus
1548 4401 1608 4452 tott-

283 4469 328 4518 bru
338 4470 413 4533 quasi
430 4470 478 4520 uni
493 4471 599 4521 cuidem
617 4472 715 4522 notioni
727 4477 763 4522 tot
778 4472 910 4523 adiectam
927 4473 993 4523 est.»
1014 4473 1173 4522 wesenerus
1189 4469 1339 4522 Emendatt.
1357 4470 1460 4523 Tuscul.
1475 4473 1505 4524 Il.
1523 4486 1550 4538 p.
1563 4475 1605 4527 ts.

285 4572 312 4583 -
329 4545 408 4607 Atque
423 4545 457 4605 E,
474 4545 560 4606 Adqoc
575 4547 610 4595 T:
628 4547 702 4608 suot
718 4549 738 4598 0
756 4573 784 4584 -
803 4548 949 4598 samm
963 4547 1044 4597 reddo
1059 4547 1124 4596 TE:
1143 4545 1235 4607 ulida,
1256 4546 1385 4596 induero
1404 4571 1432 4583 -
1451 4546 1491 4597 ⁴³.
1507 4547 1605 4615 moto]

280 4621 354 4685 [opat
370 4620 493 4670 cTE-
513 4619 554 4671 ti.
572 4621 733 4674 ὸὶαυαᾶοὶαΕ
752 4649 779 4660 -
798 4619 1159 4684 commaneremus
1177 4647 1205 4657 -
1230 4621 1270 4671 to.
1288 4623 1503 4692 tcquuomE:
1527 4621 1607 4686 qod-

283 4691 334 4757 qod
352 4695 386 4755 T;
410 4707 552 4757 qua-quc
572 4697 593 4746 0
612 4722 639 4730 —
666 4697 707 4746 t't.
725 4709 803 4759 meru
823 4699 854 4759 te]
877 4698 965 4758 qooott
984 4696 1005 4747 E
1031 4721 1057 4730 -
1084 4709 1173 4760 qoam
1193 4696 1248 4746 dico
1268 4700 1292 4746 et
1310 4696 1409 4746 comior
1431 4697 1602 4750 Garatonius:

280 4770 378 4834 penoris
393 4770 448 4820 dico
465 4775 489 4820 ct
503 4770 610 4820 coortu&
626 4770 711 4820 TEO.
738 4770 787 4830 Qui
803 4769 948 4821 ablativum
964 4769 1157 4835 suppleverunt
1172 4771 1291 4834 dipem
1306 4769 1348 4820 vel
1364 4771 1543 4832 wtouorrvel
1560 4775 1605 4824 de-

280 4857 338 4895 coro
353 4857 406 4895 non
423 4846 617 4908 cogitaverunt,
636 4844 672 4894 ad
688 4857 731 4894 vv.
742 4859 794 4894 noo
808 4846 883 4894 oudo
897 4845 971 4895 robus
986 4844 1080 4896 saltem
1092 4845 1144 4895 dno
1161 4845 1324 4896 substantiva
1336 4845 1495 4909 apponenda
1512 4847 1601 4899 luisse.

282 4920 887 4984 -mamtctptorranT-t8.socs'ctotuT-
913 4927 1184 4982 nummorum
1205 4921 1270 4972 TE:
1296 4924 1602 4983 umponrmmoomno

282 5021 310 5034 —
332 4994 1601 5059 uouemere—asprenatum-ccoeTE-at.oponttomr-at.arueb

262 5068 602 5129 .-ss.uootcosT130;
626 5068 859 5121 sedel.v.3.-
883 5069 1077 5121 adulescentium
1093 5071 1112 5120 T
1129 5095 1157 5105 -
1182 5071 1222 5121 ll.
1241 5070 1290 5135 cro]
1307 5071 1350 5133 qut
1366 5070 1414 5121 ΤΕ
1433 5096 1461 5107 -
1479 5069 1602 5121 otium

279 5143 698 5207 T-28.ottqotT:cttqotrE
723 5170 750 5183 -
773 5143 937 5210 cJtort.c'c
958 5171 987 5182 -
1009 5144 1274 5206 tuprsrdccttomT-
1298 5144 1597 5208 Tautcopuosttrom.

279 5218 565 5270 T-ncocsrurtT-
591 5221 936 5283 opomaooromror-
960 5213 1251 5283 30.13mocdotusT-
1272 5218 1598 5284 3t.contsctu]couutoctn

277 5293 320 5346 vel
336 5295 469 5347 mosera
483 5297 504 5350 T
522 5321 549 5333 -
567 5294 609 5350 34.
626 5295 685 5347 totta
700 5297 729 5348 T.
