4009 6159
406 523 470 593 940
785 533 838 597 llll
860 531 1120 600 HARUSPICUM
1139 533 1359 600 RESPONSIS

407 702 537 766 domum
559 721 661 765 meam
681 699 802 766 iudicio
823 702 1011 786 ponfificum
1033 703 1186 787 religione
1207 705 1371 769 liberatam
1393 704 1502 770 videri.
1536 700 1587 770 ll.
1607 708 1655 770 lle
1674 707 1732 771 hoc

407 798 503 881 igitur
526 797 597 860 loco
619 815 708 860 sacro
730 797 930 880 potissimum
945 797 1094 862 ridentur
1113 798 1298 882 haruspices
1321 799 1436 874 dicere,
1457 801 1514 883 qni
1535 799 1626 864 locus
1647 800 1732 865 solus

407 911 448 954 ex
474 891 605 973 privatis
633 889 711 952 locis
734 890 880 954 omnibns
900 891 962 954 hoc
987 892 1158 975 praecipue
1180 894 1258 956 iuris
1279 894 1390 968 babet,
1422 901 1459 957 ut
1484 894 1524 957 ab
1552 895 1647 977 ipsis,
1681 895 1733 977 qui

406 987 504 1050 sacris
526 992 693 1067 praesunt,
716 1004 805 1048 sacer
826 1006 892 1048 non
914 1006 985 1050 esse
1009 986 1166 1050 indicatus
1189 987 1253 1051 sit?
1289 989 1406 1051 Verum
1427 987 1563 1052 referte:
1586 987 1673 1072 quod
1694 1007 1735 1049 ex

382 1086 534 1144 ssenatus
557 1079 702 1142 consulto
724 1078 829 1142 facere
852 1078 985 1143 debetis.
1028 1081 1094 1142 Aut
1113 1080 1205 1144 robis
1227 1081 1368 1164 cognitio
1392 1082 1535 1158 dabitur,
1563 1084 1619 1166 qui
1641 1082 1735 1166 primi

406 1173 445 1238 de
473 1174 533 1238 bac
562 1174 659 1236 domo
686 1174 875 1236 sententiam
897 1173 1023 1236 dixistis
1045 1181 1077 1236 et
1104 1194 1174 1238 eam
1196 1176 1351 1259 religione
1373 1177 1458 1238 omni
1480 1176 1653 1252 liberastis,
1680 1184 1736 1240 aut

404 1274 533 1332 senatus
555 1266 624 1349 ipse
645 1265 813 1342 iudicabit,
844 1266 900 1350 qui
922 1286 986 1330 uno
1009 1267 1065 1330 illo
1088 1269 1157 1331 solo
1179 1271 1320 1333 antistite
1342 1290 1503 1334 sacrorum
1525 1271 1734 1336 dissentiente

403 1361 678 1445 frequentissimus
706 1368 799 1424 antea
828 1360 993 1435 iudicarit,
1027 1369 1099 1436 aut,
1132 1362 1164 1425 id
1191 1364 1278 1446 quod
1300 1372 1385 1427 certe
1405 1361 1475 1440 fiet,
1506 1365 1546 1428 ad
1568 1361 1734 1449 pontifices

327 1513 330 1522 .
402 1457 581 1530 reiicietnr,
603 1473 738 1537 quorum
760 1455 955 1528 auctoritati,
978 1452 1069 1531 fidei,
1091 1457 1280 1538 prudentiae
1301 1458 1437 1522 maiores
1459 1461 1561 1522 nostri
1582 1479 1671 1524 sacra
1684 1479 1734 1521 re-

366 1551 601 1633 religionesque
623 1553 656 1610 et
676 1547 814 1632 privatas
836 1555 869 1612 et
888 1549 1032 1631 publicas
1047 1552 1317 1615 commendarunt
1349 1550 1435 1626 Quid
1457 1571 1533 1635 ergo
1554 1553 1576 1615 ii
1596 1561 1735 1634 possunt

403 1644 489 1708 aliud
511 1643 652 1708 indicare
675 1661 711 1704 ac
733 1642 974 1707 iudicaverunt?
1009 1645 1126 1708 Multae
1148 1653 1222 1708 sunt
1243 1645 1355 1710 domus
1377 1647 1411 1710 in
1432 1646 1492 1711 bae
1510 1645 1604 1720 urbe,
1626 1655 1732 1728 patres

402 1737 590 1822 conscripti,
620 1742 717 1819 atque
742 1735 826 1799 hand
858 1736 921 1800 scio
944 1757 984 1800 an
1012 1758 1114 1821 paene
1136 1748 1267 1804 cunctae
1288 1745 1358 1804 iure
1381 1741 1518 1823 optimo,
1548 1738 1604 1802 sed
1626 1747 1731 1803 tamen

402 1833 471 1896 iure
492 1831 626 1914 privato,
648 1830 716 1892 iure
736 1828 939 1905 hereditario,
961 1832 1029 1894 inre
1044 1834 1255 1908 auctoritatis,
1277 1835 1346 1897 iure
1369 1833 1529 1916 mancipii,
1551 1833 1621 1896 iure
1636 1833 1731 1896 nexi:

403 1947 484 2009 nego
513 1945 583 1988 esse
610 1921 707 1986 ullam
736 1922 865 1986 domum
887 1924 981 1988 aliam
1011 1926 1134 2008 privato
1162 1926 1275 1990 eodem
1307 1949 1369 2010 quo
1397 1946 1479 2010 qnae
1501 1926 1621 2008 optima
1649 1925 1730 2008 lege,

365 2019 531 2102 republico
553 2037 629 2080 vcro
652 2017 739 2080 omni
760 2019 932 2100 praecipuo
955 2026 988 2082 ct
1007 2019 1147 2083 humano
1170 2028 1203 2084 et
1224 2021 1332 2086 divino
1353 2023 1422 2086 inre
1444 2022 1615 2086 munitam:
1647 2041 1730 2103 qnae

401 2115 538 2198 primum
560 2107 746 2174 aedificatur
768 2132 809 2174 ex
823 2114 1011 2176 auctoritate
1028 2121 1154 2178 senatus
1172 2114 1309 2198 pecunia
1322 2116 1466 2198 publica,
1489 2112 1606 2178 deinde
1621 2121 1731 2178 contra

401 2210 466 2272 vim
487 2205 638 2270 nefariam
660 2204 754 2268 huius
787 2205 970 2287 gladiatoris
992 2214 1041 2270 tot
1061 2209 1164 2288 senati
1184 2210 1338 2273 consultis
1360 2210 1481 2274 munita
1502 2215 1599 2291 atque
1621 2214 1731 2290 saepta

401 2309 460 2366 est
503 2299 586 2362 Vlll.
608 2293 820 2362 l5.·Primum
849 2299 1010 2382 negotium
1037 2301 1138 2364 isdem
1167 2303 1399 2385 magistratibus
1429 2311 1479 2366 est
1506 2297 1614 2365 datum
1645 2319 1730 2364 anno

401 2395 581 2478 superiore,
602 2400 639 2456 ut
659 2399 806 2456 curarent
826 2399 863 2456 ut
884 2394 953 2458 sinc
974 2395 1006 2457 vi
1028 2393 1196 2458 aedificare
1218 2396 1297 2459 mibi
1318 2397 1445 2472 liceret,
1472 2396 1587 2479 quibus
1608 2395 1643 2457 in
1664 2415 1730 2458 ma-

363 2492 497 2556 resimis
519 2486 670 2573 periculis
690 2487 839 2552 universa
861 2507 912 2550 res
933 2487 1060 2570 publica
1081 2490 1297 2554 commendari
1319 2491 1418 2554 solet:
1443 2489 1560 2554 deiude
1581 2509 1653 2552 cum
1674 2487 1729 2551 ille

401 2587 487 2650 saxis
509 2592 541 2647 et
561 2580 686 2664 ignibus
709 2587 741 2643 et
761 2580 844 2644 ferro
865 2582 1046 2644 vastitatem
1068 2582 1148 2646 meis
1170 2584 1300 2647 sedibus
1321 2584 1499 2658 intulisset,
1521 2585 1663 2648 decrerit
1680 2604 1730 2646 se-

400 2689 493 2744 natus
515 2697 587 2750 eos,
609 2673 665 2758 qui
687 2672 720 2736 id
741 2673 906 2748 fecissent,
928 2674 998 2756 lege
1020 2675 1061 2738 de
1082 2677 1130 2751 ri,
1152 2697 1234 2760 quae
1257 2677 1360 2740 estin
1381 2697 1455 2752 eos,
1478 2679 1534 2758 qui
1549 2678 1729 2741 universam

399 2795 466 2838 rem
495 2770 653 2857 publicam
681 2774 932 2850 oppugnassent,
966 2770 1077 2833 teneri.
1118 2772 1215 2835 Vobis
1243 2790 1319 2835 vero
1345 2771 1572 2845 referentibus,
1605 2792 1625 2835 o
1655 2778 1730 2853 post

398 2867 562 2932 hominum
584 2862 766 2926 memorium
787 2860 952 2924 fortissimi
974 2870 1071 2948 atque
1093 2865 1204 2947 optimi
1224 2866 1386 2938 consules,
1410 2866 1551 2929 decrevit
1570 2864 1655 2928 idem
1676 2885 1728 2927 se·

361 2969 492 3030 assatus
513 2955 806 3042 frequentissimus,
829 2955 884 3036 qui
906 2977 1008 3020 meam
1030 2959 1157 3022 domum
1171 2959 1335 3033 uiolasset,
1358 2966 1465 3023 contra
1486 2959 1728 3042 rempublicam

400 3075 469 3120 esse
498 3053 664 3118 facturum.
716 3044 767 3111 46.
789 3051 876 3130 Nego
906 3050 971 3113 ullo
1001 3051 1042 3114 de
1071 3071 1166 3135 opere
1193 3053 1339 3136 publico,
1366 3052 1406 3115 de
1435 3062 1657 3129 monumento,
1688 3054 1727 3116 dc

399 3148 519 3232 templo
541 3153 589 3210 tot
610 3152 737 3209 senatus
759 3151 884 3207 exstare
907 3145 1070 3221 consulta,
1092 3155 1172 3230 quot
1193 3147 1232 3209 de
1255 3166 1327 3210 mea
1341 3147 1455 3221 domo,
1478 3166 1574 3229 quam
1597 3154 1726 3212 senatus

398 3263 494 3308 unam
522 3247 596 3323 post
623 3239 706 3303 hanc
727 3238 836 3302 urbem
858 3239 1061 3302 constitutam
1084 3261 1125 3303 ex
1145 3242 1266 3304 aerario
1288 3240 1533 3315 aedificandam,
1559 3261 1578 3302 a
1600 3238 1727 3325 pontifi·

398 3339 487 3401 cibus
508 3332 714 3408 liberandam,
737 3352 756 3395 a
778 3332 1015 3415 magistratibus
1038 3332 1281 3408 defendendam,
1302 3355 1323 3398 a
1343 3333 1503 3398 indicibus
1524 3334 1726 3398 muniendam

360 3437 534 3516 reputaret.
571 3431 604 3492 P.
625 3428 751 3491 Valerio
772 3445 831 3509 pro
853 3427 1000 3490 maximis
1022 3428 1056 3490 in
1078 3448 1145 3491 rem
1166 3427 1325 3512 publicam
1345 3424 1509 3491 beneficiis
1525 3427 1598 3494 data
1611 3428 1725 3492 domus

399 3527 501 3592 estin
523 3524 613 3588 Velia
634 3522 776 3606 publice,
806 3529 839 3584 at
868 3521 942 3583 mibi
972 3521 1007 3585 in
1035 3523 1156 3586 Palatio
1185 3523 1350 3587 restituta:
1382 3523 1431 3585 illi
1454 3522 1562 3597 locus,
1593 3530 1625 3586 at
1646 3521 1723 3584 mibi

397 3624 491 3686 otiam
513 3621 650 3703 parietes
671 3625 768 3699 atque
791 3623 925 3679 tectum:
947 3615 995 3678 illi
1018 3637 1114 3698 quam
1134 3616 1203 3701 ipse
1224 3618 1349 3699 privato
1371 3619 1440 3681 iure
1462 3623 1616 3691 tueretur,
1646 3615 1724 3679 mibi

397 3734 493 3798 quam
514 3711 640 3796 publice
662 3711 862 3792 magistratus
884 3728 994 3772 omnes
1019 3709 1236 3774 defenderent
1275 3712 1365 3787 Quae
1388 3711 1517 3794 quidem
1539 3729 1599 3793 ego
1621 3709 1726 3773 siant

396 3829 455 3892 per
475 3828 526 3871 mc
546 3813 602 3870 aut
622 3804 662 3870 ab
684 3803 755 3867 aliis
776 3803 941 3878 haberem,
964 3807 1037 3866 non'
1052 3803 1268 3889 praedicarem
1289 3805 1373 3889 apud
1387 3824 1464 3879 vos,
1486 3823 1527 3866 ne
1545 3804 1642 3867 nimis
1656 3803 1724 3886 glo-

359 3903 472 3966 artari
493 3901 634 3974 rideret,
663 3898 718 3962 sed
742 3918 814 3962 cum
835 3897 899 3960 sint
919 3898 996 3961 mibi
1018 3897 1091 3963 data
1114 3899 1260 3976 euobis,
1287 3921 1359 3964 cum
1380 3919 1419 3963 ea
1439 3905 1632 3962 attententur
1652 3897 1723 3958 eius

396 3994 522 4078 lingua,
544 3994 634 4058 cuius
656 3999 728 4057 anta
751 4011 845 4055 mann
867 4010 977 4055 eversa
999 4013 1057 4056 ros
1078 3993 1157 4056 mibi
1178 4000 1211 4057 et
1232 3995 1340 4058 liberis
1355 3993 1435 4058 meis
1449 3991 1595 4056 manibus
1609 3990 1722 4054 vestris

396 4088 594 4164 reddidistis,
623 4106 689 4150 non
711 4106 771 4170 ego
793 4085 834 4149 de
855 4086 953 4161 meis,
981 4086 1038 4150 sed
1060 4087 1100 4150 de
1122 4089 1237 4153 restris
1257 4088 1348 4152 factis
1369 4088 1501 4171 loquor,
1530 4106 1590 4149 nec
1611 4103 1724 4148 vereor

396 4205 437 4250 ne
458 4185 537 4250 baec
557 4202 629 4249 mea
648 4187 825 4248 vestrorum
846 4177 1072 4246 beneficiorum
1093 4180 1286 4266 praedicatio
1304 4201 1368 4246 non
1390 4189 1480 4265 grata
1499 4181 1605 4264 potius
1626 4197 1723 4264 qnam

458 4488 1177 4556 a.rocroom.E-s.rcnamrcomuuotdivise)s:
1198 4489 1722 4553 mommo-o.rstptons.1²

397 4591 424 4604 ··
444 4569 469 4618 9.
486 4567 667 4620 retcidrsrPG
686 4588 713 4600 -
733 4565 774 4616 40.
792 4565 926 4617 senon:
945 4566 1050 4616 4440-
1070 4566 1255 4617 tames
1274 4593 1301 4604 -
1327 4567 1367 4617 43.
1384 4563 1586 4627 mmoipiiGE:
1610 4562 1721 4623 mosomi

394 4641 476 4693 PblO
497 4668 524 4678 -
543 4641 583 4694 44.
602 4655 650 4704 ouo
667 4637 789 4704 qnaeP²t
809 4655 906 4703 quoqne
921 4641 1084 4693 1³¹Gl3n-
1104 4643 1144 4692 47.
1162 4641 1241 4691 macti
1257 4640 1422 4690 conalter:
1441 4637 1721 4690 mammantes

393 4716 461 4776 444ος
480 4714 514 4768 cl.
532 4729 559 4780 p.
578 4716 636 4778 908,
655 4717 694 4767 44.
714 4741 742 4750 -
763 4717 802 4767 43.
819 4717 896 4768 isdem
912 4720 946 4768 P:
970 4717 1057 4766 iisdem
1074 4718 1093 4767 0
1112 4742 1140 4754 -
1169 4717 1209 4767 43.
1227 4717 1360 4780 sesima
1375 4715 1436 4764 mibi
1453 4715 1487 4765 C:
1512 4713 1573 4762 mibi
1588 4713 1722 4776 mdiflcore

394 4789 461 4840 0-
482 4791 527 4841 2l.-
542 4787 638 4842 rcdibur
653 4787 757 4840 PE¹llz
782 4787 885 4840 oedibus
901 4789 1003 4850 ΕΜ
1027 4789 1060 4840 ct.
1078 4803 1106 4854 p.
1125 4789 1186 4851 9443,
1205 4789 1246 4840 43.
1264 4789 1321 4850 sol,
1339 4789 1380 4838 27.
1394 4813 1422 4824 -
1440 4787 1483 4838 23.
1499 4788 1633 4850 sarmatae
1648 4784 1718 4838 1²¹-

393 4863 434 4916 al.
453 4863 547 4927 optioni
562 4867 581 4916 P
595 4889 623 4902 -
641 4863 682 4915 Ξῖ.
701 4869 736 4916 tot
751 4877 806 4916 om.
825 4867 874 4916 GE
893 4891 920 4902 -
940 4865 1008 4930 quot]
1025 4867 1092 4928 qaod
1106 4861 1135 4916 Ρ1
1155 4891 1182 4901 -
1199 4863 1241 4913 29.
1258 4863 1420 4913 massadam
1435 4864 1529 4914 Petrus
1545 4862 1642 4914 Faber:
1657 4874 1720 4924 poo-

391 4940 523 4996 aeondam
538 4942 558 4991 P
574 4939 599 5004 (o
616 4940 643 4989 in
659 4940 775 5004 rasura);
790 4943 955 5003 poeniendam
972 4941 1115 5006 (superscr.
1130 4939 1175 5002 pu)
1194 4940 1228 4998 (ἢ
1238 4937 1392 5000 prorimdsm
1407 4938 1490 4988 Ello
1502 4963 1530 4973 -
1546 4937 1645 5000 putmit
1661 4933 1720 4985 llal·

393 5015 472 5064 mins.
484 5039 511 5050 -
531 5014 572 5064 34.
589 5014 617 5064 io
630 5013 699 5064 Velia
710 5013 808 5077 publico
818 5015 896 5066 lanus
907 5013 1068 5066 palmerius:
1087 5016 1114 5063 ta
1123 5013 1177 5063 olto
1187 5012 1289 5075 moloc
1299 5010 1341 5072 P¹;
1358 5013 1386 5063 in
1401 5013 1464 5063 uiuo
1476 5011 1579 5075 postico
1588 5009 1718 5063 nonu.

394 5091 433 5142 Cl.
451 5091 594 5140 esconium
610 5087 755 5141 Pedianum
772 5103 799 5154 p.
813 5090 853 5153 43,
866 5092 907 5142 ⁴2.
921 5117 949 5128 -
968 5096 997 5140 ot
1011 5103 1046 5140 m.
1064 5090 1100 5151 io]
1117 5089 1152 5139 od
1166 5101 1201 5139 m.
1219 5088 1331 5139 toP1-
1350 5087 1390 5139 32.
1402 5086 1471 5152 aab]
1489 5092 1518 5136 ot
1532 5087 1593 5136 mila
1609 5085 1720 5135 Garato-

394 5167 462 5218 nius.
483 5191 510 5202 -
529 5164 976 5228 bberanauflquooriattlll-
998 5165 1229 5228 mmmmm
1250 5161 1530 5226 summaldi!
1549 5186 1578 5199 -
1601 5159 1720 5211 snam

327 5244 329 5252 '
393 5241 490 5296 Pan:
508 5241 621 5294 aomo
641 5265 668 5277 -
687 5239 728 5292 38.
745 5243 834 5306 grato
850 5242 879 5292 Ρ.
