4009 6159
637 654 641 663 .
736 605 809 670 Car.
830 605 965 670 iii-v.
994 603 1040 688 ὃς
1062 600 1189 668 6-tt.
1341 648 1348 666 .
1541 595 1623 666 tito

299 770 433 837 interfici
464 773 553 838 netas
582 782 676 838 esset.
710 778 820 858 ltaque
847 775 923 850 hoc,
951 774 1090 849 iudices,
1119 795 1184 838 nou
1210 773 1279 837 sine
1309 791 1402 838 eausa
1429 772 1522 836 etiam
1544 769 1624 837 lictis

297 866 412 930 fabulis
434 867 608 932 doctissimi
629 868 773 932 homiues
795 870 966 932 memoriae
987 869 1211 950 prodiderunt,
1241 889 1329 942 cum,
1351 868 1407 952 qui
1428 868 1525 951 patris
1546 869 1625 931 ulci-

299 962 408 1023 scendi
431 981 523 1025 causa
545 971 676 1025 matrem
697 965 891 1036 necavisset,
913 963 1042 1025 variatis
1065 963 1229 1026 hominum
1248 963 1414 1025 sententiis
1436 981 1500 1025 non
1523 962 1623 1026 solum

256 1059 260 1065 '
299 1053 423 1128 dimna,
453 1055 508 1118 sed
539 1058 634 1119 etiam
656 1058 908 1140 sapientissimae
930 1056 1008 1118 deae
1031 1057 1187 1119 sententia
1209 1055 1386 1118 liberatum.
1430 1052 1459 1117 9.
1483 1055 1575 1132 Quod
1597 1056 1625 1118 si

298 1146 464 1211 duodecim
493 1149 621 1212 tabulae
650 1160 837 1213 nocturnum
859 1150 961 1214 iurem
984 1171 1114 1234 quoquo
1137 1151 1248 1225 modo,
1278 1149 1426 1212 diurnum
1448 1157 1570 1224 autem,
1599 1150 1649 1212 sit

298 1261 333 1304 se
362 1242 426 1305 telo
455 1241 654 1317 defenderet,
686 1243 821 1306 interfici
852 1245 982 1326 impune
1002 1243 1191 1318 voluerunt,
1225 1244 1297 1327 quis
1320 1251 1368 1306 est
1390 1245 1463 1326 qui,
1498 1262 1626 1326 quoquo

297 1337 392 1398 modo
414 1338 487 1420 quis
509 1336 693 1400 interiectus
716 1337 772 1412 sit,
798 1338 996 1420 puniendum
1019 1343 1126 1418 putet,
1149 1357 1221 1399 cum
1242 1337 1349 1400 videat
1368 1336 1541 1418 aliquando
1563 1334 1628 1418 gla-

298 1428 384 1491 dium
407 1429 500 1492 nobis
522 1431 562 1493 ad
594 1431 754 1495 hominem
777 1430 986 1494 occidendum
1008 1431 1048 1491 ab
1070 1432 1145 1515 ipsis
1169 1430 1288 1513 porrigi
1310 1430 1456 1512 legibus?
1499 1430 1551 1492 IV.
1574 1432 1627 1492 At·
1745 1477 1747 1483 .

298 1523 355 1604 qui
377 1524 404 1585 si
426 1531 551 1607 tempus
573 1534 622 1588 est
641 1523 743 1587 ullum
764 1525 833 1587 iure
854 1522 995 1588 hominis
1018 1523 1169 1599 necandi,
1201 1544 1283 1607 quae
1305 1525 1402 1588 multa
1423 1530 1512 1598 sunt,
1543 1529 1627 1586 certe

297 1615 376 1678 illud
399 1626 532 1682 estnon
555 1619 651 1682 modo
672 1618 807 1692 iustum,
829 1638 939 1681 verum
963 1617 1058 1680 etiam
1082 1619 1312 1693 necessarium,
1334 1639 1406 1680 cum
1421 1618 1452 1681 vi
1472 1619 1520 1681 vis
1541 1617 1664 1681 illatato

298 1709 489 1774 detenditur.
521 1712 706 1776 Pudicitiam
730 1731 801 1774 cum
823 1713 959 1795 eriperet
980 1711 1073 1774 militi
1097 1713 1240 1775 tribuum
1261 1711 1408 1775 militaris
1429 1712 1463 1774 in
1487 1711 1627 1775 exercitu

300 1803 333 1865 C.
355 1805 460 1878 Marii,
489 1808 686 1898 propinquus
715 1807 785 1871 eius
814 1805 1032 1888 imperatoris,
1060 1805 1245 1870 interiectus
1275 1805 1374 1869 abeo
1398 1812 1460 1879 est,
1490 1806 1542 1869 cui
1564 1804 1628 1869 vim
1737 1767 1769 1882 ί

258 1957 261 1964 .
297 1899 462 1976 afferebam
483 1892 589 1963 faceia
611 1900 695 1962 enim
718 1900 835 1981 probus
858 1899 1044 1962 adolescens
1065 1901 1243 1982 periculose
1266 1919 1361 1983 quam
1382 1899 1506 1982 perpeti
1527 1899 1629 1981 turpi·

297 2001 345 2055 ter
372 1994 490 2057 maluit.
530 1995 635 2076 Atque
663 1995 748 2056 hunc
771 1993 827 2055 illo
849 2012 991 2055 summus
1013 1993 1062 2056 vir
1084 1993 1204 2057 scelere
1226 1994 1363 2057 solutum
1385 1993 1527 2076 periculo
1549 1993 1629 2057 libe-

279 2087 386 2149 ·ravit.
430 2082 480 2148 to.
509 2086 692 2150 insidiatori
720 2107 796 2150 vero
827 2093 859 2148 et
887 2086 1001 2148 latrem
1033 2101 1114 2168 quae
1144 2094 1250 2169 potest
1271 2086 1381 2151 inferri
1402 2087 1522 2150 iniusta
1542 2091 1666 2151 nexile
1701 2117 1705 2124 ·
1757 2139 1771 2175 a

297 2179 381 2255 Quid
404 2181 569 2244 comitatus
590 2181 707 2255 nostri,
730 2179 809 2263 quid
832 2179 926 2262 gladii
941 2180 1075 2266 volunt?
1098 2200 1179 2263 quos
1200 2181 1317 2244 habere
1332 2187 1414 2244 certe
1429 2199 1495 2243 non
1509 2179 1627 2254 liceret,
1750 2182 1773 2214 ²*

296 2274 391 2336 siuti
413 2273 483 2337 illis
499 2274 588 2337 nullo
611 2282 703 2356 pacto
727 2274 847 2336 liceret.
879 2274 937 2335 Est
958 2273 1054 2354 igitur
1074 2273 1166 2356 hage,
1188 2275 1319 2349 iudices,
1340 2293 1406 2337 non
1421 2275 1549 2357 scripta,
1571 2274 1628 2338 sed
1708 2235 1802 2354 Jo,

207 2417 211 2424 .
296 2373 371 2429 nata
391 2368 461 2442 lex,
492 2389 587 2451 quam
612 2388 678 2432 non
700 2367 885 2439 didicimus,
915 2367 1114 2448 accepimus,
1142 2367 1291 2450 legimus,
1321 2388 1430 2432 rmum
1452 2388 1494 2432 ex
1514 2373 1628 2432 natura

295 2461 364 2541 ipsa
384 2461 594 2544 arripuimus,
621 2462 804 2537 hausimus,
835 2460 1068 2543 expressimus,
1091 2460 1131 2524 ad
1154 2479 1249 2543 00000
1269 2481 1336 2525 non
1357 2461 1443 2525 docti
1465 2462 1520 2526 sed
1541 2461 1627 2535 iacti,

294 2572 360 2616 non
381 2554 518 2618 instituti
541 2555 597 2618 sed
620 2556 732 2619 imbuti
754 2575 874 2629 sumus,
896 2563 947 2628 ut,
969 2555 996 2616 si
1020 2556 1082 2617 vita
1104 2555 1269 2618 nostruin
1291 2554 1413 2639 aliquas
1434 2555 1578 2630 insidias,
1600 2555 1665 2620 siao
1754 2581 1757 2586 ¹

258 2674 262 2683 ¹
295 2647 328 2709 io
349 2647 413 2711 vim
435 2657 468 2710 et
487 2649 521 2710 in
544 2648 608 2712 tela
628 2657 685 2712 aut
705 2649 863 2712 latronum
885 2655 941 2712 aut
959 2649 1160 2712 inimieorum
1175 2648 1356 2724 incidisset,
1378 2649 1481 2712 omnis
1495 2648 1627 2713 honesta

294 2742 375 2804 ratio
405 2749 490 2805 esset
518 2742 737 2824 expediendae
766 2742 889 2805 salutis.
933 2736 984 2804 44.
1009 2742 1111 2804 Sileni
1137 2742 1221 2804 enim
1249 2741 1335 2826 leges
1356 2743 1440 2805 inter
1460 2761 1546 2808 arma
1567 2762 1626 2806 nec

295 2855 329 2898 se
352 2837 528 2920 exspectari
549 2837 672 2909 iubent,
703 2858 773 2900 cum
800 2838 846 2911 ei,
879 2837 936 2919 qui
958 2843 1143 2917 exspectare
1164 2833 1260 2909 velit,
1288 2843 1362 2898 ante
1384 2835 1502 2898 iniusta
1523 2854 1626 2919 poena

294 2930 412 2994 luenda
432 2932 475 2994 sit
496 2949 592 3014 quam
613 2932 696 2993 iusta
717 2932 910 3013 repetenda:
933 2930 994 2993 etsi
1018 2931 1239 3013 persapienter
1260 2936 1292 2992 et
1313 2928 1452 3013 quodam
1469 2929 1564 2993 modo
1579 2937 1626 2992 ta-

294 3025 356 3087 cite
378 3023 433 3087 dat
452 3023 522 3106 ipsa
543 3023 596 3085 lex
619 3032 807 3106 potestatem
829 3022 1038 3097 defendendi,
1064 3043 1147 3106 quae
1170 3043 1234 3088 nou
1251 3021 1415 3087 hominem
1429 3021 1545 3097 occidi,
1568 3022 1662 3091 sedas

294 3137 365 3181 esse
386 3139 458 3181 cum
479 3118 542 3180 telo
564 3117 702 3181 hominis
725 3117 890 3182 occidendi
911 3137 1006 3180 causa
1028 3124 1128 3191 vetat,
1150 3125 1205 3192 ut,
1227 3137 1299 3180 cum
1314 3136 1423 3192 causa,
1446 3136 1512 3180 non
1525 3116 1623 3180 telum

167 3226 175 3240 ⁸
294 3219 518 3294 quaereretur,
540 3212 597 3295 qui
618 3212 668 3275 sui
690 3211 881 3274 defendendi
903 3231 999 3275 causa
1021 3210 1084 3274 telo
1107 3219 1191 3274 esset
1211 3230 1304 3286 usus,
1327 3231 1391 3274 non
1411 3210 1548 3274 hominis
1570 3230 1624 3273 oc·

293 3305 420 3369 cidendi
449 3325 545 3369 causa
570 3305 720 3369 habuisse
748 3306 845 3368 telum
876 3305 1078 3368 iudicaretur.
1121 3303 1328 3388 Quapropter.
1349 3303 1412 3367 hoc
1438 3310 1564 3366 maneat
1589 3305 1622 3366 in

294 3418 403 3473 causa,
424 3398 566 3475 iudices;
587 3419 652 3461 non
676 3398 760 3462 enim
782 3400 892 3462 dubito
914 3400 993 3482 quin
1015 3397 1204 3480 probaturus
1222 3398 1283 3461 sim
1301 3398 1391 3461 vobis
1405 3396 1621 3460 defensionem

294 3512 422 3600 ineam,
436 3493 464 3556 si
484 3492 517 3554 id
540 3492 762 3566 memineritis,
785 3492 871 3579 quod
893 3492 1040 3556 oblivisci
1061 3509 1128 3554 non
1149 3493 1298 3574 potestis,
1319 3490 1538 3562 insidiatorem
1551 3490 1660 3562 inraso

291 3581 661 3764 mteriiii]lpidusedquitur
686 3679 784 3755 illud,
811 3680 899 3763 quod
926 3700 945 3744 a
971 3679 1101 3744 Milonis
1130 3680 1266 3744 inimicis
1288 3678 1475 3764 saepissime
1496 3679 1620 3752 dicitur,

292 3773 438 3850 caedem,
465 3774 501 3837 in
528 3793 592 3858 qua
619 3776 653 3837 Ρ.
676 3774 805 3837 Clodius
832 3775 957 3839 occisus
979 3781 1046 3848 est,
1075 3781 1219 3838 senonim
1241 3773 1400 3839 iudicasse
1421 3781 1531 3838 contra
1551 3791 1619 3836 rem

357 4103 382 4152 4.
398 4101 487 4163 ltaque
501 4101 728 4152 4000--000400440
744 4102 875 4152 liberatam
890 4101 974 4151 habet
989 4099 1161 4161 Quintilianus
1177 4100 1210 4162 V,
1229 4102 1269 4163 44,
1289 4099 1329 4151 43.
1350 4128 1378 4139 -
1397 4102 1422 4152 4.
1440 4114 1510 4164 mm,
1528 4101 1618 4162 qut--

291 4175 547 4228 semustae
561 4203 588 4214 -·
602 4176 626 4229 i.
639 4177 725 4227 440400
737 4178 767 4227 S:
786 4178 887 4227 44004000
898 4175 1011 4225 TEHW
1025 4200 1052 4210 —
1066 4175 1137 4238 Quod
1152 4175 1199 4225 st-
1209 4175 1332 4238 -pom'pi
1342 4174 1527 4240 ammonebat
1540 4177 1619 4238 Quin·

293 4250 397 4302 titanus
407 4250 438 4312 V,
452 4249 492 4312 ti,
506 4251 545 4301 444.
556 4277 582 4287 -
601 4252 625 4301 e.
643 4251 690 4302 Xtt
705 4251 753 4301 TE
772 4277 799 4288 -
818 4252 842 4301 6.
860 4251 998 4314 defenderet
1014 4249 1080 4299 TE:
1098 4249 1233 4313 6040440044
1249 4250 1269 4300 O
1283 4275 1310 4286 -
1329 4250 1422 4313 topace
1437 4253 1497 4302 Ε-
1517 4252 1541 4302 7.
1559 4250 1618 4316 pic-

291 4326 362 4376 0440004
376 4325 600 4390 moe-porrus
615 4325 708 4389 leptim
722 4325 824 4376 habent
839 4327 874 4386 Bt
893 4323 1037 4375 Diomedes
1054 4337 1081 4389 p.
1094 4324 1152 4385 466,
1171 4326 1217 4386 46;
1236 4323 1315 4374 lulius
1326 4324 1416 4376 Victor
1426 4339 1453 4391 p.
1466 4325 1523 4388 att,
1537 4325 1616 4376 36..-

292 4403 317 4454 8.
333 4402 411 4467 00440]
427 4402 497 4453 coiis
512 4403 613 4453 interim
629 4401 708 4453 iulius
720 4404 817 4453 Victor.
834 4429 859 4440 -
875 4402 909 4451 od
924 4401 1047 4450 4000400040
1063 4400 1222 4450 000404000οὶ000
1238 4398 1299 4449 TE:
1319 4398 1351 4449 04
1362 4400 1418 4464 (stc)
1436 4401 1559 4452 4040404000
1574 4413 1618 4451 oc·

291 4479 422 4529 04040440οη4
436 4479 473 4539 B,
491 4491 544 4529 om.
557 4477 741 4540 Quintilianus,
759 4477 911 4538 Diomedes,
929 4474 1009 4526 tulius
1026 4475 1124 4526 Victor.
1146 4503 1173 4516 -
1189 4475 1289 4538 0040404
1305 4475 1415 4525 acone
1430 4474 1523 4538 40046000
1537 4473 1618 4527 lulius

291 4553 390 4604 Victor.
409 4580 437 4591 —
458 4553 534 4616 ,440004
544 4579 582 4591 --
592 4553 697 4604 mendi
712 4552 796 4603 habet
812 4553 831 4603 B
849 4578 877 4588 -
903 4551 943 4600 44.
962 4551 1109 4602 Pudicitiam
1121 4575 1159 4587 ·-
1170 4547 1382 4600 meantime
1398 4549 1569 4609 Quintilianus
1585 4547 1617 4611 V,

292 4630 332 4690 44,
352 4630 393 4679 46.
412 4654 441 4668 -
468 4628 508 4680 43.
525 4629 757 4692 secere--mctuit
777 4627 848 4678 idem
864 4626 934 4686 Vnt,
952 4627 977 4687 6,
996 4626 1037 4676 44.
1057 4651 1084 4661 -
1110 4625 1253 4675 0404000000
1268 4625 1288 4674 Τ
1315 4650 1342 4661 -
1370 4625 1410 4675 46.
1426 4624 1618 4676 4004440404--

291 4703 359 4754 000440
372 4708 448 4766 pactu
463 4703 546 4754 liceret
562 4702 644 4753 habet
660 4701 831 4762 Quintilianus
847 4703 878 4763 V,
897 4700 938 4762 ti,
957 4701 1001 4761 te;
1023 4700 1167 4766 Insidiatori
1177 4727 1193 4739 -
1202 4725 1217 4737 ·
1228 4699 1324 4749 40400440
1343 4709 1395 4748 oco
1409 4699 1557 4751 Priscianus
1573 4698 1617 4759 Vl,

292 4778 332 4841 48,
349 4777 391 4830 443.
411 4804 438 4816 -
455 4779 515 4840 oce]
531 4778 574 4829 4004
591 4779 611 4828 E
630 4801 657 4813 -
678 4778 717 4826 47.
735 4777 779 4827 list
793 4777 885 4840 ipttur,
908 4775 1227 4838 40044000--000000040000
1242 4772 1326 4825 hahet
1341 4771 1513 4832 Quintilianus
1530 4772 1572 4834 tx,
1591 4770 1616 4834 3,

291 4853 338 4914 83;
355 4869 407 4905 sos
421 4855 531 4917 scripto,
552 4854 595 4904 aed
610 4858 675 4903 0040
691 4852 733 4902 tem
749 4853 890 4903 Martianus
908 4848 1016 4914 Capella
1033 4849 1048 4913 ᾗ
1065 4851 1122 4901 eso.
1142 4876 1169 4887 -
1194 4849 1274 4914 tpitor
1290 4847 1365 4898 4Εὸ
1383 4848 1410 4897 04
1427 4845 1616 4907 Quintilianus:

291 4929 357 4980 00404
373 4930 434 4980 0-
454 4929 493 4979 ta.
511 4929 740 4980 masalmae
756 4927 839 4976 TS—
860 4927 901 4978 to.
918 4925 1186 4976 4004000004-
1204 4924 1247 4974 at.
1264 4927 1288 4973 04
1305 4921 1384 4971 TES:
1402 4921 1497 4973 040-
1515 4920 1557 4972 43.
1575 4919 1619 4970 St-

291 5002 342 5053 leat
357 5003 613 5066 00400--000040040
628 5001 712 5053 habet
728 4999 899 5062 Quintilianus
914 5001 946 5063 V,
965 5001 1006 5063 tt,
1020 5001 1065 5057 ⁴73
1084 4998 1162 5049 Sttest
1178 4999 1244 5050 00404
1260 4997 1324 5062 tepet
1338 4995 1405 5046 ieter
1419 5007 1495 5046 04040
1510 4994 1619 5045 Servitus

292 5077 328 5129 ad
342 5077 439 5142 Vergil.
454 5077 508 5129 Eci.
521 5079 547 5140 9,
560 5079 587 5129 44
599 5093 606 5138 3
625 5075 712 5128 schol.
729 5077 828 5127 Lucani
844 5078 864 5139 i,
881 5076 929 5127 277
942 5077 969 5125 et
979 5076 1011 5136 lt,
1024 5075 1086 5134 2523
1105 5071 1185 5124 iulius
1197 5071 1288 5123 Victor
1302 5074 1365 5133 (om.
1378 5070 1453 5134 00400)
1464 5083 1491 5135 p.
1504 5069 1562 5130 att,
1575 5068 1617 5120 36.

295 5152 383 5204 -aa
401 5147 1143 5217 mereor-ee.soec:nonmoceres—at.
1161 5145 1388 5212 0000404046-
1408 5145 1449 5196 29.
1467 5141 1619 5206 didthio-

294 5227 348 5277 dtco
364 5228 384 5279 Τ
403 5254 431 5265 -
448 5240 504 5278 mou
519 5227 539 5279 'l'
556 5252 584 5265 -·
602 5226 643 5278 34.
660 5227 767 5290 4004004400·
787 5225 843 5276 iure
858 5226 879 5278 E
895 5225 977 5276 solus.
992 5251 1019 5263 -
1038 5219 1343 5289 succensuisset.
1361 5217 1421 5272 coll.
1441 5233 1470 5286 p.
1483 5215 1557 5280 4464,
1575 5215 1617 5267 46.

293 5302 368 5366 4467,
386 5302 427 5355 28.
448 5330 476 5342 ·-
498 5301 539 5355 33.
557 5306 618 5358 emt
632 5299 706 5354 idem
722 5299 781 5354 ooli.
799 5314 827 5367 p.
845 5301 918 5364 4464,
935 5301 961 5351 2.
