4009 6159
406 532 470 605 800
823 542 974 611 omno
995 545 1077 613 PRO
1097 546 1133 615 Ι..
1153 548 1312 618 FLACCO

406 736 444 779 ac
470 717 626 780 vetustate
655 708 843 789 defendant,
872 734 968 800 quem
995 716 1279 790 baee,communis
1299 727 1444 787 nocuum
1464 725 1608 790 omnium
1627 727 1733 810 patria

406 818 536 895 propter
552 812 709 872 recentem
724 807 838 873 summi
851 807 996 875 beneficii
1012 812 1197 879 memoriam
1211 815 1378 899 complexa
1392 823 1513 892 tenmt,
1534 817 1620 883 hune
1635 820 1732 885 etiam

404 907 432 969 si
452 912 522 970 tota
540 902 615 967 Asia
635 902 781 986 deposcit
799 904 841 969 ad
862 906 1070 990 supplicium,
1092 906 1277 984 defendam,
1298 910 1454 974 resistam.
1493 911 1601 988 Quid?
1623 914 1650 977 si
1674 933 1732 977 ne-

405 1022 469 1087 que
489 1006 555 1065 tota
575 1016 681 1081 neque
702 996 822 1080 optima
842 1018 947 1084 neque
968 1002 1150 1085 incorrupta
1171 1021 1278 1087 neque
1299 1024 1359 1068 sua
1379 1012 1491 1088 sponte
1512 1025 1572 1070 nec
1586 1006 1656 1073 iure
1669 1028 1731 1071 nec

379 1104 489 1160 tmere
516 1112 576 1157 nec
603 1111 678 1156 vere
706 1110 765 1156 neo
786 1092 935 1176 religiose
956 1114 1017 1159 nec
1037 1095 1177 1178 integre,
1208 1098 1235 1161 si
1255 1097 1408 1180 impulsa,
1436 1100 1463 1163 si
1491 1100 1675 1177 sollicitata,
1701 1100 1730 1165 si

401 1188 573 1262 concitata,
595 1185 622 1249 si
643 1190 768 1261 coacta,
789 1185 817 1251 si
838 1186 953 1269 impie,
975 1188 1003 1251 si
1026 1194 1162 1266 temere,
1185 1190 1213 1253 si
1235 1191 1368 1274 cupide,
1390 1192 1418 1255 si
1441 1193 1660 1259 inconstanter
1672 1213 1730 1259 no-

401 1303 474 1347 men
502 1300 594 1346 suum
622 1279 708 1343 misit
735 1278 768 1342 in
793 1278 855 1343 hoc
881 1279 1036 1345 iudicium
1063 1304 1121 1368 per
1148 1284 1369 1366 egentissimos
1391 1292 1503 1362 testes,
1534 1286 1603 1370 ipsa
1623 1296 1730 1353 autem

398 1377 479 1443 nihil
499 1374 590 1461 queri
603 1394 678 1439 vere
700 1374 739 1437 de
753 1372 878 1438 iniuriis
892 1381 1014 1457 potest,
1037 1384 1202 1452 tamenne,
1223 1376 1365 1454 iudices,
1387 1378 1467 1444 baec
1481 1379 1521 1445 ad
1539 1379 1636 1445 breve
1649 1389 1729 1445 tem·

399 1492 458 1556 pus
480 1470 588 1536 audita
607 1466 773 1551 longinqui
793 1469 945 1551 temporis
967 1470 1166 1553 cognitarum
1187 1490 1294 1535 rerum
1315 1471 1413 1536 fidem
1435 1471 1653 1557 derogabuuti

362 1576 390 1625 te
482 1562 611 1628 Tenebo
632 1562 728 1645 igitur
746 1560 833 1625 bunc
853 1561 996 1627 ordinem
1018 1561 1184 1639 defensor,
1218 1584 1314 1649 quem
1335 1564 1415 1649 fugit
1436 1566 1599 1642 inimicus,
1622 1576 1656 1632 et
1674 1588 1728 1633 ac·

398 1665 575 1724 conatorem
596 1654 717 1739 urgebo
738 1662 833 1740 atque
854 1658 1006 1741 insequar
1027 1664 1059 1722 et
1080 1658 1163 1723 stltro
1179 1659 1300 1724 crimen
1316 1660 1356 1724 ab
1371 1659 1553 1726 adversario
1568 1662 1725 1746 flagitabo.

398 1752 484 1831 Quid
506 1760 571 1828 est,
592 1749 702 1813 Laelii
729 1750 891 1834 Numquid
913 1770 950 1814 ea
972 1750 1165 1816 d..d..ea
1188 1753 1382 1817 ..i...noi
1413 1755 1469 1839 qui
1491 1756 1639 1840 equidem
1660 1776 1727 1821 non

395 1848 429 1911 in
449 1846 560 1910 umbra
581 1863 686 1929 neque
706 1842 741 1907 in
762 1842 849 1907 illius
871 1844 983 1908 aetatis
1006 1845 1183 1928 disciplinis
1201 1849 1387 1932 artibusque
1402 1857 1548 1915 versatus
1563 1857 1622 1915 est.
1652 1851 1726 1915 lite·

395 1940 462 2005 nim
490 1959 568 2025 puer
593 1959 664 2003 cum
691 1945 781 2023 patre
810 1936 941 2002 consule
962 1940 1003 2003 ad
1023 1939 1144 2004 bellum
1166 1950 1216 2007 est
1234 1940 1406 2027 profectus.
1452 1944 1609 2009 Nimirum
1629 1945 1726 2010 ctiam

359 2037 457 2101 tihoc
477 2034 547 2120 ipso
568 2033 696 2098 nomine
717 2030 840 2116 aliquid
862 2032 988 2097 ..iesus
1011 2032 1030 2069 '⁵
1045 2032 1093 2070 '¹'

653 2175 847 2239 Fmeunurr
868 2194 889 2239 a
913 2174 1112 2240 Senonum
1134 2178 1285 2243 Bonmxss
1306 2197 1457 2244 smvsrs.

480 2298 543 2364 Sed
566 2298 593 2363 si
614 2316 718 2383 neque
740 2295 834 2361 Asiae
855 2296 997 2362 luxuries
1019 2297 1271 2364 infirmissimum
1292 2307 1418 2385 tempus
1432 2301 1544 2367 aetatis
1562 2304 1724 2385 potuitve-

396 2398 507 2480 luptote
528 2409 719 2475 corrumpere
740 2389 759 2426 *
772 2388 792 2426 *
805 2390 824 2427 *

478 2491 528 2555 Ex
548 2487 611 2552 hoc
631 2485 742 2551 aetatis
763 2487 862 2571 gradu
884 2507 918 2553 se
941 2487 981 2553 ad
1003 2488 1177 2553 exercitum
1201 2488 1234 2554 C.
1257 2490 1361 2555 Flacci
1384 2491 1489 2575 patrui
1512 2490 1656 2555 contulit.

356 2604 387 2653 ro
479 2583 637 2648 Tribunus
667 2580 811 2646 militaris
841 2602 912 2646 cum
940 2585 974 2646 P.
998 2582 1133 2647 Servilio
1161 2584 1346 2667 gravissimo
1375 2591 1407 2648 ei
1435 2586 1634 2652 sanctissimo
1655 2586 1723 2679 cive

417 2678 566 2745 reiectus.

395 2703 417 2765 p
479 2774 622 2850 Quonim
645 2769 846 2855 amplissimis
868 2770 995 2835 iudiciis
1018 2778 1148 2837 ornatus
1170 2780 1322 2857 quaestor
1341 2772 1442 2839 iactus
1463 2782 1522 2840 est

477 2871 518 2934 ll.
533 2867 667 2941 Pisone,
689 2864 744 2950 qui
760 2885 937 2947 cognomen
951 2865 1160 2947 imgalitatis,
1177 2865 1240 2929 nisi
1254 2868 1438 2951 accepisset,
1453 2870 1521 2954 ipse
1535 2868 1721 2956 peperisset.

475 2963 564 3027 ldem
580 2978 702 3025 ‘novum
723 2958 843 3023 bellum
865 2960 1005 3044 suscepit
1027 2966 1122 3044 atque
1144 2959 1292 3024 confecit

353 3074 383 3125 25
474 3059 546 3123 Non
568 3054 663 3119 Asiae
683 3052 834 3130 testibus,
858 3052 914 3117 sed
936 3052 1172 3118 accusatoribus
1194 3053 1474 3120 contubernalibus
1489 3054 1621 3121 traditus
1637 3054 1656 3091 *
1668 3056 1687 3090 e
1701 3055 1721 3087 ¹*

474 3210 529 3271 ill.
551 3204 582 3269 6.
602 3205 696 3269 Hunc
722 3202 820 3287 igitur
840 3203 958 3278 virum,
988 3202 1094 3279 Laeli,
1124 3203 1242 3289 quibus
1265 3203 1393 3269 tandem
1414 3206 1508 3271 rebus
1530 3209 1719 3291 oppugnari

390 3301 462 3367 Fuit
488 3302 521 3364 P.
545 3299 680 3363 Servilio
709 3297 900 3381 imperatore
928 3298 962 3360 in
985 3297 1094 3362 Cilicia
1114 3298 1261 3362 tribunus
1284 3298 1437 3363 militum:
1466 3320 1504 3364 ea
1524 3321 1576 3365 res
1598 3300 1719 3364 siletur.

390 3395 462 3460 Fuit
482 3394 524 3457 ll.
545 3393 654 3457 Pisoni
676 3397 826 3476 quaestor
847 3392 879 3454 in
901 3390 1073 3474 Hispania:
1094 3412 1157 3457 vox
1178 3390 1218 3455 de
1240 3399 1411 3482 quaestura
1432 3394 1530 3459 missa
1549 3394 1639 3458 nulla
1659 3401 1718 3458 est.

389 3490 513 3554 Bellum
536 3487 684 3551 Cretense
707 3505 749 3549 ex
770 3503 883 3567 magna
909 3492 999 3566 parte
1021 3484 1120 3566 gessit
1140 3494 1236 3569 atque
1257 3505 1322 3550 una
1343 3505 1416 3549 cum
1438 3507 1560 3552 summo
1582 3489 1719 3572 impera·

351 3594 458 3651 actore
478 3580 649 3646 sustinuit:
671 3584 757 3643 muta
779 3585 828 3641 est
848 3575 942 3641 huius
964 3578 1114 3661 temperis
1128 3578 1297 3643 accusatio.
1329 3580 1499 3646 Psaeturae
1513 3582 1592 3646 iuris
1608 3580 1717 3655 dictio,

388 3698 440 3742 res
468 3673 554 3741 varia
581 3681 615 3736 et
634 3672 803 3756 multiplex
825 3671 864 3735 ad
886 3670 1085 3756 suspiciones
1106 3680 1139 3737 et
1158 3671 1350 3748 simultates,
1378 3693 1445 3738 non
1466 3675 1640 3759 attingitur.
1676 3674 1718 3737 At

387 3791 463 3839 vero
485 3770 520 3832 in
540 3786 665 3833 summo
688 3774 720 3830 et
740 3764 1010 3849 pericadosissimo
1031 3764 1079 3828 rei
1097 3764 1243 3848 publicae
1258 3772 1400 3851 tempore
1416 3768 1511 3832 etiam
1524 3765 1565 3831 ab
1579 3767 1717 3831 inimicis

388 3865 499 3931 eadem
525 3868 674 3948 praetura
702 3860 859 3923 laudatur.
903 3860 944 3923 At
972 3878 992 3921 a
1021 3858 1154 3922 testibus
1184 3859 1328 3924 laeditur.
1370 3863 1453 3925 Ante
1481 3881 1577 3946 mam
1606 3862 1677 3925 dico
1698 3880 1719 3925 a

387 3957 519 4044 quibus,
541 3974 606 4039 qua
626 3976 703 4040 spe,
725 3973 788 4038 qua
808 3954 856 4028 vi,
878 3971 942 4037 qua
965 3972 1000 4016 re
1023 3953 1205 4029 concitatis,
1228 3974 1292 4038 qua
1313 3955 1457 4031 levitate,
1481 3976 1546 4041 que
1566 3960 1717 4038 egestate,

347 4074 377 4122 as
388 4074 452 4140 qua
473 4048 622 4137 perfidia,
645 4068 710 4134 qua
731 4046 863 4112 audacia
882 4046 1050 4131 praeditis,
1072 4046 1174 4111 dicam
1189 4047 1229 4111 de
1243 4066 1360 4131 genere
1374 4051 1523 4114 universo
1539 4056 1571 4114 et
1586 4049 1626 4113 de
1641 4067 1717 4112 con·

386 4148 510 4213 ditione
532 4145 674 4210 omnium
695 4150 849 4206 nostrum.
885 4143 946 4205 Fer
967 4141 1044 4204 deos
1065 4140 1275 4205 immortales!
1298 4141 1438 4217 iudices,
1459 4162 1517 4206 vos
1539 4161 1605 4225 quo
1620 4140 1716 4206 modo

384 4246 430 4321 is,
459 4242 514 4327 qui
537 4258 622 4305 anno
644 4243 717 4301 ante
738 4236 857 4299 Itomae
879 4235 929 4300 ius
952 4234 1093 4310 dixerat,
1122 4252 1207 4297 anno
1227 4241 1301 4318 post
1320 4234 1355 4297 in
1376 4235 1452 4299 Asia
1471 4234 1522 4300 ius
1543 4234 1675 4311 dixerit,
1697 4254 1717 4298 a

449 4438 474 4491 l.
492 4447 571 4499 oeque
587 4433 683 4497 optim
698 4443 776 4494 oeqaee
792 4430 940 4493 inempta
956 4432 1111 4494 Peyronus:
1137 4440 1217 4491 seqre
1233 4428 1337 4492 optines
1351 4441 1430 4493 oeque
1445 4430 1603 4494 itconwtos
1619 4430 1639 4481 C
1657 4427 1716 4492 (sed

382 4530 395 4567 s
412 4528 444 4566 ex
459 4524 528 4565 voce
545 4510 650 4574 epitritos
666 4507 797 4571 expuncta
818 4508 860 4557 est
882 4507 910 4556 et
930 4507 1069 4569 Peyronus
1086 4504 1113 4555 in
1130 4506 1265 4568 postrema
1282 4516 1348 4555 voce
1365 4503 1497 4568 syllabam
1513 4518 1541 4556 os
1556 4518 1610 4557 non
1626 4503 1713 4567 vidit),

382 4603 460 4655 mque
476 4587 568 4650 optim
582 4595 662 4645 oeque
678 4582 822 4642 iommrspte
838 4580 930 4631 Maius.
950 4606 978 4617 -
1006 4580 1030 4629 e.
1048 4578 1185 4640 tepuisse
1205 4606 1232 4616 -
1256 4580 1281 4630 ii.
1300 4580 1377 4643 irrepis
1392 4579 1519 4632 Orellius:
1544 4581 1624 4644 ierspio
1645 4580 1665 4630 C
1685 4605 1713 4616 -

382 4667 407 4718 8.
426 4663 515 4728 quossi
532 4662 595 4713 C»-
614 4658 655 4708 it.
673 4656 796 4719 44444444
812 4668 843 4705 eo
855 4690 862 4705 .
875 4693 880 4705 .
892 4691 899 4705 .
912 4692 918 4704 .
930 4666 989 4705 oere
1001 4691 1007 4703 .
1020 4690 1026 4703 .
1039 4691 1044 4703 .
1058 4652 1137 4703 dicis?
1153 4654 1196 4716 qui
1212 4654 1297 4706 Maius
1314 4655 1460 4718 (tamqnam
1472 4668 1487 4705 e
1499 4654 1615 4718 codice);
1632 4654 1715 4705 Naeu-

382 4740 443 4805 quid
458 4735 649 4789 444444οωί444
664 4733 694 4783 L.
711 4732 795 4782 Flacci
810 4729 926 4781 notasti?
942 4730 985 4791 qai
1002 4740 1066 4779 cum
1082 4728 1176 4778 Belero
1194 4727 1214 4779 0
1233 4754 1262 4764 -
1283 4729 1404 4794 equidem!
1425 4730 1524 4792 podem
1541 4743 1602 4780 cum
1619 4728 1714 4779 Beiero

382 4817 411 4868 0.
434 4812 474 4865 Cl.
491 4811 579 4875 Reisig
595 4810 651 4861 lei.
665 4806 794 4869 8444444).
814 4819 840 4871 p.
853 4806 911 4857 262.
923 4831 957 4841 -
973 4804 1015 4853 ts.
1033 4802 1132 4864 44444444
1142 4803 1204 4864 qeio
1216 4804 1527 4867 suspiciosedicipoterct,
1545 4801 1715 4853 cunamen

382 4902 444 4941 cnm
461 4889 554 4939 Beiero
572 4885 592 4936 0
611 4910 639 4922 -
663 4881 704 4931 47.
722 4882 854 4933 lucenses
873 4881 894 4931 B
916 4904 943 4916 -
972 4876 1061 4928 Verba
1078 4878 1161 4941 potuit
1179 4878 1307 4941 uolreptcts
1321 4892 1484 4942 commspere
1498 4875 1680 4944 supplevimus
1697 4889 1713 4926 e

381 4960 542 5015 scholiastae
558 4957 785 5023 interpretatione.
800 4982 828 4993 -
847 4954 889 5007 il.
902 4955 984 5005 seruis
996 4954 1013 5004 S
1026 4977 1054 4989 -
1072 4952 1182 5002 44444448
1196 4976 1223 4989 -·
1242 4953 1283 5004 28.
1297 4954 1376 5003 minc
1389 4953 1462 5004 suite
1477 4954 1537 5005 ST:
1555 4952 1714 5003 eudemum

381 5038 479 5091 Arno
497 5061 524 5072 -
545 5034 585 5085 34.
604 5033 636 5084 At
650 5030 993 5092 eoro--oedemprosterc
1008 5027 1130 5078 macer
1146 5027 1236 5077 PSl':
1254 5039 1285 5077 ec
1300 5027 1713 5090 oero··lcudotur(om.eodem

252 5102 263 5115 ’“
377 5110 510 5179 prosimu)
532 5122 594 5161 cum
611 5119 659 5159 sex
676 5104 755 5158 codd.
775 5106 881 5167 Lagom.
899 5104 952 5155 ΑΟ
975 5130 1002 5141 -
1025 5100 1066 5151 32.
1084 5099 1260 5151 mormacus
1276 5112 1338 5151 com
1355 5113 1403 5151 sex
1419 5101 1664 5165 codd.1.agom.A
1681 5126 1709 5135 -

382 5190 422 5242 33.
440 5187 472 5240 At
486 5200 505 5237 4
520 5184 620 5237 ustibus
635 5182 746 5234 44444444
760 5178 878 5231 habeiB
898 5206 925 5215 -
943 5177 985 5231 ei.
1003 5190 1056 5241 que
1070 5176 1097 5226 oi
1112 5188 1166 5226 om.
1185 5176 1213 5226 F.
1239 5174 1344 5227 Scilicet
1359 5176 1428 5229 haec
1442 5177 1526 5230 uerba
1542 5189 1604 5229 cum
1622 5177 1650 5227 in
1666 5172 1712 5225 ali

382 5266 448 5328 quot
464 5260 543 5314 codd.
561 5259 689 5313 abiissent
704 5257 732 5310 ln
748 5268 838 5321 44444,
856 5252 952 5306 exinde
969 5268 985 5305 a
1003 5250 1092 5307 multis
1107 5250 1222 5305 librariis
1238 5252 1337 5305 omissa
1353 5255 1423 5306 sunt.
1443 5280 1470 5293 ·-
1487 5254 1588 5306 44444444
1603 5253 1632 5303 T.

1909 915 1911 1000 l
