4009 6159
587 563 1307 652 ors.xxxvn-xxxvn1.ssea-eo.
1524 561 1607 634 laos

282 739 358 800 ru'nt
379 740 412 801 et
431 739 580 800 veneunt.
621 734 691 812 Qua
719 756 761 800 ex
782 736 961 821 syngrapha
982 737 1061 822 quid
1082 737 1127 802 sis
1147 743 1275 803 acturus
1295 737 1449 804 meditere
1471 758 1606 804 censeo:

282 851 340 895 rex
368 831 453 895 enim
480 831 549 913 ipse
579 850 636 894 sua
662 837 791 915 sponte,
818 831 915 895 nullis
942 834 1175 898 commentariis
1202 832 1361 908 Caesaris,
1388 834 1482 899 simul
1509 841 1607 919 atque

282 925 405 990 audivit
425 925 496 990 eins
518 925 697 1001 interitum,
719 945 777 990 suo
791 927 891 990 Marte
913 945 963 990 res
986 945 1059 991 suas
1072 926 1268 1009 reciperavit.
1305 923 1356 990 96.
1372 927 1499 992 Sciebat
1510 927 1607 993 homo

283 1021 410 1102 sapiens
430 1019 481 1082 ius
503 1039 627 1103 semper
647 1018 708 1083 hoc
729 1019 843 1095 luisse,
864 1026 916 1096 ut,
938 1040 1020 1105 quae
1041 1019 1166 1104 tyranm
1181 1019 1386 1102 eripuissent,
1408 1041 1446 1086 ea
1466 1022 1608 1106 tyrannis

282 1115 455 1181 interiectis
476 1115 515 1189 ii,
539 1113 653 1197 quihus
675 1121 783 1198 erepta
805 1121 927 1188 essent,
949 1116 1172 1198 reciperarent.
1206 1116 1307 1179 Nemo
1329 1116 1425 1198 igitur
1444 1116 1514 1180 iure
1533 1135 1632 1182 con-s

283 1210 401 1286 saltus,
423 1228 464 1273 ue
485 1209 545 1272 iste
568 1206 714 1290 quidem,
736 1208 790 1291 qui
813 1208 872 1271 tihi
894 1210 949 1272 uui
972 1217 1022 1272 est
1041 1210 1109 1273 iure
1132 1209 1309 1284 consultus,
1335 1229 1393 1292 per
1414 1229 1510 1293 wem
1530 1211 1610 1275 haee

283 1306 366 1390 agis,
388 1304 511 1372 exista
532 1302 711 1387 syngrapha
732 1303 840 1366 deberi
862 1302 938 1367 dicit
958 1323 1017 1386 pro
1039 1304 1079 1366 iis
1101 1303 1211 1378 rebus,
1235 1323 1318 1387 quae
1340 1313 1430 1368 erant
1448 1310 1522 1368 ante
1536 1324 1611 1388 syn·
1737 1316 1741 1322 ’

284 1401 435 1484 grapham
463 1397 672 1481 reciperatae:
705 1416 771 1459 uon
802 1396 885 1460 enim
914 1405 985 1460 ate
1007 1398 1100 1472 emit,
1130 1398 1185 1460 sed
1215 1398 1321 1481 prius,
1344 1417 1439 1482 quam
1461 1406 1496 1461 tu
1516 1417 1609 1463 suum

284 1495 344 1558 sibi
366 1493 537 1566 venderes,
559 1490 628 1574 ipse
650 1490 801 1574 possedit.
837 1491 896 1576 Ille
918 1492 966 1554 vir
985 1491 1060 1566 luit,
1081 1511 1141 1555 nos
1156 1492 1286 1574 quidem
1300 1492 1532 1568 contemnendi,
1554 1492 1611 1576 qui
1731 1501 1746 1579 ,ζ

284 1595 446 1652 auctorem
477 1587 618 1660 odimus,
645 1591 715 1648 acta
747 1583 956 1649 defendimus.
999 1585 1176 1650 XXXVIll.
1198 1583 1249 1648 97.
1272 1586 1356 1662 Quid
1384 1606 1443 1671 ego
1465 1587 1505 1652 de
1526 1604 1647 1650 com-so

285 1681 449 1746 mensariis
471 1679 619 1754 infinitis,
641 1678 773 1762 quidde
793 1679 1076 1743 innumerabilibus
1090 1680 1306 1765 chirographis
1320 1680 1453 1765 loquarl
1475 1701 1610 1764 quorum

287 1777 382 1841 etiam
407 1775 568 1838 institores
591 1780 679 1849 sunt,
708 1775 821 1857 quiea
847 1780 1008 1858 tamquam
1032 1772 1241 1857 gladiatorum
1262 1774 1387 1838 libellos
1409 1775 1513 1857 palam
1535 1795 1612 1838 ven·

288 1872 397 1935 ditent.
434 1871 545 1953 ltaque
567 1869 646 1932 tanti
667 1868 771 1933 acervi
792 1887 992 1931 nummorum
1014 1866 1097 1950 apud
1119 1868 1216 1930 istum
1234 1875 1476 1943 construuntur,
1498 1876 1535 1934 ut
1547 1869 1611 1933 iam

286 1963 524 2051 expendantur,
552 1983 616 2026 non
646 1969 851 2026 numerentur
878 1960 1041 2044 pecuniae.
1082 1959 1123 2023 lit
1148 1980 1243 2042 quam
1270 1980 1365 2025 caeca
1392 1963 1524 2027 avaritia
1544 1964 1610 2026 esti

285 2062 394 2142 Nuper
414 2057 478 2120 fixa
499 2056 607 2122 tabula
629 2063 692 2132 est,
715 2076 779 2140 qua
800 2057 943 2120 civitates
968 2054 1233 2138 locupletissimae
1257 2055 1454 2121 Cretensium
1474 2058 1649 2141 vestiga-te

285 2154 369 2217 libus
390 2151 581 2226 liberantur,
610 2151 820 2235 statuiturque
849 2168 891 2213 ne
911 2156 986 2232 post
1008 2150 1050 2212 hl.
1071 2149 1200 2212 Brutum
1223 2169 1282 2231 pro
1303 2150 1436 2214 consule
1457 2150 1500 2214 sit
1521 2151 1614 2216 Creta

285 2247 458 2332 provincia.
492 2247 540 2309 Tu
561 2245 676 2309 mentis
698 2264 733 2307 es
756 2247 909 2327 composi
938 2249 973 2306 tu
1003 2261 1068 2304 non
1089 2242 1376 2326 constringendusi
1408 2245 1446 2307 In
1468 2244 1612 2310 Caesaris

287 2342 414 2405 decreto
444 2338 536 2403 Creta
563 2345 636 2422 post
664 2340 707 2402 hl.
728 2339 816 2402 Bruti
839 2336 1003 2402 decessum
1025 2337 1131 2418 potuit
1150 2337 1295 2414 liberari,
1324 2359 1396 2402 oum
1418 2340 1510 2403 Creta
1531 2340 1613 2404 nihil

286 2435 327 2500 ad
349 2436 479 2496 Brutum
503 2433 636 2496 Caesare
658 2433 730 2496 vivo
746 2433 936 2515 pertineret?
958 2429 997 2493 ht
1014 2429 1109 2494 huius
1122 2431 1308 2494 venditione
1320 2432 1454 2507 decreti,
1475 2453 1518 2497 ne
1531 2432 1613 2497 nihil

286 2535 391 2592 actum
412 2526 544 2609 putetis,
573 2527 768 2608 provinciam
792 2525 915 2589 Cretam
937 2522 1130 2606 perdidistis.
1171 2522 1308 2588 Omnino
1329 2544 1422 2589 nemo
1441 2526 1538 2590 ullius
1565 2526 1650 2594 reiao

286 2621 347 2684 fuit
368 2626 505 2701 emptor,
528 2621 578 2684 cui
602 2619 738 2684 deluerit
759 2619 811 2684 hic
824 2618 979 2684 venditor.
1023 2613 1073 2679 98.
1095 2617 1136 2680 Et
1150 2615 1189 2680 de
1204 2617 1368 2682 exsulibus
1381 2618 1494 2703 legem,
1516 2639 1613 2703 quam

287 2714 402 2787 fixisti,
426 2713 541 2776 Caesar
564 2714 661 2778 tuiitt
691 2713 817 2777 Nullius
839 2713 979 2776 insector
1000 2711 1230 2775 calamitatem:
1251 2718 1372 2776 tantum
1395 2731 1526 2796 queror,
1548 2713 1614 2797 pri-

288 2829 373 2873 mum
404 2825 513 2871 eorum
541 2808 660 2872 reditus
681 2807 882 2890 inquinatos,
914 2825 1050 2890 quorum
1071 2824 1200 2870 cansam
1222 2806 1336 2870 Caesar
1357 2805 1544 2871 dissimilem
1565 2807 1614 2870 iu·

287 2901 415 2975 dicarit;
444 2899 559 2965 deinde
589 2901 696 2965 nescio
720 2921 776 2964 cur
797 2921 861 2964 non
883 2901 1016 2985 reliquis
1038 2901 1123 2964 idem
1143 2900 1282 2964 tribuasa
1308 2919 1412 2984 neque
1435 2901 1519 2965 enim
1540 2900 1613 2984 plus

220 3027 233 3050 ·
288 3013 383 3081 quam
404 3001 468 3058 tres
491 3001 546 3058 aut
566 3002 717 3078 quattuor
736 2994 853 3079 reliqui
875 3002 958 3058 sunt.
992 2994 1055 3069 Qui
1077 2993 1173 3057 simili
1194 2994 1227 3056 in
1248 2995 1424 3059 calamitate
1445 3001 1535 3070 sunt,
1556 3013 1650 3066 cursa

285 3099 340 3154 tua
362 3088 579 3154 misericordia
599 3109 665 3153 non
690 3089 786 3154 simili
808 3089 979 3153 iruuutmi
1002 3107 1135 3151 eureos
1157 3087 1255 3152 habes
1276 3089 1310 3152 in
1330 3089 1402 3154 loco
1423 3089 1550 3174 patruit
1572 3086 1613 3152 de

288 3201 353 3268 quo
381 3181 481 3256 ferre,
511 3203 581 3247 eum
612 3182 652 3246 de
673 3183 806 3266 reliquis
828 3182 944 3257 lerres,
973 3182 1121 3246 noluisti:
1149 3203 1245 3265 quem
1267 3183 1362 3247 etiam
1383 3183 1612 3247 adsensorem

286 3275 455 3360 petendam
474 3277 643 3360 impulisti,
666 3296 800 3360 eamque
823 3277 1010 3360 petitionem
1026 3277 1229 3359 comparasti,
1251 3295 1333 3360 quae
1356 3283 1389 3340 et
1409 3277 1491 3341 risus
1511 3276 1615 3341 homi·

284 3390 361 3434 num
383 3377 415 3436 et
436 3371 594 3454 querellas
618 3377 769 3436 moveret
812 3368 865 3434 99.
888 3371 951 3433 Cur
972 3378 1079 3433 autem
1101 3389 1138 3434 ea
1158 3370 1289 3434 comitia
1305 3390 1369 3434 non
1390 3371 1549 3434 habuisti?
1571 3390 1613 3434 an

286 3464 362 3549 quia
387 3464 533 3528 tribunus
560 3465 604 3548 pl.
627 3465 788 3529 sinistrum
817 3464 937 3529 lulmen
966 3464 1154 3528 nuntiabat?
1191 3464 1269 3527 Cum
1298 3474 1352 3528 tua
1372 3465 1449 3549 quid
1471 3465 1650 3542 interestso

286 3558 373 3621 nulla
396 3558 536 3641 auspicia
558 3565 645 3633 sunt,
668 3579 740 3623 cum
762 3567 903 3633 tuorum,
926 3566 993 3621 tum
1015 3555 1052 3622 lis
1073 3558 1252 3641 religiosus.
1289 3558 1398 3634 Quidl
1420 3558 1557 3622 eundem
1579 3561 1613 3624 in

287 3651 510 3736 septemviratu
532 3673 639 3716 nonne
663 3652 862 3718 destituistil
885 3652 1055 3716 intervenit
1078 3653 1179 3728 enim,
1201 3653 1252 3715 cui
1267 3653 1422 3728 metuisti,
1444 3653 1550 3730 credo,
1570 3673 1612 3717 ne

350 3923 375 3974 t.
394 3924 719 3989 quosaamprasav-
738 3926 764 3976 i.
782 3923 1031 3976 coammtariev-
1049 3922 1073 3974 3.
1091 3927 1214 3974 metm
1229 3922 1611 3987 esav-rosemanus:

284 3997 567 4062 reospsraoitll‘o-
591 3996 815 4064 l.otoaiv¹-
839 4001 1127 4063 tetemet-spo·
1151 4001 1614 4060 tt.tarstaccaaattsoosv;cl.sd

285 4089 312 4141 p.
331 4073 404 4137 tate,
423 4076 505 4126 49-
525 4075 550 4125 7.
568 4075 723 4140 muscosov
741 4078 768 4126 et
784 4075 823 4128 sio
839 4075 1054 4141 plerumque.-
1070 4076 1132 4125 dicet
1147 4074 1248 4126 malim.
1263 4103 1289 4112 -
1309 4076 1381 4126 ttsi:
1398 4076 1508 4126 1939-
1527 4077 1615 4128 istest

284 4152 390 4203 andero
405 4152 428 4200 V
444 4179 478 4190 -
501 4153 541 4201 tt.
559 4151 709 4216 tnflntttisv
729 4179 755 4188 -
779 4153 820 4202 tr,
838 4153 963 4204 institores
984 4151 1176 4214 Pantagathus:
1197 4148 1362 4202 tmsattotoras
1376 4152 1412 4212 V;
1432 4152 1571 4204 amotores
1585 4156 1611 4214 t;

284 4225 1282 4290 mewtorstg;imitotoresah0-paeav-pttami-aediteatv-
1301 4225 1493 4289 reapssv-
1512 4225 1614 4280 theo>-

281 4301 492 4366 peadaaturvt:
512 4301 1069 4365 appendaatarabg-oameraoturt-
1087 4302 1290 4364 rossam-t-
1308 4301 1526 4352 auastttaastD:
1544 4316 1613 4354 aaa

283 4377 357 4428 sitias
373 4379 396 4426 et
411 4371 444 4422 V¹
461 4375 506 4436 lm.
523 4388 547 4427 s.
565 4388 579 4427 e
595 4388 654 4441 sup.
673 4391 703 4428 as
718 4377 841 4441 addidit);
864 4377 1125 4429 maritimam
1143 4403 1171 4415 —
1199 4379 1239 4428 te.
1257 4376 1356 4427 assas
1371 4390 1424 4438 osso
1438 4377 1472 4427 V¹
1489 4403 1517 4416 -·
1540 4377 1613 4428 tosu-

283 4449 487 4517 ptsottsstmaav
506 4477 533 4488 -
552 4453 764 4517 wtipahhsuvr
792 4465 846 4504 om.
864 4451 918 4502 ΒΟ
937 4477 964 4488 -
987 4451 1287 4513 repraesentasse:
1311 4465 1361 4515 pro
1376 4449 1444 4503 coris.
1460 4452 1489 4513 t;
1510 4465 1610 4515 procos

284 4527 321 4588 Vi
337 4524 509 4589 praemon
525 4526 583 4576 0-
603 4529 643 4580 tr.
662 4541 687 4580 es
702 4541 756 4580 om.
772 4526 813 4590 V¹,
831 4528 891 4579 tort.
905 4530 988 4590 reete,
1005 4530 1037 4579 ut
1052 4530 1093 4580 est
1110 4527 1184 4591 etto
1201 4528 1236 4577 in.
1251 4552 1279 4564 -
1296 4528 1461 4591 eospcsv-
1478 4528 1507 4576 ta
1522 4528 1607 4579 voi:
1657 4554 1659 4557 ·

285 4599 1609 4665 aoO-l9.utaocaesarsa-adhrstusVs-uesditicasma-ttt.actasopotestiav—

285 4676 1132 4742 acmom.t-tttathatttsoretsemoat—2t.oatt-
1152 4677 1613 4741 ommam-sasitos

285 4753 352 4814 mel,
370 4751 400 4802 ut
415 4761 533 4815 semper.
552 4778 581 4792 -
604 4755 645 4806 22.
664 4755 728 4806 tulit.
747 4752 826 4812 edd.;
850 4753 1061 4817 interrogationis
1083 4754 1187 4817 signum
1205 4754 1313 4803 anctore
1330 4751 1386 4803 Gal.
1405 4752 1518 4803 Christis
1533 4752 1611 4804 eddi-

287 4830 383 4881 dimns.
402 4850 431 4862 -
454 4825 496 4876 2³.
514 4827 608 4878 reditas
623 4835 743 4893 morawa
759 4830 936 4881 camerarius.
956 4855 983 4865 -
1002 4841 1108 4879 cassam
1123 4827 1210 4877 samv
1228 4851 1255 4864 —
1274 4827 1415 4878 Mollem
1430 4828 1561 4880 Cassam
1579 4855 1608 4868 -

285 4903 405 4957 induant
420 4900 483 4951 Vb:
501 4901 728 4969 hedhaueritagt
746 4931 772 4942 -
792 4904 833 4956 ii.
852 4903 1021 4965 scarabeis
1036 4903 1071 4951 V:
1088 4902 1609 4967 retiqsdsnoalllsedarst.iderasos)

288 5007 315 5018 -
335 4979 401 5030 osto
417 4987 470 5027 om.
488 4988 505 5026 a
523 5003 552 5012 -
570 4979 610 5029 at.
629 4979 772 5030 calamitate
788 4984 845 5030 suot
862 4981 990 5030 Faernus:
1008 4977 1165 5028 calamitates
1179 4983 1207 5027 at
1221 4977 1257 5034 V:
1276 4977 1419 5029 calmum
1433 4979 1527 5042 natet
1541 4977 1564 5029 D
1579 5003 1606 5016 ·-

286 5049 537 5106 resmssrtv:
556 5051 1610 5115 ΜαίηωΒΟ-97.[α·οεν-28.9ψυ919η-ωηο-Μωσ-

285 5125 1605 5193 rsBmV;micetio-augutamawqaav—dtl.eto.selroersvzpstmentio.ll—

286 5201 1492 5268 memb—tuaouiidv-3t.rrsnom.D-tranvt:asaoabg-sts1t-
1512 5201 1609 5252 3η-

284 5282 742 5348 semaamv-nahadvigius
754 5281 812 5346 (Op.
822 5283 842 5343 Ι,
855 5280 964 5346 p.tlt):
982 5276 1062 5342 cdv,
1080 5278 1606 5346 osmblouidmstatsttltlredooet.0).
