4009 6159
871 888 969 1062 A·
989 983 1099 1124 'st

789 1165 833 1258 ll.
859 1167 1002 1259 TULLII
1027 1163 1257 1260 CICERONIS

896 1317 1155 1462 immo

543 1580 675 1675 CUM
704 1582 987 1676 SENATUI
1016 1585 1299 1675 GRATIAS
1330 1586 1495 1676 EGIT.

932 1812 1108 1866 ascensuri*

669 2009 674 2018 .
782 1971 1013 2032 essenus
1035 1930 1267 2034 4444444444.

799 2345 982 2410 dotalicia
1005 2349 1244 2410 uxrticssio.

361 2485 380 2536 P
401 2505 425 2524 =
443 2479 529 2534 codex
550 2480 683 2534 Parisinus
705 2493 779 2534 num.
797 2481 862 2534 ’4494
878 2497 893 2536 4
911 2496 956 2535 me
973 2482 1091 2536 collatus.
1120 2483 1260 2545 codicem,
1287 2494 1369 2546 onem
1390 2484 1451 2533 ante
1472 2492 1518 2534 me
1540 2482 1683 2548 1444444444

350 2553 382 2587 ²
441 2559 544 2619 Dauus,
564 2557 613 2609 sed
630 2555 851 2622 negligentissime
868 2559 998 2623 excussit,
1017 2558 1148 2623 descripsi
1163 2558 1189 2608 in
1201 2558 1385 2610 dissertatione
1396 2558 1422 2607 in
1434 2571 1502 2608 noro
1513 2559 1603 2610 444444
1615 2558 1683 2609 44444-

442 2646 510 2684 4444
527 2631 632 2697 vulgota
650 2629 714 2696 (vol.
728 2627 774 2693 ix,
792 2646 819 2698 p.
832 2631 875 2683 344
891 2633 978 2698 4444,
996 2646 1065 2698 quae
1082 2633 1121 2684 sic
1138 2632 1261 2698 inscripta
1280 2636 1334 2683 est:
1351 2631 1559 2695 immolationes
1574 2633 1601 2682 in
1612 2632 1682 2682 cice-

439 2710 569 2760 rontscten
585 2710 665 2760 4444444
681 2721 729 2759 444
744 2709 799 2758 dem
815 2709 894 2758 codem
908 2709 1038 2759 Parisino
1052 2709 1115 2758 Nro.
1128 2712 1192 2760 7744
1208 2709 1400 2772 4444444444.

359 2789 422 2854 G:
441 2785 526 2837 codex
543 2781 756 2845 Gemblacensls,
774 2795 845 2834 nunc
861 2780 1206 2836 desidiosissimum
1222 2796 1238 2833 4
1255 2784 1364 2834 44444444
1375 2770 1498 2834 'collatus

359 2863 379 2914 ii
397 2879 422 2900 ε
440 2860 527 2912 codex
542 2857 710 2924 Enisugeusls
726 2858 758 2912 38
776 2859 855 2923 (nuuc
873 2871 945 2910 uum.
957 2858 1020 2920 847,
1038 2872 1064 2909 v.
1082 2858 1238 2919 lrmischer,
1254 2857 1546 2922 Hundscdrs'flenlsutotcp
1561 2858 1607 2908 der
1620 2857 1682 2908 Uni·

358 2931 394 2946 ⁸·
438 2935 712 2987 nemun-diodoridis
727 2948 760 2984 44
775 2935 911 2998 4444444444.
930 2934 994 2985 4844
1011 2947 1039 2998 p.
1051 2934 1123 2997 449),
1142 2945 1157 2982 a
1174 2945 1219 2984 me
1236 2931 1354 2984 collatus.

358 3013 377 3062 F
398 3033 423 3053 =
441 3008 568 3062 lectiones
585 3009 685 3062 codicis
701 3007 837 3062 Plthoeani
854 3023 869 3060 a
886 3022 930 3060 me
947 3010 1044 3059 lterum
1061 3011 1123 3076 post
1136 3007 1275 3060 Graevium
1293 3021 1325 3058 ex
1337 3007 1454 3072 margine
1472 3004 1584 3072 exempli
1601 3007 1681 3057 4444-

439 3085 551 3148 uiuunt,
569 3085 642 3150 qood
660 3082 851 3150 Heidelbergee
868 3085 1036 3145 4444444444,
1055 3085 1212 3150 exscriptae.
1522 3091 1528 3100 ·

358 3163 376 3211 s
396 3181 421 3202 ε
440 3160 500 3212 cod.
519 3158 725 3225 salisburgensis
741 3160 843 3213 sallone
859 3172 887 3214 4.
899 3158 931 3212 34
948 3159 1017 3225 (cod.
1034 3159 1079 3212 444.
1097 3161 1200 3214 444444.
1219 3158 1307 3225 stati)
1324 3173 1338 3210 4
1357 3169 1401 3211 me
1418 3157 1536 3211 44444444.

358 3236 412 3287 mei
430 3251 454 3270 =
473 3235 585 3286 PGES.

358 3311 422 3362 4,-
439 3309 482 3360 ed.
501 3307 673 3360 Lambiniana
690 3324 715 3361 4.
734 3308 808 3361 itud.

358 3386 379 3436 0
398 3405 422 3426 =
441 3385 484 3436 ed.
503 3384 631 3436 0444444444
649 3386 730 3451 prior.

423 3471 531 3522 Praeter
547 3470 596 3522 4444
613 3469 721 3520 codices
738 3472 880 3534 apparatus
895 3469 1143 3534 Legomarsinlnnus
1159 3469 1194 3520 ad
1210 3482 1305 3522 manus
1322 3470 1394 3530 erat,
1417 3482 1499 3533 quern
1515 3468 1549 3520 sd
1566 3469 1636 3521 hanc
1653 3471 1681 3520 et

358 3544 393 3595 ad
417 3547 575 3609 sequentem
597 3544 743 3596 orationem
766 3543 924 3596 Niebuhrius
946 3548 1030 3598 totum
1053 3545 1200 3610 descripsit.
1234 3546 1356 3598 Excussit
1370 3548 1460 3596 sutem
1476 3546 1679 3608 Lagomcrsiuus

357 3619 447 3683 viginti
469 3617 547 3669 codd.
566 3619 607 3672 his
623 3620 743 3672 numeris
760 3632 776 3669 a
793 3631 823 3670 se
840 3619 971 3683 signatos:
996 3624 1021 3671 4.
1039 3622 1064 3671 4.
1082 3621 1107 3671 3.
1125 3620 1150 3672 4.
1168 3620 1193 3671 6.
1212 3620 1236 3670 7.
1253 3621 1279 3671 8.
1297 3620 1322 3672 9.
1341 3622 1381 3670 44.
1401 3620 1440 3671 ld.
1459 3620 1500 3671 43.
1518 3621 1558 3671 ie.
1575 3620 1617 3672 44.
1635 3620 1677 3672 44.

357 3695 398 3747 ai.
416 3692 458 3746 44.
475 3694 517 3744 44.
535 3693 576 3746 43.
596 3695 637 3746 44.
655 3695 697 3746 66.
731 3694 829 3745 Omnes
850 3698 912 3746 sunt
933 3695 1072 3748 deterioris
1094 3699 1188 3758 44444,
1210 3708 1293 3760 quare
1314 3696 1378 3747 satis
1401 3695 1482 3746 4444444
1498 3694 1598 3760 aliquot
1613 3694 1679 3746 locis

358 3781 452 3822 eorum
468 3767 595 3822 lectiones
612 3769 758 3832 indicasse;
782 3782 816 3820 44
833 3767 996 3834 reliquorum
1013 3771 1122 3835 quidem
1140 3770 1277 3834 codicum,
1296 3782 1363 3835 quos
1379 3770 1475 3833 44444444,
1493 3768 1621 3822 lectiones
1636 3771 1679 3821 tn·

357 3848 446 3910 tegras
462 3844 597 3900 dedissem
613 3858 667 3897 uno
683 3847 794 3911 excepto
816 3846 947 3906 Parisino,
969 3847 1019 3898 nisi
1036 3847 1115 3898 unius
1138 3844 1263 3897 orationis
1283 3858 1315 3896 44
1331 3844 1381 3897 illis
1397 3859 1464 3911 quas
1480 3847 1613 3898 Parisinus
1627 3845 1678 3895 lis·

357 3921 405 3972 bet
424 3922 554 3986 apparatu
575 3918 694 3986 pleniore
711 3919 845 3985 descripto
862 3919 1046 3972 demonstrare
1062 3919 1221 3981 voluissem,
1248 3921 1275 3970 in
1290 3920 1332 3970 his
1353 3919 1515 3971 orationibus
1533 3918 1678 3970 verborum

357 3996 543 4046 recensionem
566 4009 599 4046 44
619 4008 674 4045 444
692 3991 735 4046 illo
753 3993 845 4046 codice
867 3995 1011 4059 petendam
1028 4009 1101 4056 esse,
1124 4008 1186 4047 cum
1202 4008 1303 4060 paucae
1319 3993 1378 4046 illae
1395 3993 1521 4046 lectiones
1537 3992 1676 4055 meliores,

358 4084 425 4136 quos
441 4069 484 4121 alii
500 4069 606 4122 codices
622 4068 734 4133 hahent,
757 4068 847 4122 telices
864 4071 1001 4122 homiuum
1018 4070 1158 4122 doctorum
1174 4069 1389 4133 emendationes,
1410 4082 1464 4120 non
1484 4082 1518 4120 44
1540 4067 1610 4118 tonte
1626 4080 1678 4133 pu-

358 4147 427 4197 riore
444 4145 576 4199 deductee
589 4145 737 4198 videantur.

442 4401 467 4464 l.
490 4395 519 4464 l.
542 4401 593 4477 Si,
614 4407 720 4485 patres
741 4400 929 4487 conscripti,
949 4423 1008 4487 pro
1029 4402 1140 4466 vestris
1161 4401 1388 4466 immortalibus
1408 4400 1444 4465 44
1464 4417 1515 4463 mc
1532 4397 1676 4465 tratrem·

359 4516 421 4582 que
443 4516 548 4560 meum
570 4495 752 4582 liberosque
767 4504 894 4561 nostros
911 4497 1029 4562 meritis
1043 4516 1153 4580 parum
1167 4495 1257 4561 vobis
1272 4495 1428 4560 cumulate
1442 4493 1557 4577 gratio
1572 4513 1675 4577 egem,

422 4769 560 4820 4444444444
577 4779 714 4820 ousiosis.
747 4770 784 4820 44.
803 4769 876 4820 insi
897 4769 1031 4822 0444444444
1049 4780 1145 4820 mosam
1165 4779 1215 4819 444
1235 4777 1461 4820 enumeratus
1481 4758 1542 4816 ulirr
1557 4767 1621 4829 Pit,
1645 4769 1675 4818 nt

357 4844 423 4895 item
438 4841 596 4895 scholiastes
611 4841 750 4894 Bobiensis
767 4842 832 4908 (Vol.
845 4845 880 4906 11,
904 4857 931 4909 p.
946 4841 995 4894 448
1012 4840 1055 4894 ed.
1074 4839 1162 4905 04444.)
1180 4839 1285 4903 hebuit,
1303 4842 1331 4892 in
1347 4852 1400 4903 quo
1416 4839 1504 4892 edhuc
1520 4841 1614 4907 legitur
1628 4855 1675 4894 ss·

356 4929 431 4970 444444
446 4931 548 4971 enarres
563 4930 638 4980 4444,
655 4915 739 4968 verbe
755 4920 845 4970 autem
861 4917 949 4982 incipit
963 4933 1032 4980 444444,
1050 4919 1143 4984 utpote
1157 4915 1245 4967 colore
1258 4917 1374 4978 4444444,
1392 4919 1570 4978 4444444444,
1586 4917 1676 4980 discipli

357 4993 440 5045 oratio
457 4995 502 5045 .44.
522 4993 547 5044 T.
566 4992 761 5045 0444444444
777 4992 1255 5057 deraditusitoeeoutuiprotioasptt
1270 4991 1340 5052 Eri.;
1359 4991 1447 5043 oratio
1463 4993 1498 5044 44.
1518 4992 1590 5043 Tullii
1606 4993 1675 5044 4444-

356 5070 427 5120 ronts
441 5069 469 5121 444
484 5073 572 5122 motu
584 5072 641 5131 post
655 5067 763 5118 reditium
779 5068 809 5117 de
823 5067 900 5119 444444
916 5069 934 5119 i·
951 5070 978 5119 et
993 5065 1047 5119 Pal.
1064 5067 1099 5119 lx
1115 5068 1150 5130 4Ε
1162 5067 1305 5118 Vaticanus
1321 5067 1493 5132 numidii),
1511 5067 1561 5120 sed
1576 5066 1630 5120 Pal.
1642 5067 1675 5118 44

357 5145 446 5204 witto:
466 5145 504 5197 44.
522 5143 595 5195 4444444
610 5143 734 5196 0444444444
749 5143 832 5194 oratio
848 5142 882 5193 od
897 5147 1080 5207 cumimpiis
1093 5142 1200 5195 4444444444
1214 5143 1264 5194 iac.
1282 5143 1315 5204 S;
1337 5142 1365 5193 in
1384 5142 1406 5194 li
1427 5142 1504 5196 deest
1524 5143 1671 5209 insculpum

353 5225 411 5286 post
424 5221 533 5275 4444444444
547 5221 576 5272 io
590 5223 680 5273 444444
694 5220 777 5272 matio
790 5217 928 5272 editiones.
