4009 6159
669 557 958 629 cmxm-xu
986 551 1202 641 stasmi.
1524 547 1600 617 4444

287 729 410 798 belum
435 728 565 795 omnino
591 728 650 795 lroc
677 748 745 794 nen
763 726 892 802 iussae
921 726 1098 791 auctoritati
1121 724 1268 791 cessisset
1287 714 1443 789 audacia'
1471 717 1522 784 29.
1545 720 1607 785 Sed

290 831 444 907 quantum
464 823 613 907 praesidii
632 822 785 887 fueritin
805 822 933 895 ceteris,
955 820 1029 884 hinc
1050 820 1186 903 intelligi
1208 826 1328 904 potest,
1351 815 1437 901 quod
1452 833 1511 897 ego
1525 833 1607 877 unus

289 916 419 980 relictus
447 937 488 981 ex
515 916 621 981 multis
650 915 778 979 contudi
801 922 833 979 et
854 914 934 996 fregi
954 914 1177 979 adiuvantibus
1199 914 1290 979 vohis
1312 909 1496 977 exsultantis
1518 927 1608 989 prae-

290 1008 381 1073 donis
402 1009 574 1075 audaciam.
616 1010 701 1073 xlv.
723 1008 818 1085 Quod
839 1009 867 1072 si
887 1027 951 1071 non
972 1008 1113 1072 Fortuna
1132 1008 1225 1071 nobis
1246 1006 1340 1073 modo
1356 1003 1526 1087 eripuisset
1540 1001 1606 1065 Ser.

290 1102 465 1187 Sulpicium
493 1104 627 1187 eiusque
656 1102 810 1184 collegam
840 1109 929 1175 ante,
958 1103 1000 1165 M.
1023 1100 1206 1167 Marcellum
1227 1135 1269 1149 —
1290 1119 1371 1185 quos
1393 1095 1494 1162 civesi
1525 1108 1630 1179 quoss

290 1196 389 1259 virosi
411 1229 454 1245 ·-
479 1198 506 1260 si
534 1199 597 1263 duo
623 1196 770 1261 consules
791 1194 998 1259 amicissimos
1019 1196 1158 1277 patriae,
1189 1194 1283 1261 simul
1305 1214 1345 1257 ex
1366 1190 1458 1255 Italia
1479 1189 1606 1264 eiectos,

290 1293 318 1356 si
339 1292 375 1355 L.
395 1290 573 1367 Afranium,
596 1310 752 1356 summum
773 1289 902 1363 ducem,
924 1289 950 1350 si
971 1288 1005 1349 P.
1026 1288 1211 1363 Lentulum,
1233 1288 1334 1381 cipern
1354 1307 1425 1350 cum
1446 1286 1480 1351 in
1495 1282 1606 1347 ceteris
1718 1246 1748 1339 s
1793 1368 1796 1375 Ι

289 1385 400 1459 rebus,
419 1393 486 1449 tum
507 1388 540 1449 in
561 1385 662 1449 salute
683 1403 753 1447 mea
775 1382 983 1464 singularem,
1006 1381 1033 1445 si
1055 1382 1097 1445 Μ.
1119 1382 1283 1457 Bibulum,
1306 1380 1395 1445 cuius
1417 1385 1466 1443 est
1486 1378 1519 1441 in
1540 1398 1606 1441 rem

290 1480 450 1562 publicam
477 1500 602 1562 semper
623 1477 734 1541 merito
755 1475 884 1541 laudata
904 1476 1098 1551 constantia,
1121 1476 1149 1539 si
1175 1476 1212 1539 L.
1233 1474 1421 1547 Domitium,
1448 1482 1608 1556 praestan·
1638 1509 1649 1584 p

291 1574 450 1638 tissimum
472 1573 592 1668 4444444,
614 1572 642 1637 si
661 1572 800 1655 Appium
820 1570 1002 1643 Claudium,
1025 1568 1092 1653 pari
1113 1568 1278 1633 nobilitate
1293 1574 1325 1631 et
1338 1564 1499 1629 voluntate
1520 1577 1650 1666 prae-top
1732 1548 1757 1627 os

293 1666 408 1743 ditum,
430 1667 458 1730 si
479 1668 512 1729 P.
529 1666 726 1749 Scipionem,
748 1663 955 1728 clarissimum
976 1664 1077 1728 virum
1099 1663 1317 1745 maiorumque
1339 1679 1467 1724 suorum
1489 1658 1609 1723 similli-
1638 1669 1645 1713 .’

292 1779 394 1833 mum,
425 1780 476 1825 res
510 1758 637 1843 publica
664 1765 772 1823 tenere
790 1757 974 1840 potuisset:
1008 1746 1094 1821 osric
1125 1758 1164 1819 iis
1191 1754 1409 1821 consularibus
1436 1773 1500 1817 uon
1527 1759 1611 1816 esset

291 1854 500 1937 Pompeianus
521 1850 742 1935 despiciendus
764 1858 901 1915 senatus.
943 1847 995 1913 30.
1017 1850 1126 1929 Utrum
1145 1850 1241 1933 igitur
1254 1848 1406 1933 aequius,
1426 1854 1530 1911 utrum
1544 1865 1610 1911 me-

290 1946 353 2010 lius
381 1948 427 2012 rei
454 1946 598 2030 publicae
626 1944 704 2020 init,
736 1944 792 2008 Cn.
813 1944 995 2028 Pompeium
1024 1964 1065 2007 an
1093 1950 1247 2011 sectorem
1277 1942 1332 2009 Cn.
1353 1940 1483 2025 Pompei
1505 1941 1610 2004 viuere

291 2040 485 2105 Antonium?
515 2038 579 2119 Qui
599 2059 675 2103 sero
696 2037 862 2121 practoriil
884 2058 1021 2120 quornm
1041 2038 1188 2121 princeps
1210 2038 1252 2101 Μ.
1275 2036 1352 2100 Cato
1372 2034 1521 2117 idemque
1543 2048 1647 2097 444-44

293 2135 381 2199 nium
404 2134 548 2216 gentium
568 2132 684 2196 virtute
703 2131 861 2214 princeps.
897 2130 980 2205 Quid
1002 2131 1143 2216 reliquos
1165 2131 1355 2195 clarissimos
1369 2128 1455 2193 viros
1475 2147 1610 2191 comme-

292 2230 434 2292 morent
466 2226 569 2291 nostis
600 2245 720 2289 omnes.
754 2224 854 2306 Magis
867 2240 999 2302 jvereer
1029 2244 1070 2287 ne
1098 2224 1228 2307 longum
1255 2244 1305 2287 me
1333 2224 1368 2287 in
1397 2218 1609 2287 enumerando

292 2339 389 2402 quam
409 2340 450 2383 ne
470 2321 630 2403 ingratum
649 2319 682 2381 in
703 2317 932 2402 praetereundo
947 2318 1073 2401 putetis.
1107 2316 1170 2393 Qui
1184 2315 1337 2382 aedilicii!
1362 2316 1419 2401 qui
1431 2312 1609 2379 tribuniciil

294 2411 349 2494 qui
378 2412 567 2495 4444444444
603 2412 687 2491 oure
716 2394 938 2489 4444444444
967 2416 1149 2473 senatorum
1176 2418 1209 2473 e
1230 2409 1420 2493 digereret
1442 2406 1611 2473 4444444444

291 2489 373 2601 fuit)
388 2513 424 2570 ut
444 2526 560 2589 magne
580 2506 787 2571 excusatione
809 2505 949 2591 opusiis
971 2504 1027 2581 sit,
1049 2503 1105 2587 qui
1126 2503 1160 2567 in
1181 2503 1236 2567 illa
1256 2510 1355 2567 castra
1369 2522 1433 2566 uon
1447 2508 1649 2567 venerante

292 2600 383 2663 Nunc
404 2600 529 2683 reliqua
549 2598 711 2663 attendite.

378 2694 447 2757 XV.
468 2694 628 2759 Victum
650 2694 886 2758 Ciceronem
907 2693 1046 2755 ducem
1066 2690 1278 2757 habuistis.
1313 2690 1359 2753 Eo
1381 2689 1527 2753 libentius
1549 2690 1613 2752 du·

296 2807 382 2852 cem
407 2787 519 2863 audio,
548 2789 633 2872 quod
662 2796 746 2853 certe
773 2787 826 2851 ille
855 2786 931 2851 dicit
956 2787 1089 2849 invitus:
1118 2804 1190 2849 nam
1221 2784 1260 2849 de
1280 2784 1365 2849 victo
1387 2783 1465 2847 nihil
1486 2783 1612 2858 lahoro;

295 2880 395 2944 iatum
427 2880 513 2945 enim
544 2902 650 2946 meum
677 2890 726 2945 est
756 2882 826 2945 sine
854 2901 888 2945 re
916 2880 1044 2962 publica
1072 2899 1130 2942 nec
1159 2879 1244 2942 vinci
1270 2898 1363 2962 posse
1389 2896 1449 2939 nec
1478 2876 1612 2939 vincere.

276 2966 575 3040 ‘Macedoniam
604 2976 777 3040 munitis
799 2973 1062 3039 exercitibus.
1104 2973 1145 3037 Et
1166 2971 1295 3055 quidem
1315 2969 1402 3033 fratri
1423 2976 1494 3045 tuo,
1517 2969 1573 3053 qui
1594 2987 1650 3036 aas

295 3069 387 3132 vohis
408 3070 489 3135 nihil
511 3070 695 3151 degenerat,
718 3067 918 3133 extorsimus.
953 3068 1130 3131 Africam
1158 3064 1410 3130 commisistis
1431 3064 1536 3129 Varo
1556 3063 1615 3128 bis

296 3171 427 3245 capte.
472 3163 531 3227 Hic
553 3184 623 3227 cum
646 3163 724 3225 Gaio
745 3162 841 3225 iratre
862 3169 954 3245 putat
975 3181 1009 3225 se
1030 3160 1164 3243 litigare.
1201 3160 1243 3222 lu
1265 3158 1418 3243 Syriam
1442 3157 1615 3223 Cassium

297 3257 485 3324 misistis.
517 3258 589 3320 Non
610 3256 706 3339 igitur
726 3256 825 3320 sentis
845 3255 919 3320 huic
940 3274 1054 3319 causae
1077 3254 1185 3319 orbem
1207 3260 1308 3315 terrae
1329 3258 1457 3335 patere,
1474 3259 1506 3316 te
1527 3260 1616 3316 extra

297 3351 492 3415 munitiones
513 3359 585 3415 tuas
603 3350 775 3433 uestigium
793 3350 848 3415 ubi
868 3351 1031 3434 imprimas
1044 3370 1109 3415 non
1122 3347 1263 3412 heberei
1294 3342 1346 3409 34.
1369 3345 1527 3411 Cascam
1548 3346 1616 3409 tri·

296 3442 490 3509 buuatum
512 3463 656 3526 perere
677 3444 790 3528 passi
811 3444 919 3507 estis.
956 3443 1040 3520 Quid
1063 3444 1159 3525 ergo?
1186 3448 1223 3504 ut
1243 3439 1425 3515 Marullum,
1447 3449 1483 3504 ut
1504 3440 1653 3505 Caeso-ee

297 3538 376 3601 tium
403 3558 422 3601 a
448 3558 483 3602 re
512 3538 637 3622 publica
666 3557 900 3602 removeremus
927 3558 1016 3613 eum,
1049 3554 1238 3620 perquem,
1269 3541 1306 3597 ut
1326 3553 1431 3617 neque
1451 3533 1513 3598 hoc
1532 3533 1616 3597 idem

298 3632 430 3715 posthac
450 3652 555 3716 neque
576 3632 677 3697 multa
698 3633 766 3696 eius
787 3631 872 3696 modi
893 3632 1035 3695 accidere
1055 3637 1199 3716 possent,
1223 3627 1381 3693 consecuti
1396 3630 1526 3691 sumus?
1549 3628 1616 3691 Ve-

298 3726 467 3810 ctigalia
503 3726 663 3790 Iuliana
697 3726 887 3814 Lupercis
922 3722 1137 3791 ademistis.
1180 3724 1392 3809 Lupercorum
1424 3720 1617 3786 mentionem

363 4040 387 4092 4.
405 4036 656 4104 confecisseatt-
675 4037 751 4091 44444
767 4038 941 4105 4444444944-
961 4037 985 4091 3.
1005 4034 1258 4091 4444444440-
1277 4030 1620 4085 contendit—ecaritate&

299 4114 438 4167 ati-l.
457 4114 926 4177 Occi-demebtzsiio-
948 4114 1154 4165 modot:modo
1170 4108 1372 4162 4444444440-
1391 4110 1416 4160 44.
1435 4106 1616 4172 cotolet-

298 4190 333 4240 44.
352 4202 406 4239 om.
420 4191 474 4239 mei
492 4216 519 4225 —
537 4190 600 4240 444444
615 4188 633 4241 b
649 4216 675 4227 —
694 4190 743 4241 deo
759 4188 812 4241 bt:
833 4192 894 4241 duos
910 4191 1010 4240 440-
1029 4189 1053 4238 i.
1067 4188 1209 4250 africanam
1226 4197 1241 4235 a
1260 4213 1287 4223 -
1306 4186 1330 4237 8.
1343 4186 1379 4237 ll.
1393 4182 1494 4234 addidit
1504 4180 1577 4234 Klotz
1591 4208 1618 4222 -·

299 4262 405 4315 ettotam
421 4266 457 4314 44
474 4291 500 4303 -
520 4265 548 4315 444
566 4279 640 4327 ,4.44.
658 4266 712 4317 mei
730 4292 757 4301 -
777 4266 801 4316 9.
819 4266 1017 4329 sempermerito
1034 4265 1085 4314 et:
1102 4263 1190 4314 merito
1206 4276 1227 4313 4.
1244 4260 1310 4313 bio
1328 4287 1355 4297 -
1376 4262 1416 4311 444.
1435 4259 1522 4322 optem
1538 4260 1574 4308 44
1592 4282 1619 4295 -

300 4339 476 4402 pesenae
495 4353 548 4391 om.
566 4338 630 4389 b-
646 4342 687 4391 44.
707 4355 777 4404 ap.
796 4342 949 4392 4444444-
965 4340 996 4390 444
1012 4341 1038 4390 t:
1059 4337 1096 4387 444
1112 4336 1239 4388 44444-
1259 4314 1622 4398 44444-’44444444444444

296 4413 460 4475 pompeiacus
476 4412 494 4462 b
508 4436 537 4450 ·-
555 4415 723 4465 dimittier
739 4429 771 4466 .r.
787 4428 813 4477 p.
833 4416 845 4465 t
862 4441 889 4450 -
908 4414 948 4465 44.
966 4413 1066 4476 farciri
1083 4409 1358 4475 -PompeiibiO-
1379 4412 1419 4462 45.
1437 4410 1619 4460 4444444ιί4444-

301 4488 361 4550 444444
375 4501 434 4539 vero
446 4490 588 4550 praetorios
605 4490 812 4542 ed.Ven.tlit.
827 4515 855 4527 -
874 4490 941 4540 4444444
957 4490 967 4538 4
984 4514 1012 4523 -
1031 4488 1072 4539 46.
1084 4490 1177 4539 uirtute
1193 4487 1217 4536 i:
1235 4487 1287 4536 44444
1302 4490 1344 4536 ets
1359 4486 1386 4547 t3
1404 4485 1447 4535 eir
1462 4485 1513 4535 44444
1530 4481 1572 4533 ab
1589 4510 1622 4519 -

301 4563 344 4625 qui
360 4575 376 4613 a
395 4590 422 4600 -
444 4564 514 4613 atros
529 4565 679 4615 clarissimos
695 4564 714 4615 b
732 4592 760 4601 -
784 4567 823 4617 as.
841 4566 870 4614 444
883 4563 1065 4627 praetercundo
1081 4576 1133 4615 om.
1152 4564 1178 4621 t;
1200 4562 1227 4611 444
1245 4574 1300 4613 om.
1319 4573 1334 4610 a
1353 4586 1380 4596 -
1399 4558 1623 4623 paid--qcidn

301 4638 395 4699 poich
414 4664 442 4676 -
462 4640 502 4689 49.
521 4646 663 4699 quaestores
679 4640 688 4689 i
707 4668 734 4677 —
757 4640 824 4706 444444]
842 4640 885 4703 poi
902 4640 929 4690 44
951 4639 1007 4701 (eei
1022 4638 1093 4689 44444444
1108 4634 1187 4687 tolca?
1203 4635 1225 4697 4)
1245 4662 1272 4671 -
1296 4634 1337 4687 90.
1356 4634 1387 4685 444
1402 4636 1429 4685 4;
1453 4633 1524 4695 44ος
1542 4634 1580 4683 4444
1595 4634 1622 4690 4;

302 4726 354 4763 om.
373 4727 389 4763 a
408 4738 435 4751 -
453 4714 634 4764 iotttcabt:
657 4715 798 4766 4444444440
817 4741 843 4751 -
866 4715 908 4765 st.
926 4710 1188 4764 adsocies-23.
1207 4710 1280 4775 quod]
1299 4710 1419 4771 qaia-
1438 4708 1622 4773 9444444444

304 4814 331 4823 -
350 4788 612 4851 9444444444444444444
631 4790 838 4850 4444044444-
856 4788 1061 4854 qeio]qcct—·
1080 4787 1121 4836 ai.
1139 4784 1269 4847 cooptot;
1288 4788 1425 4847 aptos-
1443 4782 1624 4844 9944444440

303 4876 364 4913 cum
380 4862 473 4915 Lemb.
492 4864 519 4914 et
535 4863 596 4913 cod.
614 4864 715 4915 Ursini:
733 4878 826 4927 perere
842 4866 851 4915 i
869 4864 911 4926 (ct.
929 4862 965 4915 ad
980 4876 1007 4928 p.
1026 4860 1100 4924 4949,
1117 4860 1174 4923 43);
1190 4859 1278 4924 {caere
1293 4855 1328 4919 h;
1348 4869 1400 4908 om.
1419 4858 1455 4906 44
1472 4883 1500 4892 -
1523 4856 1565 4907 99.
1583 4856 1625 4904 444-
1707 4914 1712 4922 ¹

299 4938 397 5001 4444444444
413 4939 446 4988 ai
464 4966 491 4975 -
510 4938 615 4989 Cascam
630 4936 663 4987 b:
682 4952 782 4991 cassem
796 4954 828 5001 a3
846 4947 942 4992 castam
958 4939 986 4990 44
1003 4964 1030 4974 -
1050 4936 1091 4988 ³0.
1111 4934 1197 4999 044444
1214 4948 1272 4999 erpo
1288 4938 1317 4985 444
1332 4931 1448 4983 distinxit
1464 4930 1576 4982 Schuetz
1594 4956 1622 4966 -

301 5014 455 5065 moestum
471 5016 496 5075 ti
514 5012 657 5065 mamm
672 5012 705 5075 b;
724 5014 757 5066 ci.
775 5015 942 5069 Mommsenii
956 5013 1014 5067 ind.
1032 5014 1052 5065 1.
1070 5012 1152 5077 Ncsp.
1171 5024 1197 5076 p.
1215 5009 1272 5063 449.
1293 5035 1320 5047 -
1338 5008 1475 5061 Caesetium
1490 5004 1625 5059 Ferrarius

303 5104 633 5169 cousummasset:
656 5088 721 5159 αὖ.
738 5109 815 5161 acm
830 5112 855 5167 4;
877 5088 944 5161 ὦ.
964 5108 1042 5161 mm
1062 5105 1119 5168 ao;
1142 5084 1238 5157 444444.
1257 5104 1333 5157 amm
1348 5105 1358 5155 4
1374 5130 1402 5142 -
1425 5102 1467 5153 44.
1484 5102 1517 5153 ao
1533 5098 1575 5153 ae
1595 5125 1621 5139 -

300 5174 1624 5243 resecemus:mommh23mormt-eocssmnos:cooit;saonb;saoamc

303 5257 366 5308 alO
389 5284 416 5296 -
438 5257 480 5310 32.
497 5258 550 5311 44444
567 5260 636 5311 medi
659 5256 737 5310 abt:
762 5257 1004 5311 444444444οῶ40-
1027 5258 1134 5323 accipie
1149 5258 1282 5319 4444444444;
1309 5250 1492 5309 ceciderim
1506 5246 1627 5305 mdabat-
