4009 6159
418 531 501 601 litto
812 545 963 610 ORATIO
986 546 1064 611 PRO
1088 548 1149 612 CN.
1170 548 1342 615 PLANCIO

417 708 477 771 erit
497 712 652 776 maximae
671 713 811 795 gloriae?
833 736 945 798 quem,
967 722 1003 782 nt
1024 723 1115 799 potes
1137 737 1178 780 ex
1193 718 1298 782 rnrrltis
1313 718 1440 794 audire,
1462 720 1517 804 qui
1539 729 1605 786 tum
1627 725 1736 788 adiue-

415 805 505 877 runt,
533 812 655 870 constat
682 807 880 873 invitissimis
905 810 979 874 viris
1006 811 1099 874 bonis
1129 813 1279 887 cessisse,
1307 833 1365 876 nec
1385 813 1483 878 luisse
1505 815 1635 879 dubium
1657 819 1735 899 quin

415 896 619 962 contentione
647 907 679 965 et
706 902 801 965 armis
829 903 973 985 superior
999 913 1109 987 posset
1137 926 1218 969 esse.
1255 908 1338 988 Ergo
1360 907 1413 971 ille
1436 928 1508 972 curn
1530 929 1640 984 suum,
1670 930 1735 972 non

415 1007 487 1050 cuns
517 998 646 1056 senatus
678 994 795 1059 lactum
826 996 1026 1073 defenderet,
1059 1019 1130 1062 cum
1159 1001 1424 1082 perseverantiam
1452 1003 1626 1067 sententiae
1648 1024 1734 1077 suae,

391 1099 479 1146 enon
500 1083 634 1149 euntem
655 1089 702 1153 rei
722 1089 867 1172 publicae
888 1091 1084 1166 retinuisset,
1107 1100 1212 1158 tamen
1234 1094 1275 1158 ob
1297 1095 1384 1158 illam
1399 1115 1531 1168 causam,
1554 1097 1641 1180 quod
1655 1097 1734 1162 illud

414 1174 625 1242 voluntarium
645 1182 760 1246 vulnus
781 1184 917 1266 accepit,
946 1185 1135 1250 iustissimos
1167 1189 1305 1252 omnium
1327 1189 1525 1254 Metellorum
1547 1198 1579 1252 et
1600 1190 1735 1253 clarissi-

414 1289 483 1332 mos
503 1271 679 1357 triumphos
700 1277 801 1358 gloria
822 1284 855 1340 et
875 1277 968 1341 laude
989 1280 1165 1362 superarit,
1189 1281 1277 1365 quod
1293 1290 1324 1345 et
1345 1283 1417 1348 illos
1439 1285 1525 1368 ipsos
1543 1284 1734 1369 improbissi-

414 1383 483 1426 mos
505 1366 590 1432 cives
611 1367 742 1435 interfici
764 1372 868 1435 noluit
889 1380 922 1436 et
942 1393 983 1436 ne
1005 1373 1077 1457 quis
1098 1374 1201 1438 bonus
1220 1378 1363 1440 interiret
1377 1377 1411 1439 in
1426 1378 1535 1440 eadem
1552 1377 1649 1441 caede
1662 1397 1734 1460 pro-

414 1458 507 1522 vidit:
532 1481 590 1544 ego
612 1465 707 1528 tantis
729 1466 879 1548 periculis
901 1469 1073 1550 propositis
1096 1489 1181 1544 cum,
1204 1470 1231 1533 si
1253 1471 1355 1534 rictus
1378 1491 1497 1545 essem,
1519 1471 1666 1536 interitus
1686 1471 1733 1534 rei

378 1552 574 1636 republicae,
597 1557 623 1621 si
645 1559 807 1634 vicissem,
829 1556 951 1624 infinita
965 1561 1126 1627 dimicatio
1148 1572 1326 1648 pararetur,
1348 1566 1574 1630 committerem
1594 1572 1630 1628 nt
1649 1564 1734 1628 idem

414 1646 554 1728 perditor
576 1652 623 1714 rei
655 1653 800 1735 publicae
825 1655 1023 1731 nominarer,
1051 1657 1106 1740 qni
1132 1664 1271 1721 servator
1296 1657 1448 1723 fuissem?
1496 1658 1655 1722 xxxvii.
1682 1655 1733 1721 90.

414 1742 548 1806 llortem
574 1766 626 1809 me
647 1747 789 1812 timuisse
811 1749 915 1832 dicia,
940 1751 1105 1833 ligavero
1126 1770 1167 1814 ne
1188 1751 1451 1815 immortalitatem
1474 1753 1603 1836 quidem
1625 1761 1734 1817 contra

414 1853 480 1899 rem
502 1838 661 1919 publicam
682 1843 898 1926 accipiendam
919 1852 1081 1928 putarem,
1109 1843 1225 1908 nedum
1247 1846 1344 1908 emori
1368 1865 1438 1909 curn
1460 1849 1600 1929 pernicie
1614 1851 1660 1912 rei
1674 1869 1734 1932 pu·

413 1928 515 1994 blicae
537 1933 661 1998 vellem.
694 1937 772 2000 Nam
794 1938 850 2020 qui
869 1957 927 2021 pro
949 1958 983 2001 re
1014 1937 1140 2021 publica
1161 1939 1257 2002 num
1279 1938 1461 2014 ediderunt,
1482 1940 1557 2006 licet
1578 1963 1628 2006 me
1650 1943 1734 2006 desi·

377 2042 489 2107 tepere
511 2025 638 2104 dicatis,
659 2050 832 2115 numquam
854 2031 1053 2096 mehercule
1076 2051 1130 2096 eos
1153 2039 1283 2096 mortem
1305 2033 1411 2115 potius
1433 2053 1528 2117 qaam
1549 2035 1733 2101 immortali-

360 2145 362 2148 >
414 2125 509 2184 tatem
537 2131 698 2188 assecutos
728 2128 844 2208 putavi.
888 2128 1056 2210 ligavero
1086 2129 1114 2192 si
1143 2133 1209 2190 tum
1239 2125 1366 2189 illorum
1395 2127 1563 2209 impiorum
1588 2128 1671 2194 lerro
1696 2150 1734 2193 ao

414 2233 508 2277 manu
536 2217 760 2294 concidissem,
787 2220 821 2282 in
850 2228 1038 2304 perpetuum
1066 2239 1116 2284 res
1145 2219 1271 2303 publica
1291 2219 1383 2282 civile
1404 2220 1599 2302 praesidium
1620 2224 1733 2288 salutis

414 2327 489 2370 suae
510 2311 716 2393 perdidisset;
740 2315 817 2397 qnin
839 2315 933 2378 etiam
941 2305 981 2392 (si
1003 2333 1053 2378 me
1075 2313 1122 2376 vis
1144 2314 1251 2396 aliqua
1265 2314 1365 2376 morbi
1380 2321 1435 2377 aut
1449 2323 1561 2379 natura
1574 2318 1643 2403 ipsa
1657 2338 1733 2382 con·

236 2427 298 2497 ,μὴ
414 2395 623 2495 sumpsisset)
634 2414 740 2472 tamen
762 2409 882 2472 auxilia
900 2407 1096 2494 posteritatis
1112 2413 1218 2470 essent
1231 2407 1412 2481 imminuta,
1435 2409 1522 2491 quod
1536 2420 1733 2494 peremptum

377 2503 498 2562 acesset
519 2493 589 2562 mea
610 2511 711 2566 morte
733 2501 765 2565 id
788 2504 968 2588 exemplum
975 2493 998 2576 μ’
1008 2501 1110 2584 qualis
1131 2500 1255 2564 iuturus
1277 2501 1311 2562 in
1333 2521 1383 2564 me
1412 2498 1599 2586 [retinendo]
1622 2504 1734 2570 luisset

240 2612 317 2701 W*
363 2590 367 2604 “
413 2597 766 2684 sethpopulnsque
787 2596 971 2667 immanuel
987 2598 1037 2660 An
1059 2597 1087 2660 si
1107 2615 1256 2679 umquam
1271 2595 1353 2659 ritae
1368 2597 1526 2679 cupiditas
1543 2599 1577 2661 in
1592 2621 1641 2663 me
1654 2599 1734 2662 iuis-

413 2690 477 2759 sot,
500 2705 559 2768 ego
581 2709 689 2753 mense
710 2691 875 2755 Decembri
896 2694 960 2757 mei
974 2689 1158 2756 consulatus
1173 2689 1313 2753 omnium
1332 2691 1558 2772 parricidarum
1571 2693 1634 2756 tela
1649 2713 1733 2756 eom·

413 2783 571 2844 mossemt
600 2803 697 2867 quae,
727 2785 754 2848 si
775 2786 884 2867 viginti
906 2787 1066 2869 quiessem
1087 2784 1170 2858 dies,
1199 2786 1233 2848 in
1253 2784 1386 2849 aliorum
1407 2784 1546 2866 vigiliam
1567 2785 1733 2850 consulum

411 2873 606 2940 recidissent
649 2876 750 2952 Quam
781 2879 822 2943 ob
843 2899 911 2942 rern
940 2880 967 2943 si
988 2882 1072 2944 vitae
1093 2879 1248 2961 cupiditas
1270 2886 1380 2942 contra
1407 2898 1473 2944 rem
1502 2879 1661 2962 publicam
1683 2889 1732 2944 est

373 2969 528 3052 aeturpie,
557 2977 642 3034 certe
668 2972 769 3035 multo
797 2973 908 3036 mortis
938 2971 1094 3058 cupiditas
1122 2991 1193 3036 mea
1221 2973 1342 3055 turpior
1369 2971 1480 3036 luisset
1501 2993 1571 3037 oum
1593 2974 1732 3056 pernicie

412 3062 558 3128 civitatis.

494 3153 546 3221 ol.
567 3161 646 3224 Nam
668 3161 752 3243 qnod
775 3168 806 3226 te
829 3180 898 3224 esse
921 3162 955 3224 in
976 3180 1010 3224 re
1033 3160 1159 3244 publica
1181 3160 1316 3224 liberum
1339 3179 1372 3223 es
1395 3159 1554 3244 gloriatus,
1576 3161 1609 3224 id
1627 3181 1685 3244 ego
1700 3171 1733 3226 et

411 3251 511 3316 fateor
537 3261 569 3318 et
593 3255 695 3319 laetor
721 3262 754 3320 et
775 3255 832 3319 tibi
854 3255 947 3318 etiam
969 3257 1002 3319 in
1025 3255 1086 3319 boc
1107 3255 1264 3337 gratulor:
1296 3252 1379 3338 qnod
1403 3273 1453 3317 me
1474 3263 1579 3318 autem
1601 3257 1731 3338 negasti,

410 3347 444 3409 in
466 3368 504 3411 ec
525 3369 630 3432 neque
651 3359 682 3413 te
704 3371 808 3434 neque
831 3369 1023 3434 quemquam
1044 3348 1164 3412 diutius
1186 3349 1288 3431 patiar
1305 3367 1419 3412 errare.
1462 3348 1637 3410 xxxvfll.
1652 3351 1730 3412 Nam

373 3443 438 3506 eosi
460 3441 532 3525 quis
553 3443 674 3525 idcirco
693 3443 813 3527 aliquid
834 3444 874 3506 de
896 3444 1041 3507 libertate
1063 3461 1134 3505 mea
1155 3440 1350 3504 deminutum
1370 3447 1475 3525 putat,
1497 3441 1582 3523 quod
1603 3461 1670 3506 non
1691 3444 1729 3507 ab

411 3535 556 3598 omnibus
578 3537 711 3612 eisdem,
733 3557 753 3601 a
775 3538 889 3620 quibus
911 3544 1004 3600 antea
1026 3537 1138 3600 solitus
1154 3554 1222 3598 sum
1239 3535 1419 3609 dissentire,
1443 3535 1645 3610 dissentiam,
1666 3538 1731 3620 pri·

411 3648 513 3703 mum,
535 3630 562 3694 si
583 3630 664 3695 bene
687 3630 727 3694 de
748 3650 799 3696 me
820 3631 939 3694 meritis
961 3637 1082 3713 gratum
1106 3649 1155 3692 me
1177 3628 1332 3712 praebeo,
1354 3647 1419 3692 non
1439 3628 1550 3693 desino
1572 3631 1731 3695 incurrere

411 3723 444 3784 in
472 3723 589 3788 caman
617 3725 755 3789 bominis
783 3726 917 3790 nimium
944 3724 1092 3788 memoris
1117 3725 1313 3807 nimiumque
1334 3723 1432 3806 grati;
1463 3723 1512 3787 sin
1542 3731 1646 3788 antem
1674 3725 1732 3789 ali-

411 3817 538 3899 qnando
569 3819 638 3883 sine
670 3820 737 3884 ullo
769 3820 815 3884 rei
843 3819 987 3903 publicae
1016 3818 1205 3883 detrimento
1232 3817 1366 3902 respicio
1389 3818 1484 3880 etiam
1505 3817 1637 3882 salutem
1659 3838 1731 3881 cum

373 3929 529 3987 aenaeam,
560 3920 627 3978 tum
660 3934 819 3989 meorum,
851 3921 936 3978 certe
966 3932 1032 3978 non
1054 3912 1148 3977 modo
1171 3932 1236 3976 non
1257 3931 1327 3974 sum
1348 3910 1643 3993 reprehendendus,
1675 3913 1732 3975 sed

411 4005 523 4081 etiam,
545 4008 571 4071 si
592 4026 683 4071 ruere
706 4007 836 4084 vellent,
857 4008 933 4072 boni
947 4007 1008 4072 viri
1030 4026 1080 4070 me
1102 4013 1137 4068 nt
1157 4005 1190 4069 id
1211 4025 1253 4068 ne
1267 4004 1402 4068 iacerem
1416 4011 1572 4088 rogarent.
1603 4002 1654 4070 92.
1669 4007 1731 4070 Res

411 4121 486 4164 vero
507 4100 578 4185 ipsa
598 4101 743 4185 publica,
765 4103 793 4165 si
814 4101 903 4186 loqui
924 4108 1049 4186 posset,
1071 4108 1178 4183 ageret
1201 4120 1323 4163 mecum
1346 4107 1395 4174 ut,
1417 4100 1568 4183 qnoniam
1585 4099 1644 4162 sibi
1666 4119 1731 4163 ser-

410 4195 525 4258 vissem
553 4215 694 4278 semper,
721 4214 892 4280 numquam
922 4195 1015 4270 mibi,
1042 4194 1164 4258 tructus
1191 4201 1296 4258 autem
1319 4212 1359 4256 ex
1381 4212 1450 4256 sese
1472 4212 1553 4269 non,
1582 4199 1617 4257 ut
1638 4213 1731 4276 opor·

409 4289 538 4365 tuisset,
567 4289 667 4354 laetos
697 4296 729 4353 et
754 4289 884 4366 uberes,
913 4289 969 4353 sed
989 4307 1104 4371 magna
1126 4288 1295 4352 acerbitate
1315 4287 1489 4370 permixtos
1510 4287 1667 4363 tulissem,
1695 4296 1732 4351 ut

476 4580 693 4631 tmaeimeTE
712 4606 738 4618 -
758 4578 1149 4642 auttamadadsoenmtT-
1168 4579 1193 4628 Τ.
1211 4577 1452 4628 inuictieebuirT-
1472 4577 1731 4630 utammootltam

409 4669 525 4718 cassam,
544 4657 610 4719 puae
625 4653 755 4706 Klotziue:
773 4659 858 4705 tamea
874 4653 904 4704 ob
920 4653 990 4704 illam
1006 4655 1073 4714 quad
1088 4654 1153 4714 ΤΕ;
1172 4659 1255 4704 tamea
1266 4665 1342 4714 amaa
1353 4659 1415 4701 cum
1427 4651 1566 4702 Garatonio
1578 4654 1597 4702 0
1611 4679 1636 4688 -
1657 4653 1681 4702 6.
1693 4654 1732 4703 ta-

408 4732 710 4795 essenon-separabo
732 4728 814 4781 habet
829 4731 851 4780 Δ
869 4754 896 4764 -
923 4729 948 4778 7.
965 4728 1050 4793 plasta
1070 4733 1094 4780 et
1112 4729 1187 4779 made
1208 4729 1377 4779 Garatonius:
1403 4727 1499 4791 plastae
1515 4727 1589 4777 laude
1603 4728 1681 4778 llTE
1697 4757 1730 4766 —

408 4807 592 4870 ioprabirsbaar
612 4807 718 4858 asaruT
737 4831 764 4842 -
788 4806 813 4856 8.
831 4804 912 4856 calab
931 4805 951 4853 Τ
970 4830 997 4841 -
1025 4805 1081 4856 cede
1097 4806 1117 4855 T
1136 4831 1162 4842 -
1185 4805 1224 4854 lb.
1243 4804 1448 4854 inmortalitatem
1464 4804 1496 4864 T,
1514 4803 1578 4852 item
1595 4815 1621 4852 v.
1639 4803 1680 4852 lb.
1701 4829 1728 4840 -

410 4883 450 4932 46.
468 4883 595 4932 adrem
610 4883 631 4931 T
649 4908 676 4917 -
695 4882 736 4931 lll.
754 4881 878 4931 meinata
894 4882 913 4929 T
932 4905 959 4914 -
983 4879 1025 4930 20.
1043 4881 1169 4930 retinendo
1185 4876 1227 4929 vel
1245 4877 1387 4930 delendum
1404 4891 1463 4929 esse
1481 4874 1523 4928 vel
1539 4878 1566 4927 in
1582 4877 1730 4928 reuoluenda

410 4958 567 5010 mutandum
583 4957 687 5008 censuit
697 4956 867 5016 Garatonlus3
880 4955 957 5006 uncis
968 4952 1072 5006 inclusit
1085 4955 1244 5006 Wunderus.
1259 4980 1286 4990 —
1305 4955 1347 5004 nt.
1359 4954 1428 5004 attae
1443 4953 1568 5016 capacem
1583 4953 1610 5002 io
1620 4967 1659 5004 cre
1669 4953 1728 5006 TE:

408 5030 745 5094 tnnaamemptatsaso
765 5055 789 5068 -
813 5030 1093 5081 22cormaouissemss
1112 5055 1138 5064 -
1166 5028 1418 5092 eenamcenam}
1437 5027 1729 5090 quidemdicseseerull

411 5135 439 5145 -
457 5109 499 5160 27.
517 5120 567 5158 ecca
582 5108 610 5157 io
625 5119 654 5156 re
671 5119 705 5167 ,μ
722 5103 826 5154 liberam
841 5118 867 5156 ee
882 5105 1005 5168 aonam
1021 5105 1083 5156 TE:
1102 5105 1129 5154 ia
1144 5103 1287 5166 republica
1303 5105 1407 5156 acmen
1423 5102 1610 5167 ampullatus
1625 5104 1726 5154 eaO-

411 5184 451 5234 33.
469 5182 606 5244 diouanda
622 5181 688 5231 TE:
706 5191 760 5230 om.
779 5180 799 5230 Ο
818 5207 845 5216 -
864 5179 904 5230 el.
922 5182 998 5233 etiam
1014 5182 1078 5233 TE:
1101 5181 1177 5232 ettam
1192 5179 1328 5242 attamen
1344 5180 1364 5230 Ο
1383 5203 1410 5215 -
1434 5191 1491 5230 man
1507 5178 1540 5230 T:
1563 5182 1616 5230 tuot
1632 5177 1681 5228 EO
1700 5205 1727 5214 -

412 5258 453 5309 ³7.
470 5257 526 5324 tpsa
542 5269 596 5310 om.
614 5257 634 5312 T
654 5282 680 5291 -
699 5254 739 5310 39.
756 5253 844 5307 werae
859 5255 888 5305 T.
1427 5289 1434 5302 .
