4009 6159
672 577 979 645 44444-444.
1005 573 1219 662 sset-n.
1521 573 1604 643 4444

286 756 358 825 404,
378 767 439 813 440
459 747 595 812 amicum
617 745 641 828 4
661 748 850 832 prudentem
871 767 1019 812 corruere
1037 747 1173 832 patitur:
1199 767 1258 811 nec
1280 745 1367 810 illius
1387 745 1485 810 animi
1506 747 1606 812 aciem

286 842 490 928 praestringit
518 840 671 925 splendor
701 843 751 906 sui
778 842 932 918 nominis,
960 862 1020 906 nec
1048 843 1161 906 mentis
1190 839 1281 926 444444
1310 839 1481 904 luminibus
1510 838 1608 906 officit

285 936 419 1002 altitudo
449 934 597 999 iortuuae
625 943 658 999 et
684 935 813 1018 gloriae.
856 933 906 1000 ll.
930 937 1001 1001 Sint
1027 956 1102 1000 sane
1129 936 1185 1000 illa
1214 953 1343 1019 magua,
1373 954 1511 1019 quaere
1533 957 1608 1002 4444

285 1036 512 1113 magnasunt:
534 1030 575 1094 de
596 1029 713 1093 iudicio
735 1031 834 1094 animi
856 1030 936 1105 mei,
957 1036 993 1094 44
1013 1029 1100 1094 40144
1120 1031 1272 1114 quisque,
1294 1029 1426 1106 sentiat;
1448 1030 1607 1113 egoenim
1731 1098 1734 1108 ,

285 1123 368 1188 14444
395 1124 429 1186 44
458 1124 555 1187 444444
584 1124 715 1207 opibus,
747 1130 832 1187 44444
859 1123 984 1188 fortuna
1010 1122 1230 1188 liberalitatem
1251 1122 1284 1185 iu
1305 1141 1398 1197 suos,
1426 1125 1632 1187 memoriame
1691 1195 1696 1204 4

288 1218 444 1282 amicitiae
472 1216 604 1300 reliquis
632 1217 800 1280 virtutibus
822 1217 967 1281 omuibus
990 1223 1156 1300 antepono.
1193 1215 1296 1291 Quam
1318 1216 1446 1300 quidem
1467 1237 1538 1292 404,
1559 1218 1609 1282 iu·

287 1311 390 1386 dices,
420 1312 488 1376 eius
510 1311 544 1373 in
565 1329 649 1374 noro
671 1329 787 1392 genere
807 1310 999 1385 bonitatem,
1021 1309 1202 1373 inusitatam
1225 1309 1316 1374 claris
1337 1329 1375 1372 ac
1396 1312 1610 1394 praepotenti·

285 1406 346 1468 bus
367 1406 458 1478 viris,
492 1424 554 1468 non
576 1403 670 1466 modo
692 1422 757 1466 nou
780 1406 941 1486 aspernari
962 1424 1000 1467 ac
1021 1403 1174 1478 refutare,
1196 1403 1253 1466 sed
1274 1403 1440 1487 complecti
1463 1405 1555 1467 etiam
1577 1409 1611 1468 et

286 1518 403 1580 augere
431 1496 570 1571 debetis,
597 1504 629 1560 et
657 1517 695 1560 co
720 1498 835 1580 magis,
868 1497 955 1581 quod
983 1497 1096 1561 videtis
1118 1496 1177 1560 bos
1199 1497 1292 1579 444444
1314 1503 1456 1580 sumptos
1479 1497 1547 1561 dies
1568 1496 1608 1560 ad

285 1590 536 1656 labefactandam
565 1589 649 1653 illius
677 1591 877 1673 dignitatem:
907 1611 947 1654 44
974 1611 1038 1674 qua
1059 1590 1106 1652 illi
1132 1591 1213 1654 nibil
1234 1589 1355 1653 detrahi
1376 1598 1494 1673 potest,
1523 1590 1609 1674 quod
1619 1603 1647 1649 40

287 1705 354 1748 404
375 1691 430 1748 444
450 1683 573 1748 fortiter
593 1680 672 1747 ierat
692 1691 746 1748 4444
767 1683 859 1747 facile
881 1685 1034 1748 restituat.
1069 1684 1303 1748 Amicissimum
1323 1683 1482 1749 bominem
1505 1685 1531 1748 si
1553 1686 1611 1749 bo·

286 1787 410 1842 4444444
433 1777 600 1860 spoliatum
622 1777 774 1853 audierit,
795 1797 855 1842 uec
877 1779 946 1842 sine
968 1798 1082 1862 magno
1098 1777 1207 1843 dolore
1224 1777 1318 1870 ieret,x
1340 1797 1399 1842 nec
1414 1780 1446 1842 id
1461 1780 1611 1856 amiserit,
1714 1814 1719 1826 ·

289 1871 377 1955 quod
398 1892 493 1954 posse
514 1878 622 1955 speret
645 1873 834 1954 recuperari.

372 1966 470 2029 xvii.
499 1962 550 2029 15.
581 1968 663 2030 Satis
693 1965 791 2030 444444
820 1966 1001 2030 1404444644
1030 1985 1095 2030 404
1124 1966 1244 2050 iniquis
1272 1964 1351 2031 baec
1379 1986 1450 2032 4444
1479 1966 1611 2046 446444,

288 2060 383 2124 nimis
413 2060 508 2124 etiam
538 2060 638 2123 multa
665 2059 772 2134 robis,
802 2080 884 2144 quos
906 2060 1115 2144 aequissimos
1137 2079 1208 2123 csse
1230 2059 1428 2124 confidimus.
1469 2062 1549 2138 Sed,
1576 2070 1649 2128 444444

290 2154 432 2219 omnium
457 2153 510 2218 441
538 2153 712 2237 4444444044
732 2152 784 2216 441
808 2152 1052 2217 malevolentiae
1073 2151 1125 2216 441
1146 2152 1325 2218 crudelitati
1345 2155 1421 2217 satis
1441 2154 1512 2218 14444
1541 2176 1613 2221 400-

290 2248 387 2311 441444
407 2248 576 2332 pecuniam
597 2248 780 2321 Postumus,
809 2247 908 2310 latent
933 2245 1039 2328 regiae
1062 2244 1218 2309 diutinas
1255 2247 1373 2330 Ecquis
1394 2255 1504 2312 44444
1523 2256 1612 2314 tauto

289 2343 424 2426 populo,
448 2342 502 2426 4444
523 2342 609 2405 14044
632 2341 665 2404 C.
687 2340 805 2404 Rabirii
825 2338 966 2403 Postumi
988 2359 1118 2403 nummo
1141 2342 1285 2405 sestertio
1308 2341 1369 2404 sibi
1390 2341 1495 2406 444444
1514 2342 1612 2407 veliti

292 2434 354 2498 Sed
375 2436 526 2501 miserum
546 2456 611 2511 me,
634 2442 754 2519 quanto
775 2435 836 2498 boc
857 2433 923 2497 4444
945 2453 1019 2496 oum
1033 2431 1161 2497 4010441
1184 2434 1284 2510 Hem,
1306 2436 1468 2510 Postume,
1486 2444 1563 2500 tunc
1578 2455 1613 2501 es

291 2528 325 2591 C.
344 2527 442 2591 Curtii
464 2525 565 2605 lilius,
588 2529 621 2593 C.
636 2529 753 2592 Rabirii
770 2527 888 2592 iudicio
904 2526 1112 2591 etroluutate
1125 2523 1226 2603 141444,
1249 2535 1362 2592 natura
1376 2531 1492 2594 sororis
1506 2527 1612 2596 4414444
1622 2543 1650 2592 to

290 2628 368 2686 tune
390 2620 445 2686 4114
467 2624 501 2686 444
523 2643 633 2688 0444444
654 2632 726 2687 4404
747 2623 909 2686 liberalis?
932 2621 1023 2685 cuius
1039 2620 1534 2706 444144414044444410444414444444
1557 2625 1613 2709 qui

291 2715 371 2781 nibil
401 2716 594 2800 profudisti?
623 2717 703 2780 nibil
732 2717 829 2780 ullam
856 2717 890 2779 444
918 2715 1080 2778 libidinem
1109 2715 1295 2779 contulisti?
1333 2718 1418 2792 Tua,
1448 2719 1613 2793 Postume,

292 2830 421 2874 nummo
451 2812 596 2875 sestertio
622 2831 641 2874 4
669 2830 721 2874 me
741 2809 941 2874 addicuntur.
984 2805 1035 2870 46.
1058 2807 1085 2871 0
1107 2827 1211 2872 meum
1233 2809 1381 2874 miserum
1403 2811 1613 2893 acerbumque

291 2905 514 2989 praeconiuml
535 2907 577 2968 nt
596 2904 659 2967 boc
681 2904 774 2967 etiam
797 2911 884 2987 optat
905 2902 1017 2976 miser,
1039 2908 1076 2964 ut
1096 2901 1139 2964 444
1159 2903 1242 2966 bona
1256 2913 1406 2981 4444444,
1427 2913 1464 2969 44
1477 2904 1614 2970 solidum

292 3019 384 3062 suum
407 3000 522 3082 cuique
542 2999 689 3083 40144444.
732 2997 818 3060 Nihil
846 2998 910 3059 iam
931 2996 1019 3060 aliud
1042 2995 1103 3058 nisi
1124 2995 1219 3060 fidem
1242 3006 1346 3060 curat:
1372 3019 1431 3063 nec
1453 3021 1508 3064 404
1530 3000 1652 3075 buinna

292 3095 319 3157 44
348 3094 410 3156 iam
440 3092 582 3156 oblivisci
609 3098 732 3155 vestrae
760 3088 1010 3154 mausuetudinis
1037 3089 1216 3165 volueritis,
1250 3090 1426 3176 quidquam
1451 3101 1616 3178 praeterea

293 3187 424 3271 potestis
446 3187 580 3269 eripere.
617 3184 727 3262 Quod,
753 3184 891 3260 iudices,
913 3205 954 3248 44
974 3184 1096 3248 faciatis
1118 3203 1174 3247 oro
1197 3184 1402 3270 obtestorque
1422 3206 1497 3263 404,
1519 3195 1614 3273 atque

294 3301 332 3345 40
361 3279 479 3364 magis,
510 3280 536 3343 si
566 3279 743 3344 4444444444
768 3279 903 3361 pecunia
931 3278 1048 3362 petitur
1076 3277 1115 3341 ab
1138 3298 1194 3353 40,
1220 3279 1272 3342 444
1292 3298 1350 3342 444
1370 3300 1436 3344 444
1455 3281 1615 3346 redditore

292 3395 368 3438 nam
397 3374 432 3437 44
461 3394 549 3449 eum,
577 3375 629 3438 oui
656 3372 872 3438 misericordia
898 3371 1046 3454 opitulari
1069 3370 1220 3448 debebat,
1251 3372 1371 3437 invidia
1392 3376 1537 3459 quaesita
1557 3383 1615 3440 est.

292 3464 344 3531 it.
368 3467 430 3532 Sed
454 3468 533 3543 iarn,
556 3468 706 3552 quoniam
728 3487 821 3550 spero
843 3463 936 3529 fidem
960 3466 983 3548 †
1006 3485 1100 3550 quarn
1122 3466 1280 3550 praestiti,
1301 3469 1464 3546 Postume,
1485 3468 1653 3534 reddamto

293 3706 344 3743 non
358 3692 416 3742 sicit
431 3695 502 3743 auci.
520 3691 659 3742 Schuetzio
676 3702 739 3740 cum
756 3689 776 3739 0
792 3686 957 3740 inclusimus.
976 3713 1004 3724 -
1022 3689 1071 3754 lide
1085 3691 1189 3754 fortuna
1204 3703 1236 3750 v;
1254 3690 1361 3754 fortunis
1375 3691 1424 3756 lide
1439 3691 1547 3754 Lamb.;
1567 3707 1616 3759 ego

294 3767 378 3817 4444444
396 3765 483 3816 locum
500 3766 538 3817 sic
555 3764 644 3828 legere
661 3762 767 3814 malim:
785 3763 905 3814 1446044444
921 3764 1029 3826 excepit,
1046 3764 1128 3826 444444,
1145 3765 1262 3833 0404444044
1276 3777 1305 3814 ee
1319 3765 1496 3830 4441040όὶ4404
1505 3769 1615 3819 4444444404.

295 3867 323 3878 -
341 3842 413 3892 bodie
428 3855 524 3904 quoque
541 3840 610 3891 4044.
628 3837 720 3898 0404444
738 3841 767 3890 44
782 3841 824 3889 444
840 3852 887 3901 pue
903 3839 930 3889 44.
948 3837 966 3888 l.
984 3837 1091 3904 copula,
1109 3843 1139 3890 ut
1154 3851 1181 3904 p.
1199 3840 1257 3898 849,
1269 3839 1310 3890 36.
1330 3841 1403 3904 4004,
1415 3841 1456 3893 tt.
1470 3869 1497 3880 -
1518 3844 1542 3894 4.
1550 3859 1617 3908 peu-

294 3917 391 3968 dentem
407 3915 502 3968 codd:
523 3916 656 3979 pudentem
671 3913 705 3975 b;
727 3914 872 3977 pendentem
888 3914 907 3963 0
925 3926 986 3964 cum
1003 3912 1047 3963 ed.
1065 3913 1132 3964 lunt.
1158 3911 1314 3964 Emendatio
1333 3917 1375 3966 444
1391 3916 1505 3978 4444444444
1526 3919 1618 3983 proxi-

296 4003 370 4043 mum
387 3991 456 4042 toret
471 3991 643 4055 inpmdentem
658 3988 701 4040 441
721 3989 865 4052 pudentem,
889 3989 919 4038 44
936 3989 977 4039 444
992 3987 1019 4038 44
1036 3985 1068 4048 64
1091 3985 1140 4039 444
1160 3988 1247 4052 potius
1264 3990 1434 4053 exspectatur
1447 3997 1559 4044 4440440444
1574 3990 1617 4044 401

293 4067 512 4131 praecipitantem,
534 4066 565 4116 ut
582 4066 624 4117 est
639 4075 700 4129 pag.
719 4063 792 4124 4436,
811 4063 851 4114 46.
871 4088 899 4099 -
923 4062 948 4112 i.
963 4062 1128 4126 4440004440ρί4
1143 4063 1266 4113 Garatoni
1282 4065 1310 4114 et
1326 4065 1453 4116 Schuetz:
1472 4068 1619 4133 pesteinpit

296 4141 376 4193 codd.
393 4169 427 4180 -
443 4141 467 4192 i.
484 4146 514 4191 ut
527 4139 605 4201 00404,
623 4141 727 4201 quisque
741 4138 831 4189 40444444
845 4137 873 4188 44
890 4135 951 4188 444.
970 4136 1122 4188 distinctum
1132 4138 1190 4188 ’044.
1205 4163 1232 4174 -
1250 4149 1296 4202 epo
1312 4143 1395 4190 40444044
1410 4141 1476 4194 bunc
1491 4144 1617 4195 Patricius

298 4243 327 4254 ·-
345 4217 370 4268 6.
388 4216 693 4268 0444444644--6044444440444
709 4228 762 4266 om.
780 4215 829 4274 Ex
845 4241 879 4252 -
894 4212 1055 4263 4464044400
1071 4211 1160 4262 Gsv:
1179 4211 1232 4263 04444
1248 4215 1365 4266 044440
1382 4241 1409 4252 -
1428 4218 1452 4268 7.
1470 4219 1498 4268 tn
1513 4219 1619 4284 imepe-

295 4306 355 4344 nere
370 4295 497 4346 Patricius
516 4319 543 4330 -
562 4293 586 4344 s.
604 4305 656 4343 44044
669 4292 743 4342 modo
758 4303 809 4342 non
823 4301 856 4340 44
873 4303 924 4339 non
939 4289 1013 4338 modo
1030 4286 1108 4339 codd.
1125 4315 1152 4325 -
1171 4288 1212 4339 40.
1230 4288 1557 4352 iubescctundumtisi'v:
1577 4295 1619 4344 ic-

296 4367 469 4432 betectondcen
485 4368 594 4420 EUVO
610 4394 645 4404 —
665 4366 772 4416 illium
790 4365 823 4424 E;
847 4363 918 4413 uliud
937 4363 1006 4414 4044.
1024 4363 1136 4413 Schuetz
1161 4389 1188 4400 —
1214 4364 1254 4415 ii.
1272 4365 1401 4416 44444ιί00444
1416 4367 1462 4418 446
1479 4369 1506 4418 44
1522 4368 1552 4432 V,
1570 4368 1619 4421 sed

297 4442 323 4492 iu
344 4443 397 4493 boc
419 4443 588 4507 dpuuctata.
609 4469 636 4479 -
661 4440 702 4491 43.
719 4443 800 4502 speret
822 4438 883 4489 Gb:
911 4451 962 4488 non
982 4443 1062 4500 speret
1083 4436 1162 4489 codd.
1186 4436 1244 4489 rell.
1276 4439 1315 4490 cl.
1336 4440 1457 4504 Madvigii
1477 4443 1574 4508 Opusc.
1592 4446 1618 4507 1,

297 4530 324 4581 p.
342 4516 390 4568 384
407 4519 461 4568 404.
483 4545 510 4554 -
530 4518 569 4568 tn.
586 4517 667 4567 multo
682 4516 758 4566 etiem
774 4516 795 4564 G
808 4539 835 4549 -
855 4513 896 4563 46.
912 4513 1095 4564 melicoleeetiee
1112 4513 1179 4563 C-
1194 4515 1256 4564 40440
1271 4515 1350 4579 [00404
1365 4517 1414 4577 Ex
1433 4543 1460 4554 ·-
1479 4518 1519 4569 49.
1538 4521 1622 4583 ecquis

298 4605 327 4643 a:
345 4597 368 4642 04
384 4591 536 4653 puiscodd.
556 4616 584 4630 -
604 4592 644 4643 l8.
664 4591 730 4642 04404
747 4591 778 4647 S;
797 4589 888 4638 44664404
904 4590 924 4639 Ε
942 4614 970 4625 -
990 4589 1031 4640 49.
1048 4589 1093 4638 604
1110 4588 1172 4651 CG,
1190 4586 1207 4640 l
1224 4590 1302 4640 0444
1325 4591 1447 4644 luecio
1466 4619 1493 4631 -
1512 4599 1621 4648 4444444444

297 4668 358 4718 esli
377 4693 404 4702 -
423 4667 464 4719 20.
483 4668 510 4718 0.
529 4664 623 4717 Orelli:
648 4678 701 4715 om.
721 4663 799 4714 codd.
819 4689 848 4700 -
870 4663 936 4713 cuti
951 4661 1043 4722 codd.;
1068 4662 1215 4724 4444441404
1238 4665 1271 4716 01.
1290 4665 1325 4716 44
1341 4665 1356 4730 5
1373 4667 1398 4718 3.
1418 4694 1446 4706 -
1468 4675 1564 4722 4404400
1578 4685 1622 4723 4).

296 4743 363 4793 roris
384 4742 451 4808 4414444
471 4755 525 4793 om.
543 4742 563 4793 E
581 4744 608 4791 44
624 4742 640 4791 i
658 4741 737 4799 0n.;
759 4744 854 4789 44044440
875 4739 969 4788 turmis
991 4738 1056 4800 (sine
1071 4737 1145 4803 44144444
1162 4739 1266 4791 Ernesti
1284 4767 1312 4777 -
1336 4743 1377 4792 it.
1395 4747 1454 4795 tune
1468 4742 1502 4794 b:
1525 4750 1570 4796 tun
1586 4749 1618 4809 U;

297 4821 351 4866 44444
367 4817 432 4882 Situ
451 4831 508 4867 cum
523 4817 572 4867 EV
589 4813 723 4867 4441044.
736 4840 764 4850 -
782 4814 824 4865 ti.
842 4814 950 4864 Postumi
965 4813 1042 4864 EGS
1058 4825 1099 4877 pr.
1116 4825 1153 4862 m.
1167 4815 1194 4864 04
1209 4815 1300 4865 2044.
1315 4842 1343 4853 -
1361 4816 1402 4868 23.
1414 4819 1524 4885 4044444440]
1536 4823 1621 4872 omnia

299 4892 427 4942 Patricius
445 4916 472 4927 -
496 4889 666 4941 usnemu?
682 4890 717 4950 0;
742 4901 868 4940 nuscum
885 4887 978 4940 bamb.
996 4889 1024 4938 in
1040 4898 1124 4951 marg.
1143 4888 1361 4953 interpunximus.
1386 4917 1414 4929 -
1438 4893 1621 4957 (inpraepa-

298 4967 370 5016 nium
386 4965 463 5017 444444
480 4964 652 5025 Quintilianus
668 4964 716 5026 441,
734 4963 763 5026 3,
782 4965 837 5015 474.
857 4991 885 5002 -
909 4963 950 5016 ii.
968 4968 997 5014 ut
1017 4963 1056 5014 its
1077 4961 1143 5014 6040
1157 4969 1262 5014 censent
1276 4965 1436 5030 Madvigius:
1457 4973 1486 5018 ut
1501 4970 1622 5032 (04404444

241 5082 246 5089 .
298 5041 339 5091 4404
361 5041 447 5105 spu)
464 5041 638 5090 condemnetur
656 5053 675 5090 c
693 5038 763 5090 uobis
782 5040 820 5089 ita
841 5038 1033 5090 bononensium
1055 5036 1134 5089 codd.
1162 5037 1264 5089 «Verba
1280 5041 1455 5092 condensetur
1469 5056 1487 5093 0
1501 5044 1570 5094 uobis
1585 5045 1620 5096 ab

301 5113 389 5178 aliquo
406 5113 495 5164 addita
512 5116 585 5175 sunt,
604 5114 648 5177 qui
665 5111 815 5178 longissime
832 5126 848 5163 a
865 5114 994 5164 sententia
1012 5111 1171 5162 aberravit.»
1184 5139 1212 5150 -
1231 5113 1271 5164 28.
1290 5115 1427 5166 0400444440
1442 5117 1504 5168 C-
1521 5119 1563 5170 49.
1576 5120 1621 5170 ‹ie-

302 5188 372 5239 bebet
386 5189 505 5240 Muretus
521 5192 549 5240 et
564 5189 706 5241 Patricius:
728 5189 797 5240 410604
811 5197 852 5254 ap:
878 5189 964 5240 debeat
980 5189 1000 5240 C
1019 5189 1046 5238 et
1061 5185 1117 5237 rell.
1137 5188 1200 5238 044.
1219 5213 1247 5225 -
1266 5188 1307 5242 30.
1325 5192 1445 5252 quonium
1459 5205 1532 5255 spero
1545 5194 1620 5259 4404444

302 5277 380 5328 quom
391 5264 508 5328 4440044444
524 5263 645 5318 codices:
670 5264 803 5327 0440444044,
823 5269 853 5315 444
872 5276 958 5328 spuo,
975 5264 1050 5329 4410444
1066 5275 1144 5328 44444444
1160 5266 1245 5328 potui,
1267 5264 1312 5316 tibi
1325 5266 1439 5329 4440044444
1455 5266 1533 5328 edd.;
1554 5279 1619 5331 puo-
