4009 6159
366 455 428 522 902
798 459 950 524 ORATIO
972 459 1027 524 nli
1048 459 1167 526 DOMO
1190 461 1266 526 SUA

366 630 477 705 villus,
508 631 583 713 qui,
605 649 676 692 cum
700 648 772 692 enm
794 629 885 692 multi
907 636 1038 713 propter
1058 629 1209 695 invidiam
1230 630 1312 694 lictis
1334 629 1539 712 religionibus
1560 630 1696 714 impedi·

366 734 454 800 rent,
476 724 593 788 restitit
614 731 646 786 et
668 723 924 786 constantissima
946 731 1051 787 mente
1075 723 1265 806 Capitolium
1286 723 1459 799 dedicavit,
1488 725 1695 789 huiusmodi

367 818 463 880 alicui
487 818 676 882 dedicationi
698 815 905 901 praefuisset,
935 826 1041 881 tamen
1064 819 1096 880 in
1119 816 1239 880 scelere
1260 817 1373 900 religio
1402 836 1468 880 non
1488 818 1626 894 valeret,
1655 841 1696 883 ne

365 912 471 974 valeat
491 910 542 984 id,
566 911 652 995 qued
674 912 839 995 imperitus
861 911 1064 985 adolescens,
1086 931 1189 974 novus
1212 911 1377 985 sacerdos,
1401 913 1519 976 sororis
1540 912 1695 995 precibus,

342 1006 473 1068 emetris
495 1005 589 1067 minis
604 1006 770 1078 adductus,
792 1004 931 1087 ignarus,
954 1004 1084 1078 invitus,
1107 1005 1177 1067 sine
1192 1004 1336 1087 collegis,
1358 1005 1426 1068 sine
1442 1004 1541 1079 libris,
1555 1005 1625 1068 sine
1639 1025 1695 1068 au·

365 1106 459 1173 ctore,
482 1099 551 1162 sine
567 1098 686 1174 lictore,
707 1098 826 1172 furtim,
849 1105 955 1161 mente
970 1117 1008 1160 ae
1030 1099 1141 1180 lingua
1153 1098 1308 1161 titubante
1322 1096 1437 1161 iecisse
1451 1097 1585 1171 dicatur,
1607 1118 1696 1182 prae·

364 1192 472 1256 sertim
483 1213 555 1256 cum
569 1194 629 1256 iste
642 1193 782 1277 impurus
794 1200 890 1276 atque
906 1192 1024 1274 impius
1038 1190 1139 1254 bostis
1152 1192 1293 1253 omnium
1305 1190 1504 1272 religionum,
1516 1192 1569 1274 gui
1584 1199 1697 1256 eontra

362 1286 410 1348 fas
432 1294 464 1350 et
483 1289 565 1349 inter
585 1287 670 1349 viros
696 1305 790 1369 saepe
813 1286 927 1348 mulier
948 1293 979 1347 et
1001 1286 1084 1347 inter
1105 1283 1255 1348 mulieres
1270 1285 1319 1349 vir
1332 1283 1464 1359 inisset,
1477 1283 1595 1367 *ageret
1608 1285 1695 1348 illam

362 1398 428 1442 rem
450 1379 497 1442 ite
517 1381 630 1463 raptim
653 1387 685 1442 et
704 1380 904 1453 turbulente,
936 1380 983 1442 uti
1005 1399 1111 1462 neque
1133 1398 1223 1442 mens
1245 1398 1350 1463 neque
1372 1398 1435 1442 vex
1457 1398 1564 1461 neque
1583 1377 1694 1461 lingua

326 1473 560 1541 rocensisteret.
605 1474 668 1535 LV.
691 1469 762 1535 tin.
784 1473 931 1536 liciatum
954 1480 1003 1536 est
1024 1472 1064 1535 ad
1088 1493 1160 1548 vos,
1182 1470 1365 1555 pontifices,
1397 1480 1430 1534 et
1458 1479 1532 1555 post
1552 1471 1694 1536 omnium

362 1587 508 1630 sermone
531 1588 566 1630 ee
581 1568 741 1643 ebratum,
764 1587 860 1650 quem
882 1567 922 1630 ad
944 1566 1073 1629 modum
1087 1565 1148 1628 iste
1166 1565 1379 1649 praeposteris
1393 1566 1513 1639 verbis,
1536 1563 1694 1627 ominibus

224 1659 243 1669 “
362 1659 523 1735 obscenis,
555 1660 729 1724 identidem
761 1681 795 1723 se
826 1661 895 1742 ipse
925 1659 1122 1734 revocando,
1155 1659 1320 1734 dubitans,
1355 1660 1486 1732 timens,
1518 1656 1693 1731 haesitans,

363 1753 470 1816 omnia
502 1755 594 1818 aliter
621 1775 658 1818 ao
687 1775 743 1818 vos
772 1756 806 1817 in
835 1753 1047 1818 monumentis
1076 1753 1201 1816 bebetis
1222 1760 1255 1816 et
1284 1753 1498 1836 pronuntiarit
1518 1758 1551 1814 et
1570 1748 1693 1813 lecerit.

363 1844 456 1920 Quod
486 1846 614 1930 quidem
645 1849 773 1912 minime
803 1849 915 1911 mirum
945 1855 1011 1920 est,
1043 1847 1075 1909 in
1104 1854 1193 1926 tanto
1215 1847 1335 1910 scelere
1359 1855 1511 1930 tantaque
1532 1845 1693 1908 dementia

327 1959 402 2009 isne
431 1940 582 2004 audaciae
609 1941 736 2026 quidem
765 1943 871 2005 locum
893 1942 932 2005 ad
955 1944 1100 2004 timorem
1123 1941 1396 2024 comprimendum
1416 1939 1524 2003 fuisse.
1567 1939 1693 2002 Etenim

363 2033 389 2096 si
410 2053 504 2096 nemo
526 2055 677 2119 umquam
698 2036 817 2119 praedo
840 2044 904 2098 tam
925 2035 1078 2098 barbarus
1093 2043 1189 2118 atque
1206 2035 1353 2099 immanis
1367 2035 1444 2108 fuit,
1467 2034 1521 2118 qni
1536 2053 1607 2096 oum
1619 2033 1694 2096 iana

363 2127 544 2209 spoliasset,
567 2130 681 2192 deinde
704 2150 789 2193 aram
812 2129 953 2214 aliquam
974 2130 1010 2192 in
1031 2129 1125 2192 litore
1141 2132 1268 2193 deserto
1291 2129 1422 2192 somniis
1443 2127 1623 2191 stimulatus
1636 2133 1695 2190 aut

361 2221 516 2303 religione
538 2223 647 2306 aliqua
668 2231 884 2298 consecraret,
913 2245 975 2287 non
998 2224 1142 2286 horreret
1162 2224 1285 2299 anime,
1316 2244 1386 2286 cum
1408 2222 1554 2286 divinum
1575 2239 1692 2284 numen

364 2313 483 2377 scelere
505 2314 655 2378 violatum
678 2316 804 2399 placare
827 2318 972 2401 precibus
995 2324 1178 2399 cogeretur,
1211 2338 1276 2400 qua
1306 2318 1432 2381 tandem
1453 2317 1549 2379 istum
1570 2320 1693 2396 pertur-

326 2407 488 2479 2nbatione
511 2410 626 2473 mentis
648 2412 789 2475 omnium
811 2413 1001 2495 templorum
1016 2419 1112 2494 atque
1134 2419 1288 2475 tectorum
1310 2413 1471 2495 totiusque
1492 2407 1580 2471 urbis
1601 2426 1693 2489 prae-

363 2502 477 2566 donem
506 2503 606 2567 fuisse
635 2507 787 2579 censetis,
818 2527 890 2569 cum
918 2526 975 2589 pro
1005 2506 1215 2568 detestatione
1244 2512 1291 2568 tot
1311 2505 1468 2568 scelerum
1488 2523 1584 2568 unam
1606 2521 1693 2564 mam

362 2597 481 2660 nelarie
503 2603 725 2662 consecraret?
770 2595 841 2662 tlt.
863 2601 934 2663 Non
957 2601 1061 2679 potuit
1082 2599 1262 2663 ullomodo
1284 2632 1327 2646 -
1347 2618 1540 2683 quamquam
1554 2604 1586 2660 et
1606 2595 1693 2658 inso-

362 2689 460 2758 lentia
481 2691 660 2756 dominatus
683 2695 842 2758 extulerat
865 2695 988 2758 animos
1012 2702 1043 2758 et
1065 2700 1133 2756 erat
1153 2693 1332 2758 incredibili
1354 2702 1493 2756 armatus
1507 2691 1692 2755 audacia—

361 2804 427 2848 non
454 2785 488 2850 in
516 2787 639 2869 agendo
667 2808 759 2852 ruere
780 2808 817 2852 ac
848 2809 942 2871 saepe
972 2809 1121 2872 peccare,
1152 2789 1337 2871 praesertim
1365 2787 1421 2852 illo
1449 2783 1597 2871 pontifice
1626 2804 1692 2848 ma-

324 2878 474 2962 ngistro,
503 2881 559 2964 qui
588 2891 752 2965 cogeretur
780 2883 896 2946 docere
924 2891 1117 2967 antequam
1145 2883 1213 2966 ipse
1236 2883 1406 2946 didicisset.
1438 2884 1553 2964 blegua
1573 2882 1621 2944 ris
1643 2886 1693 2942 est

361 2992 432 3036 cnm
456 2973 490 3035 in
512 2974 643 3040 deomm
664 2977 888 3040 immortalium
911 2977 1059 3052 numine,
1087 2985 1154 3040 tum
1176 2997 1251 3041 vero
1274 2979 1308 3040 in
1327 2977 1398 3062 ipsa
1418 2997 1453 3039 re
1475 2974 1611 3059 publica.
1650 2974 1690 3035 ni

360 3068 554 3134 immortales
575 3091 707 3134 suerum
729 3072 919 3155 templorum
935 3073 1097 3136 custodem
1113 3093 1150 3135 ac
1170 3072 1349 3155 praesidem
1364 3070 1606 3134 sceleratissime
1620 3070 1692 3153 pnl-

361 3182 431 3224 sum
457 3183 530 3226 eum
557 3164 719 3240 viderent,
750 3187 790 3230 ex
820 3168 885 3231 suis
909 3167 1034 3250 templis
1056 3167 1090 3228 in
1112 3167 1182 3230 eins
1204 3167 1300 3230 aedes
1321 3165 1500 3247 immigrare
1521 3164 1690 3228 nolebant:

360 3257 469 3340 itaque
497 3257 588 3321 istius
617 3261 854 3323 vaecordissimi
887 3269 1025 3324 mentem
1051 3281 1126 3324 cura
1147 3268 1295 3343 metuque
1318 3261 1488 3324 terrebant.
1530 3259 1593 3320 lies
1615 3277 1689 3322 sero

323 3351 501 3434 republica,
531 3371 722 3435 quamquam
753 3363 821 3416 erat
843 3355 1052 3418 exterminata
1076 3377 1214 3429 mecum,
1242 3364 1348 3418 tamen
1370 3353 1596 3418 obversabatur
1616 3360 1689 3417 ante

360 3445 470 3508 oculos
493 3446 694 3509 exstinctoris
717 3447 766 3510 sui
789 3457 821 3510 et
835 3449 874 3511 ab
892 3448 983 3512 istius
1006 3449 1199 3516 inflammato
1213 3457 1308 3532 atque
1330 3449 1483 3512 indomito
1497 3447 1604 3511 furere
1626 3450 1689 3511 iam

359 3544 427 3599 tum
449 3557 484 3600 se
506 3559 620 3623 meque
642 3541 816 3624 repetebat.
849 3542 954 3618 Quare
978 3543 1056 3625 quid
1078 3551 1127 3606 est
1148 3543 1278 3618 mirum,
1301 3545 1328 3607 si
1350 3546 1411 3607 iste
1427 3543 1450 3622 †
1465 3550 1567 3606 metus
1580 3543 1688 3607 furore

359 3631 544 3706 instinctus,
567 3635 686 3698 scelere
708 3654 876 3720 praeceps,
899 3657 1005 3719 neque
1022 3638 1181 3700 institutas
1197 3639 1405 3701 caerimonias
1419 3639 1569 3722 persequi
1583 3658 1688 3722 neque

311 3741 316 3746 ’
358 3726 489 3787 verbum
510 3727 610 3790 ullum
632 3728 785 3792 sollemne
807 3732 911 3812 potuit
934 3730 1049 3793 ellarii

304 3827 349 3890 '³5
442 3819 520 3881 LVI.
543 3815 616 3883 lib.
639 3822 728 3898 Quae
760 3843 830 3886 cnm
853 3826 897 3887 ita
919 3825 1000 3897 sint,
1030 3823 1213 3907 pontifices,
1242 3833 1386 3890 revocate
1407 3828 1470 3889 iam
1492 3829 1613 3891 animos
1635 3849 1688 3892 ve-

357 3919 439 3979 stros
462 3914 500 3977 ab
522 3914 580 3978 hae
602 3916 709 3979 subtili
728 3924 835 3980 nostra
851 3917 1063 4003 disputatione
1078 3918 1119 3981 ad
1133 3921 1312 3984 universam
1327 3940 1393 3983 rem
1408 3921 1577 4005 publicam,
1593 3943 1686 4007 quam

358 4015 451 4072 antea
473 4029 542 4074 cnm
565 4011 640 4074 viris
661 4009 797 4074 fortibus
820 4011 942 4087 multis,
972 4013 1005 4076 in
1037 4013 1097 4077 hac
1127 4025 1202 4077 nero
1224 4035 1320 4078 causa
1342 4016 1402 4079 soli
1423 4016 1535 4080 vestris
1558 4019 1688 4082 cervici·

423 4255 446 4303 t.
459 4266 515 4304 min
525 4253 585 4305 cod.
600 4254 658 4304 Car.
672 4254 815 4317 Stephani:
835 4268 877 4304 ests
887 4258 916 4308 P¹
928 4256 955 4318 tn
965 4258 991 4308 in
1004 4258 1119 4322 rasura);
1138 4259 1191 4309 sias
1202 4262 1245 4320 P²;
1262 4271 1333 4310 mnis
1344 4260 1435 4318 univ,
1448 4261 1501 4310 eins
1511 4261 1688 4312 dedicationem

356 4332 376 4381 0
390 4354 416 4365 -
435 4330 576 4391 inpedirent
591 4332 609 4379 P
622 4355 645 4366 ··
668 4329 691 4378 3.
708 4330 842 4392 profuisset
854 4331 907 4380 Gli
917 4332 938 4380 V
951 4359 978 4368 -
997 4332 1086 4396 religio
1100 4334 1158 4398 non]
1175 4335 1304 4398 religionis
1315 4337 1369 4385 Gli
1379 4335 1401 4383 V
1412 4363 1438 4371 -
1456 4349 1488 4385 ne
1498 4339 1518 4386 C
1530 4351 1536 4384 ε
1553 4338 1644 4388 nodism
1654 4340 1684 4390 Ο.

356 4405 394 4457 Cl.
408 4407 503 4468 Zumpt
513 4405 626 4455 waram.
639 4405 694 4454 bot.
709 4404 724 4467 5
737 4405 794 4455 573.
808 4433 834 4442 -
853 4404 877 4456 i.
892 4405 1033 4456 mnenon
1050 4411 1107 4457 P—
1126 4422 1188 4458 neiis
1204 4411 1233 4460 P¹
1252 4434 1279 4445 -
1299 4410 1324 4461 l.
1342 4411 1449 4472 inpane
1465 4414 1524 4478 P'-
1545 4412 1569 4461 8.
1583 4413 1640 4464 uiro
1656 4417 1686 4466 P¹

357 4507 382 4516 -
398 4481 422 4530 9.
435 4480 472 4528 nti
489 4480 580 4530 PGV:
598 4483 627 4528 nt
643 4479 738 4529 no-
758 4480 798 4530 i0.
812 4481 929 4531 Dilatum
946 4487 981 4530 est
997 4483 1031 4530 ad
1048 4484 1149 4532 GMV:
1168 4485 1314 4535 Detototum
1329 4491 1387 4536 sunt
1402 4487 1437 4535 ad
1454 4488 1488 4546 P;
1506 4489 1687 4540 Doistsmtrns

354 4555 424 4605 erto
445 4581 471 4591 -
490 4556 531 4604 tl.
549 4553 673 4604 sennan
688 4556 707 4604 P
722 4581 749 4589 —
768 4555 1482 4612 anatome-ta.oonsne1>cv:0oscoanso-
1502 4562 1641 4614 neminen
1657 4562 1684 4617 P¹

355 4631 394 4680 to.
414 4630 498 4679 Etnim
514 4630 583 4680 1³¹-
604 4630 644 4679 ⁴7.
663 4630 798 4692 spolisescd
815 4630 844 4682 P¹
863 4658 888 4666 -
909 4632 1016 4680 dewrtos
1032 4634 1111 4682 omnis
1126 4636 1154 4686 P¹
1173 4661 1200 4671 -
1221 4636 1261 4686 ⁴8.
1279 4637 1363 4686 borrel
1379 4637 1479 4688 1>¹v-
1498 4639 1539 4688 20.
1554 4641 1686 4701 postsecus

354 4705 375 4753 G
394 4729 421 4738 -
440 4705 480 4754 ἢ.
496 4705 579 4766 potnit
595 4705 630 4755 C:
646 4711 745 4768 poterat
761 4707 781 4756 0
795 4733 822 4743 -
841 4709 881 4758 23.
901 4708 1008 4757 nudatis
1023 4709 1043 4758 P
1064 4735 1089 4742 —
1108 4709 1150 4760 nt.
1168 4723 1260 4773 mepoc
1276 4714 1336 4762 P-
1352 4713 1468 4776 pontifice
1483 4716 1605 4778 magistro
1622 4729 1698 4766 nos:-

351 4779 466 4842 pontifice
481 4784 505 4830 et
520 4781 642 4843 magistro
660 4782 753 4831 (10-
769 4782 811 4832 26.
829 4783 857 4832 in
875 4796 929 4834 om.
947 4785 966 4833 C
987 4809 1014 4820 -
1033 4784 1059 4833 di
1074 4787 1110 4834 P:
1136 4786 1172 4835 dii
1189 4787 1248 4836 0—
1269 4787 1310 4838 28.
1328 4789 1395 4838 sedes
1410 4788 1499 4840 PG¹V
1518 4817 1543 4825 —
1564 4792 1605 4841 29.
1622 4805 1684 4841 nac·

353 4855 491 4904 sordissimi
508 4867 570 4905 nos:
589 4857 795 4918 qanenordisrimi
812 4860 847 4914 Pr
864 4859 1033 4909 oecmdissimi
1044 4860 1072 4908 0.
1092 4859 1130 4909 Cl.
1144 4873 1170 4924 p.
1182 4861 1242 4922 906,
1255 4861 1279 4910 3.
1295 4889 1322 4899 -
1341 4877 1405 4913 cairo
1420 4870 1546 4928 motaeque
1562 4869 1602 4927 ll,
1619 4881 1684 4918 men

351 4933 722 4993 meermannianam
744 4936 917 4996 cnrnmqneG
937 4960 964 4970 —
988 4933 1339 4987 30.0osnnnoasnrcv-
1365 4940 1406 4990 3t.
1425 4941 1571 4992 astinctoris
1586 4945 1635 4995 PG
1652 4969 1679 4979 —

351 5005 470 5056 indemne
487 5005 618 5058 Halmius:
637 5007 699 5058 inito
716 5008 752 5067 C;
770 5007 881 5072 innitoo
896 5038 923 5046 -
941 5011 981 5060 32.
995 5023 1021 5060 se
1036 5023 1123 5072 menso
1136 5015 1170 5062 P:
1187 5025 1228 5062 nse
1243 5025 1316 5074 ecque
1330 5016 1443 5067 olivo
1459 5042 1486 5053 -
1503 5017 1637 5079 mamone
1650 5021 1681 5070 P¹

354 5106 380 5116 -
400 5081 440 5132 33.
458 5081 580 5137 initiatos
600 5081 704 5145 (litteris
725 5084 808 5134 erasis
828 5087 1026 5150 superscriptae
1048 5089 1110 5138 sunt
1128 5100 1172 5145 ως
1199 5087 1280 5140 tuisse
1298 5089 1393 5143 credas
1408 5091 1455 5157 gc)
1472 5094 1492 5144 P
1513 5117 1541 5129 -
1569 5092 1609 5145 ao.
1627 5093 1681 5145 iam

353 5168 407 5206 om.
426 5157 478 5206 GV
495 5183 523 5193 -
542 5157 583 5208 36.
601 5157 685 5222 captiti
700 5162 720 5210 P
738 5185 765 5196 -
785 5159 825 5210 37.
843 5161 889 5211 soti
906 5161 1064 5214 Lambinus:
1082 5162 1140 5214 sotis
1156 5163 1215 5218 CO.
