4009 6159
605 621 677 688 cn.
699 622 1038 688 xxxm-xxxrv.
1064 621 1278 709 esso-ss.
1519 616 1601 685 loss

277 792 385 858 cabis?
418 793 463 856 sic
483 792 546 857 tuis
569 792 743 856 sceleribus
765 794 811 856 rei
833 793 978 876 publicae
1000 796 1172 878 praeterita
1198 794 1263 858 fata
1283 795 1470 858 refricebis‘l
1508 792 1601 869 Quod

277 886 405 971 quidem
425 894 474 961 tu,
496 887 552 970 qui
574 888 655 951 bene
677 905 788 950 nosses
809 888 1066 951 coniunctionem
1087 908 1190 951 meam
1212 897 1245 952 et
1260 888 1417 963 Caesaris,
1441 887 1601 960 oludehas,

276 998 349 1043 cum
370 1000 389 1042 a
410 1001 460 1044 me
483 981 689 1045 trementibus
712 981 840 1044 omnino
862 979 974 1055 labris,
1009 977 1065 1045 se'd
1088 990 1208 1056 tamen,
1239 1003 1297 1045 cur
1317 982 1375 1045 tibi
1397 1001 1514 1045 nornen
1536 1000 1600 1044 non

276 1072 448 1150 deferrem,
470 1077 665 1160 requirebas.
712 1074 914 1158 Quamquam
937 1075 1025 1158 quod
1050 1075 1089 1138 ad
1113 1097 1163 1138 me
1184 1077 1298 1140 attinet

443 1188 615 1253 numquam
638 1169 730 1232 istam
752 1169 935 1231 imminuam
957 1189 1063 1233 curam
1085 1170 1250 1233 infitiando
1273 1170 1348 1243 tibi,
1609 1177 1624 1222 ὅ

276 1269 382 1326 umen
404 1267 452 1325 est
473 1262 549 1325 mihi
573 1261 854 1336 considerandum,
877 1271 1030 1346 quantum
1051 1263 1099 1326 illi
1121 1264 1214 1326 tantis
1237 1264 1284 1326 rei
1306 1262 1452 1346 publicae
1467 1261 1601 1356 negotiis

275 1363 428 1439 tantoque
449 1355 534 1420 bello
557 1355 708 1440 impedito
731 1376 794 1440 ego,
812 1357 908 1420 homo
924 1357 1129 1420 amicissimus
1145 1355 1368 1420 sollicitudinis
1384 1362 1480 1440 atque
1496 1355 1601 1418 oneris

274 1449 447 1533 imponam.
490 1452 554 1514 Nec
575 1451 707 1534 despero
730 1457 852 1523 tamen,
876 1470 1068 1534 quamquam
1091 1452 1220 1533 languet
1235 1450 1383 1512 inventus
1398 1469 1457 1512 nec
1470 1447 1601 1532 perinde

274 1551 371 1626 atque
393 1541 527 1607 debehat
549 1545 581 1607 in
605 1545 706 1607 laudis
728 1551 759 1606 et
781 1544 900 1627 gloriae
932 1544 1103 1628 cupiditate
1126 1551 1283 1617 versatur,
1314 1541 1438 1606 futuros
1465 1544 1601 1627 aliquos,

276 1638 332 1720 qui
353 1639 508 1702 abiectum
529 1629 591 1701 hoc
613 1635 746 1700 cadaver
768 1637 985 1701 consularibus
1007 1638 1117 1720 spoliis
1140 1637 1260 1701 nudare
1281 1657 1347 1700 non
1369 1636 1488 1710 nolint,
1510 1657 1601 1720 prae·
1612 1647 1639 1697 44

276 1732 384 1795 sertim
415 1739 477 1795 tam
506 1731 638 1804 afflicto,
673 1739 734 1794 tam
765 1731 870 1814 inopi,
899 1739 962 1794 tam
993 1731 1136 1806 infirmo,
1170 1738 1233 1793 tam
1262 1739 1412 1794 enervato
1441 1751 1511 1795 reo:
1545 1733 1601 1816 qui

276 1833 307 1889 te
328 1825 372 1890 ita
394 1828 543 1909 gesseris,
565 1833 602 1890 ut
621 1825 748 1889 timeres
770 1846 810 1889 ne
833 1825 981 1909 indignus
1005 1822 1158 1889 beneficio
1180 1825 1351 1899 videreris,
1383 1824 1446 1888 nisi
1468 1826 1554 1899 eius,
1582 1844 1602 1888 a

276 1940 341 2004 quo
362 1919 476 1983 missus
499 1939 584 1996 eras,
607 1920 786 1983 simillimus
809 1909 996 1983 exstitissem

360 2013 505 2080 XXXIV.
527 2011 578 2076 83.
600 2015 648 2076 An
671 2034 746 2077 vero
769 2001 935 2098 tn(parum
957 2020 1049 2096 putas
1071 2013 1274 2098 investiqptas
1290 2033 1394 2078 esses
1409 2013 1499 2078 nobis
1513 2012 1601 2076 labes

275 2109 400 2190 imperii
423 2109 469 2171 tui
490 2117 675 2193 stragesque
697 2095 904 2191 provinciae]
938 2126 1018 2190 quas
1040 2106 1171 2191 quidem
1193 2127 1252 2171 nos
1275 2127 1339 2171 non
1361 2107 1503 2191 vestigiis
1525 2107 1638 2170 odo-m

275 2209 380 2266 rantes
402 2203 564 2285 ingressus
586 2211 673 2275 tuos,
696 2202 752 2265 sed
775 2204 848 2265 totis
871 2200 1117 2263 volutationibus
1139 2203 1281 2283 corporis
1304 2209 1336 2264 et
1357 2202 1515 2265 cubilibus
1529 2222 1601 2285 per-

275 2296 375 2360 secuti
404 2316 522 2359 sumus.
567 2298 680 2358 Notata
706 2315 725 2358 4
752 2295 843 2359 nobis
871 2303 943 2358 sunt
972 2303 1005 2358 et
1033 2296 1135 2377 prima
1164 2295 1219 2359 illa
1246 2296 1367 2360 scelera
1395 2295 1428 2359 in
1450 2295 1601 2370 adventu,

275 2409 366 2465 cum,
389 2397 516 2474 accepta
537 2390 671 2475 pecunia
693 2389 929 2473 aDyrrachinis
952 2388 992 2450 ob
1014 2408 1124 2451 necem
1146 2389 1282 2474 hospitis
1296 2390 1343 2452 tui
1358 2390 1509 2463 Platoris,
1531 2391 1601 2452 eius

275 2484 375 2566 ipsius
402 2483 530 2546 domurn
560 2484 717 2558 evertisti,
751 2485 843 2547 cuius
871 2484 1060 2565 sanguinem
1088 2481 1276 2556 addixeras,
1309 2501 1463 2566 eumque,
1501 2484 1600 2546 servis

275 2576 507 2661 symphoniacis
529 2585 561 2642 et
582 2577 653 2640 aliis
675 2577 857 2641 muneribus
879 2577 1032 2659 acceptis,
1055 2577 1218 2639 timentem
1241 2577 1441 2660 multumque
1455 2575 1640 2655 dubitas-so

276 2679 338 2734 tem
367 2667 557 2734 confirmasti
587 2680 618 2734 et
646 2672 903 2735 Thessalonicam
930 2671 994 2733 fide
1028 2678 1082 2734 tua
1114 2670 1221 2732 venire
1252 2670 1382 2733 iussisti.
1436 2670 1538 2745 Quem
1560 2691 1600 2734 ne

275 2766 427 2828 maiorum
450 2765 578 2849 quidem
602 2785 687 2828 more
709 2765 864 2849 supplicio
887 2765 1036 2838 affecisti,
1059 2784 1131 2828 cnm
1160 2765 1255 2826 miser
1276 2762 1331 2826 ille
1353 2762 1516 2826 securibus
1543 2763 1601 2825 ho-

275 2859 364 2943 spitis
394 2859 442 2922 sni
473 2861 611 2923 cervices
634 2860 789 2923 subiicere
811 2861 956 2942 gestiret,
981 2859 1037 2922 sed
1068 2859 1097 2920 ei
1118 2857 1261 2932 medico,
1291 2877 1386 2942 quem
1407 2865 1513 2920 tecum
1534 2864 1601 2920 tum

275 2955 450 3027 eduxeras,
479 2953 639 3038 imperasti
662 2962 697 3016 ut
718 2973 813 3018 venas
835 2953 973 3015 hominis
995 2952 1166 3016 incideret:
1189 2970 1260 3015 cum
1283 2949 1414 3034 quidem
1435 2950 1493 3015 tibi
1507 2951 1601 3013 etiam

274 3047 414 3112 accessio
447 3046 506 3110 fuit
535 3047 574 3110 ad
603 3068 714 3112 necem
743 3048 877 3111 Platoris
905 3046 1070 3110 Pleuratus
1100 3047 1167 3110 eius
1196 3065 1318 3119 comes,
1352 3065 1448 3130 quem
1481 3043 1639 3111 necastitt

275 3142 456 3206 verberibus
484 3163 605 3206 summa
635 3149 797 3206 senectute
826 3139 1013 3205 coniectum.
1056 3137 1108 3202 8l.
1139 3139 1292 3224 Idemque
1320 3146 1356 3202 tu
1376 3138 1601 3213 Rabocentum,

275 3237 419 3300 Bessicae
448 3237 551 3317 gentis
580 3236 771 3320 principem,
806 3256 875 3300 cum
906 3244 938 3298 te
968 3235 1116 3297 trecentis
1139 3234 1266 3297 talentis
1288 3232 1355 3316 regi
1379 3233 1470 3318 Cotyi
1491 3232 1602 3298 vendi-

275 3333 393 3404 disses,
426 3331 528 3393 secnri
558 3325 758 3412 percussisti,
793 3349 864 3393 cum
894 3329 949 3392 ille
972 3327 1013 3391 ad
1033 3336 1065 3390 te
1087 3329 1209 3412 legatus
1231 3328 1264 3390 in
1287 3334 1389 3392 castra
1410 3328 1549 3392 venisset
1570 3334 1602 3388 et

275 3425 331 3488 tibi
358 3443 470 3506 magna
498 3425 655 3506 praesidia
677 3431 710 3487 et
731 3423 850 3486 auxilie
871 3444 890 3485 a
913 3425 1019 3486 Bessis
1041 3422 1184 3504 peditum
1207 3421 1413 3506 equitumque
1434 3421 1602 3505 pollicere-

275 3530 341 3593 tnr;
365 3537 468 3601 neque
490 3538 562 3580 eum
584 3518 704 3592 solum,
727 3518 784 3580 sed
806 3519 901 3580 etiam
923 3525 1046 3580 ceteros
1068 3517 1205 3600 legatos,
1239 3518 1293 3601 qui
1316 3517 1409 3580 simul
1432 3522 1640 3581 venerantztc

276 3632 411 3697 quorum
428 3612 567 3674 omnium
586 3613 689 3696 capita
710 3613 776 3694 regi
793 3611 885 3694 Cotyi
899 3610 1082 3675 vendidisti.
1105 3611 1293 3683 Denseletis,
1317 3613 1505 3694 quae-natio
1521 3632 1603 3676 sem·

275 3727 333 3792 per
351 3704 527 3768 oboediens
549 3706 623 3769 huic
646 3706 776 3790 imperio
799 3705 894 3767 etiam
917 3706 949 3768 in
972 3705 1027 3766 illa
1042 3704 1183 3768 omnium
1204 3704 1408 3768 barbarorum
1425 3704 1602 3770 deiectione
1747 3782 1754 3797 ¹

275 3799 491 3866 Macedoniam
516 3800 549 3865 C.
573 3801 683 3864 Sentio
706 3807 852 3882 praetore
875 3806 974 3863 tutata
997 3807 1063 3872 est,
1096 3798 1251 3862 nefarium
1280 3798 1399 3862 bellum
1421 3807 1454 3863 et
1475 3799 1602 3864 crudele
1727 3800 1749 3881 4

275 3893 427 3970 intulisti,
462 3895 573 3979 eisque
602 3915 674 3958 cum
703 3889 900 3957 fidelissimis
930 3893 1025 3956 sociis
1055 3895 1101 3956 nti
1122 3913 1250 3977 posses,
1282 3892 1427 3956 hostibus
1448 3893 1496 3957 uti
1517 3913 1603 3957 acer-

275 3989 363 4053 rimis
397 3989 546 4054 maluisti.
605 3990 653 4078 444Ι
684 3995 854 4072 perpetuos
886 3987 1071 4051 defensores
1103 3987 1324 4062 Macedoniae,
1367 3994 1534 4088 venatores
1566 4006 1640 4054 acas
1709 3989 1751 4092 J

343 4357 365 4405 t.
383 4355 453 4416 [octo
474 4352 574 4416 aliquot
595 4351 657 4404 edd.
676 4353 740 4402 vett.
759 4351 818 4414 (tuis
833 4349 962 4402 sectoribus
977 4347 1149 4412 mouentibus
1162 4350 1302 4411 praetentio
1321 4350 1392 4413 [octo
1408 4363 1481 4414 susp.
1500 4350 1602 4414 Lamb.)

278 4457 304 4465 --
317 4431 342 4480 2.
355 4430 391 4492 tu]
403 4441 460 4478 casm
475 4429 567 4487 EGP;
586 4427 646 4477 tort.
665 4432 718 4476 tum
730 4453 757 4462 —
770 4425 885 4476 studebas
896 4437 993 4474 vereor
1009 4429 1039 4474 ut
1050 4436 1145 4474 sanum
1157 4424 1199 4474 sit.
1214 4451 1241 4460 -
1260 4422 1285 4474 3.
1297 4438 1344 4474 eur
1360 4424 1424 4474 ibiE
1437 4451 1464 4460 -
1478 4423 1502 4476 l.
1516 4438 1603 4487 quoss-

275 4518 353 4567 44444
362 4533 378 4542 -
387 4533 402 4544 -
413 4503 457 4554 ttbt
472 4503 585 4554 habeth
599 4526 626 4538 ·-
645 4503 670 4552 5.
689 4502 830 4551 inmissam
842 4502 861 4550 G
876 4527 903 4536 -
922 4501 1057 4562 inficiando
1073 4500 1133 4548 G-
1152 4498 1177 4548 8.
1191 4498 1334 4550 iovsotcsE
1349 4525 1375 4536 -·
1390 4499 1498 4562 proinde
1509 4499 1601 4551 hamb.

278 4608 305 4618 -
324 4581 349 4631 9.
367 4585 443 4642 atque
459 4581 545 4629 om.G
565 4605 591 4614 -
616 4576 716 4627 debebat
733 4577 852 4626 EFGP:
878 4575 963 4626 debeat
978 4575 1030 4626 ns
1048 4601 1075 4610 -
1101 4575 1141 4625 40.
1159 4574 1222 4622 notit
1237 4574 1255 4622 S
1272 4599 1299 4608 —
1319 4575 1360 4625 tt.
1378 4575 1516 4638 4444444444·
1537 4589 1600 4627 nos:

276 4661 328 4706 toan
348 4656 430 4718 opimo
447 4654 568 4714 codices;
593 4663 646 4703 om.
666 4651 709 4702 cd.
728 4651 794 4702 Veu.
813 4649 877 4702 4442
896 4652 959 4700 440
977 4675 1005 4685 —-
1023 4650 1124 4714 tutione
1142 4647 1185 4698 ed.
1203 4650 1286 4698 lunt:
1304 4649 1389 4714 infimo
1406 4649 1425 4700 C
1440 4673 1468 4686 -
1488 4651 1528 4700 42.
1542 4650 1601 4702 tort.

206 4768 208 4772 .
275 4733 387 4783 viderere
405 4757 432 4768 -
451 4729 491 4781 tl.
510 4743 545 4779 aa
560 4733 589 4778 tis
604 4741 662 4778 vero
679 4729 700 4778 G
719 4755 746 4764 -
764 4739 860 4790 porum
876 4726 938 4776 sss
959 4751 985 4760 —
1005 4726 1045 4774 47.
1063 4729 1152 4774 notato
1169 4722 1212 4773 ed.
1231 4724 1317 4774 Crat:
1340 4724 1453 4774 4444444444
1469 4725 1498 4775 C.
1524 4725 1563 4775 De
1579 4731 1604 4776 et

277 4809 348 4873 quod
365 4807 484 4871 sequitur
500 4817 525 4854 v.
544 4802 647 4867 Madvig
665 4803 725 4854 Exe.
744 4802 778 4852 ad
796 4802 850 4852 Cic.
869 4799 903 4850 de
921 4800 992 4850 Finn.
1012 4813 1039 4863 p.
1051 4799 1109 4849 8442.
1124 4826 1151 4834 -
1172 4799 1212 4850 tt.
1230 4799 1413 4861 Dyrrhachinis
1428 4800 1448 4851 0
1461 4826 1488 4836 -
1506 4801 1548 4851 244.
1560 4814 1603 4850 sc-

276 4884 370 4946 ceptisti
385 4885 528 4933 tressortem
538 4879 623 4936 EGP;
641 4877 756 4928 4444444444
771 4877 858 4927 timess
874 4875 1015 4926 coniuncta
1032 4877 1094 4926 sunt
1110 4888 1137 4939 p.
1150 4874 1207 4935 9442,
1222 4875 1262 4924 42.
1276 4899 1303 4910 -
1323 4874 1363 4926 23.
1376 4880 1430 4925 tasin
1445 4876 1556 4939 scripsi:
1574 4880 1603 4924 tu

277 4957 355 5010 codd.
375 4955 464 5020 (etiam
480 4955 507 5017 El
525 4956 553 5005 et
569 4951 630 5003 edd.
648 4955 727 5012 vett.;
746 4964 800 5002 om.
819 4957 871 5001 trun
889 4949 938 5014 ivel
955 4950 990 5014 ts)
1008 4951 1029 5000 0
1045 4976 1066 4986 -
1089 4948 1130 4999 24.
1148 4963 1207 4998 cum
1223 4949 1335 5011 cqisiders
1351 4950 1371 5000 C
1386 4977 1412 4985 -
1431 4951 1473 5000 244.
1490 4950 1550 5014 dass]
1567 4955 1602 5001 est

277 5034 297 5084 Ε
314 5031 394 5084 solus.
415 5057 442 5066 -
461 5031 492 5080 27
504 5029 582 5079 4434.
601 5028 671 5090 Coepi
688 5027 756 5077 conl.
774 5027 897 5076 Garatoni
914 5027 1006 5088 (quem
1022 5023 1104 5075 dativi
1121 5022 1234 5074 termam
1250 5021 1333 5074 hehet
1346 5025 1406 5077 Tac.
1418 5025 1486 5075 Ann.
1499 5025 1531 5085 ll,
1544 5023 1599 5086 till:

276 5108 353 5158 ceddo
370 5107 390 5156 C
408 5103 468 5168 (sed
485 5103 550 5156 intra
566 5104 647 5154 cottio
663 5105 725 5163 ΕΡ,
743 5102 813 5153 cotio
830 5103 861 5162 l',
879 5101 956 5150 ceddo
973 5105 1008 5159 G,
1026 5100 1114 5150 coccino
1129 5100 1169 5161 S);
1193 5100 1263 5151 Cotto
1279 5100 1300 5150 0
1318 5126 1344 5136 -
1364 5100 1405 5151 29.
1424 5105 1448 5151 et
1463 5113 1517 5151 om.
1535 5101 1598 5159 Εῦς

277 5183 337 5234 vide
355 5195 389 5234 ne
407 5182 537 5244 praesidio
557 5194 590 5232 ex
611 5179 696 5244 glossa
715 5178 749 5229 sd
765 5178 866 5228 ascitis
881 5176 1017 5228 adiectum
1033 5176 1074 5227 sit.
1095 5199 1123 5212 -
1147 5175 1188 5225 34.
1206 5175 1329 5226 mistis
1344 5177 1362 5226 F
1380 5203 1408 5212 -
1432 5172 1473 5225 32.
1491 5173 1603 5224 chetim

278 5262 327 5311 CO
345 5286 373 5296 -
392 5257 434 5310 33.
451 5257 624 5308 Macedonicos
641 5254 779 5306 Garatoni:
797 5252 958 5303 macedonico
974 5251 993 5302 C
1010 5277 1039 5288 -
1057 5251 1084 5302 0.
1102 5253 1179 5302 444444
1198 5264 1232 5313 p.
1251 5252 1279 5302 s.
1291 5251 1312 5302 E
1322 5253 1383 5311 (31²¹,
1402 5251 1430 5303 0.
1441 5248 1521 5302 saccio
1533 5262 1563 5311 p.
1574 5263 1599 5298 r.

278 5336 356 5396 mc.
374 5331 659 5400 animosiores&
679 5329 706 5386 C.
724 5325 1280 5396 compraetorem-scommatum
1294 5326 1322 5378 F.
1480 5334 1484 5340 ·
