4009 6159
445 581 528 658 itte
868 591 1022 658 ORATIO
1042 591 1266 659 PHILIPPICA
1287 593 1343 658 XI.

444 785 464 830 a
485 747 817 876 quibusuobtineutur,
839 764 1057 841 obtineantur,
1077 763 1181 850 quoad
1203 766 1318 850 cuique
1334 782 1375 828 ex
1388 769 1517 830 senatus
1533 762 1687 829 consulte
1703 777 1778 828 ene

443 866 683 1019 cessupsspqz
705 951 774 1018 Iloc
800 961 927 1019 senatus
950 955 1094 1019 consulto
1114 954 1277 1019 ardentem
1303 952 1535 1018 inflammabitis
1557 960 1589 1017 et
1608 959 1777 1019 4440444414

441 1045 600 1112 amabitis
623 1047 779 1113 Cassium:
806 1070 864 1114 nec
886 1049 969 1114 enim
991 1050 1129 1114 animum
1151 1051 1219 1114 eius
1241 1048 1374 1132 potestis
1395 1046 1540 1130 ignorare
1562 1065 1623 1112 nec
1645 1048 1778 1132 copias.

418 1138 572 1205 uenimus
593 1143 620 1206 is
642 1151 706 1218 est,
729 1163 824 1228 0444444
845 1143 977 1208 videtis:
1001 1144 1127 1225 copiae,
1152 1161 1230 1227 ques
1252 1141 1397 1218 audistis,
1423 1140 1515 1205 fortis
1536 1147 1569 1206 et
1589 1143 1776 1206 constantis

439 1235 514 1309 viri,
537 1237 590 1319 qui
612 1256 653 1300 ne
675 1237 747 1302 rivo
763 1237 897 1322 quidem
907 1237 1066 1301 Trebonio
1080 1236 1264 1300 Dolabellae
1286 1236 1486 1300 latrocinium
1507 1234 1541 1298 iu
1564 1237 1694 1321 SyrIam
1719 1255 1777 1320 pe-

439 1336 563 1391 netrare
585 1329 721 1394 sivisset.
756 1331 910 1408 Allienus,
930 1329 1091 1396 tamillaris
1114 1341 1146 1397 et
1166 1333 1364 1397 necessarius
1385 1351 1486 1406 meus,
1508 1338 1582 1416 post
1602 1331 1775 1395 interitum

438 1418 587 1489 'frobenii
607 1424 748 1508 profecte
762 1445 803 1488 ne
818 1426 880 1489 dici
896 1427 1025 1511 quidem
1040 1426 1226 1510 relegatum
1241 1425 1424 1489 Dolabellae
1439 1425 1536 1489 velet.
1557 1425 1614 1488 list
1629 1425 1674 1501 Q.
1693 1423 1776 1487 Cae·

439 1514 503 1578 04444
525 1517 629 1593 D'assi,
651 1519 763 1604 privati
785 1519 871 1583 illius
887 1519 1027 1604 quidem,
1049 1520 1106 1584 sed
1128 1519 1219 1583 fortis
1241 1527 1273 1583 et
1294 1517 1539 1602 praeclarium,
1561 1517 1721 1582 robustus
1741 1524 1775 1581 et

292 1590 311 1708 qs
401 1608 538 1672 40444404
551 1611 718 1675 exercitus.
753 1609 804 1674 33.
820 1613 958 1676 Deiotari
976 1614 1077 1696 regis,
1100 1623 1132 1678 et
1146 1613 1244 1702 patris
1260 1622 1292 1676 ei
1307 1609 1380 1688 lilii,
1403 1620 1435 1676 et
1450 1631 1582 1695 magnus
1599 1618 1631 1676 et
1652 1620 1773 1676 nostro

436 1718 523 1766 more
537 1705 698 1769 institutus
714 1708 886 1770 exercitus:
903 1727 1024 1771 summa
1037 1709 1071 1770 in
1085 1705 1150 1771 fillo
1166 1699 1249 1792 spes,
1264 1724 1387 1770 summa
1402 1707 1522 1790 ingenii
1537 1705 1664 1771 indoles
1681 1724 1772 1770 sum·

435 1813 550 1881 meque
564 1799 674 1863 virtue.
706 1799 790 1877 Quid
807 1799 845 1863 tle
867 1807 954 1884 patre
977 1801 1101 1864 dicam?
1124 1802 1215 1865 cuius
1236 1800 1460 1864 benovolentia
1480 1801 1514 1862 in
1530 1799 1690 1884 populum
1706 1801 1772 1863 440-

435 1903 562 1955 manum
584 1902 633 1957 est
653 1894 752 1978 ipsius
775 1893 916 1977 aequalis
933 1894 1043 1957 aetati:
1066 1896 1121 1979 qui
1143 1915 1209 1958 uon
1224 1894 1326 1958 solum
1345 1893 1449 1957 socius
1465 1894 1695 2054 imperatorum
1711 1912 1771 1957 ne·

436 1992 571 2049 atrorum
591 1985 651 2050 iuit
672 1987 705 2050 in
726 1987 834 2062 bellis,
856 2008 964 2053 verum
987 1989 1082 2052 eiiam
1097 1989 1162 2052 (lux
1177 1990 1339 2073 copiarum
1361 2007 1498 2051 suarum.
1531 1988 1621 2063 Quae
1642 1988 1688 2051 ile
1710 1988 1768 2051 illo

399 2079 502 2142 seviro
525 2079 627 2154 Sulla,
651 2100 731 2164 quae
747 2081 893 2158 Murena,
919 2099 1001 2166 quae
1024 2083 1193 2158 Servilius,
1224 2102 1305 2167 quae
1327 2070 1501 2157 Lucullus)
1516 2100 1611 2166 quam
1632 2089 1769 2155 ornate,

272 2157 355 2266 a
435 2171 1288 2354 :aaitai:ramaneant:
1302 2157 1769 2334 :aetaliae

435 2359 540 2422 animo
562 2361 698 2426 amicum
720 2383 858 2448 vereque
880 2364 1085 2440 benevolum,
1108 2385 1206 2428 unum
1227 2362 1352 2428 fidelem
1372 2363 1493 2448 popule
1514 2363 1657 2426 Romano
1681 2363 1768 2426 iudi·

240 2451 336 2570 IL
435 2453 522 2517 cavit.
541 2449 689 2553 (Fuimus
711 2457 917 2542 imperatores
938 2477 999 2542 ego
1022 2465 1055 2521 ct
1076 2460 1118 2522 Μ.
1140 2454 1329 2545 Β4440404)40
1350 2457 1538 2541 propinquis
1553 2453 1765 2540 finitimisque

276 2538 303 2574 '“
397 2549 621 2631 mprovinciim
642 2551 682 2614 ab
704 2553 816 2617 eodem
838 2573 912 2636 rege
934 2552 1033 2617 adiuti
1056 2574 1163 2616 sumus
1179 2561 1210 2617 et
1227 2554 1369 2637 equitatu
1385 2559 1417 2615 et
1433 2550 1632 2633 pedestribus
1646 2553 1764 2635 copiis.

434 2644 584 2707 Secutum
607 2653 654 2709 est
675 2647 736 2711 boc
757 2648 993 2711 acerbissimum
1013 2655 1046 2711 et
1060 2647 1365 2711 calamitosissimum
1380 2645 1473 2709 civile
1487 2644 1623 2708 bellum:
1644 2647 1681 2709 iu
1697 2663 1764 2729 quo

433 2736 511 2820 quid
539 2737 719 2804 iaciendum
748 2743 913 2817 Deiotaro,
946 2742 1025 2826 quid
1054 2742 1184 2805 omnine
1212 2742 1330 2804 rectius
1357 2741 1469 2815 inerit,
1497 2740 1603 2803 dicere
1624 2759 1693 2803 non
1715 2747 1764 2802 est

433 2847 579 2910 necesse,
608 2836 793 2917 praesertim
820 2857 890 2899 cum
921 2845 1088 2900 contrane
1116 2836 1284 2900 Deiotarus
1306 2835 1404 2898 sensit
1425 2833 1557 2898 victoria
1577 2832 1654 2895 belli
1676 2832 1763 2896 ‹liiu-

433 2925 553 2990 eliearii.
591 2926 662 3005 Quo
691 2929 831 2994 inbelle
854 2931 881 2994 si
906 2930 967 2993 luit
988 2949 1092 3004 error,
1123 2931 1296 2994 communis
1318 2931 1348 2993 ei
1369 2927 1430 2993 fuit
1451 2949 1522 2992 curu
1543 2935 1679 2991 senatu:
1711 2929 1760 2990 siu

394 3027 519 3085 sirecte
540 3022 710 3099 sententia,
740 3043 781 3088 ne
803 3025 884 3088 vieta
913 3024 1042 3109 quidem
1062 3041 1158 3087 causa
1179 3022 1385 3107 vituperanda
1407 3029 1466 3086 est.
1500 3020 1549 3084 ald
1569 3020 1627 3084 bas
1649 3022 1760 3105 copias

432 3113 584 3179 accedent
609 3115 663 3178 alii
693 3137 798 3199 reges,
838 3119 931 3181 etiam
961 3118 1093 3181 dilectus
1122 3117 1281 3182 accedent.
1323 3114 1374 3180 35.
1396 3118 1508 3199 Neque
1536 3133 1611 3178 vero
1640 3115 1759 3179 classes

432 3209 581 3272 deerunt:
604 3212 684 3274 tanti
706 3213 792 3296 'lyrii
815 3211 956 3275 Cassium
977 3211 1115 3285 faciunt,
1137 3218 1259 3273 tautum
1281 3210 1349 3273 eius
1371 3211 1404 3273 iu
1423 3208 1514 3293 Syria
1527 3226 1645 3271 nomen
1660 3218 1759 3293 atque

313 3281 332 3376 ζ
431 3305 589 3368 Phoenice
612 3311 670 3368 est.
716 3306 799 3370 xlv.
815 3307 957 3369 Paratum
979 3305 1076 3368 babet
1096 3305 1317 3388 imperatorem
1335 3303 1367 3367 C.
1385 3303 1537 3377 Cassium,
1558 3310 1663 3387 patres
1681 3321 1758 3366 con·

306 3362 325 3446 ι’
388 3393 397 3432 s
432 3399 554 3482 scripti,
576 3419 626 3464 res
648 3399 777 3482 publiea
799 3408 906 3462 contra
926 3400 1137 3474 Dolabellam,
1160 3393 1219 3461 nec
1239 3406 1383 3482 paratum
1403 3396 1515 3472 selum,
1539 3396 1594 3459 sed
1615 3397 1757 3479 peritum

333 3477 350 3564 ,ξ’
384 3446 528 3577 libatque
550 3493 674 3557 fortem.
713 3495 842 3577 Magnas
871 3494 926 3557 ille
951 3515 1001 3558 res
1029 3493 1127 3576 gessii
1148 3500 1222 3556 ante
1247 3492 1369 3566 Bibuli,
1398 3490 1514 3553 summi
1539 3490 1615 3574 viri,
1637 3489 1759 3554 444444·

332 3565 342 3594 ²
385 3576 392 3663 ἓ
433 3588 752 3664 tum,e1mrseoe
784 3588 972 3653 eoeneum
1006 3588 1097 3685 Qus
1126 3588 1279 3651 maximas
1317 3585 1427 3669 copas
1458 3583 1540 3648 seen
1570 3584 1757 3670 syriamque

495 3945 520 3995 4.
539 3941 658 4008 equibus
679 3942 713 3993 b:
739 3957 757 3993 0
773 3955 826 3994 om.
846 3944 922 4007 agli
946 3969 973 3980 -
1000 3945 1143 4006 optinentur
1163 3945 1322 4008 opticeaotur
1341 3948 1378 4010 gi
1399 3972 1427 3983 -
1455 3949 1480 4000 4.
1498 3949 1520 3999 is
1540 3949 1582 4016 444]
1602 3950 1655 4013 ipre
1675 3952 1709 4002 ai
1727 3975 1753 3986 -

431 4033 504 4084 quero
518 4021 622 4082 04444444,
635 4031 674 4070 44.
692 4016 781 4069 idibus
794 4019 900 4079 Martiis,
919 4019 987 4069 ceni.
1001 4019 1143 4070 Ferrarius.
1158 4045 1185 4056 -
1204 4023 1290 4084 copiae
1305 4024 1355 4071 t-
1377 4023 1474 4073 44444444
1490 4036 1505 4073 4
1519 4051 1545 4061 -
1563 4025 1640 4088 404444
1655 4032 1678 4077 44
1694 4039 1754 4077 4044-

429 4101 523 4146 aiente:
534 4094 685 4158 (4444404444)
698 4095 720 4144 D
733 4096 760 4144 et
776 4095 784 4144 4
802 4106 871 4144 cerr.
885 4121 918 4131 -
935 4094 959 4145 6.
977 4107 1021 4146 4444
1037 4097 1097 4145 uiuo
1114 4094 1177 4144 b-
1193 4096 1217 4148 7.
1235 4097 1328 4148 44044444
1345 4095 1444 4162 aliquot
1460 4096 1520 4150 libri
1533 4101 1661 4154 Ferrarii:
1678 4103 1755 4154 444444-

429 4177 483 4222 4444
499 4172 538 4222 444
556 4197 583 4207 -
603 4169 698 4220 olicae:
715 4170 807 4233 agii:
825 4168 959 4220 4444444444
981 4197 1008 4206 ·-
1026 4175 1049 4220 et
1064 4171 1145 4233 [044444.
1163 4177 1186 4222 et
1204 4185 1219 4222 a
1239 4199 1265 4208 -
1285 4173 1309 4223 8.
1326 4174 1436 4237 prolecto
1452 4186 1483 4225 444
1499 4174 1555 4226 Gul.
1575 4177 1675 4228 Christ:
1691 4191 1755 4241 pre·

430 4247 533 4310 tectione
548 4247 570 4310 t:
590 4245 715 4308 prefectus
730 4258 761 4295 444
777 4243 891 4309 abgiO
910 4268 937 4281 -
956 4249 991 4295 444
1009 4246 1037 4307 Q.
1057 4257 1085 4295 e:
1104 4251 1165 4308 eum
1182 4247 1228 4306 44;
1248 4251 1330 4309 estque
1345 4245 1391 4311 bg
1409 4275 1436 4285 -
1457 4248 1525 4299 cecili
1540 4247 1558 4299 b
1575 4277 1608 4289 -
1625 4251 1648 4302 9.
1667 4251 1754 4303 mciii

431 4347 464 4358 -
476 4321 516 4372 40.
535 4321 658 4371 4444444444
675 4325 697 4370 44
713 4321 795 4369 uictor
811 4322 822 4369 t
839 4345 866 4355 -
886 4320 926 4370 44.
945 4321 1070 4370 institutus
1085 4321 1125 4370 Di
1142 4324 1169 4371 et
1184 4321 1247 4372 edd.
1260 4324 1323 4373 vett.
1338 4321 1418 4386 (uelut
1428 4323 1527 4375 Veneta
1545 4337 1570 4375 e.
1584 4324 1656 4388 4474,
1673 4327 1752 4388 lunt,

431 4400 540 4449 Aeaeus.
560 4410 584 4447 a.
604 4397 663 4446 4444
685 4397 712 4446 44
730 4393 817 4456 iiim:
836 4395 970 4444 4444444444
986 4395 1021 4458 0,
1039 4399 1068 4445 nt
1085 4396 1169 4447 estin
1186 4396 1229 4446 ed.
1248 4397 1318 4448 Cret.
1337 4410 1361 4447 a.
1381 4397 1454 4449 44448.
1470 4426 1497 4435 -
1515 4412 1569 4463 epos
1583 4402 1610 4451 444
1624 4402 1677 4467 titio
1693 4416 1708 4453 e
1725 4427 1751 4439 -

430 4483 575 4533 4404044444
591 4472 627 4521 D:
645 4482 743 4520 4444444440
760 4469 797 4521 40
815 4494 842 4507 -
863 4469 902 4520 it.
922 4471 1003 4520 44444444
1020 4472 1051 4521 de
1064 4477 1138 4533 patre
1153 4471 1187 4520 si
1207 4494 1234 4507 -
1253 4471 1417 4522 beniuolentia
1431 4473 1459 4523 444
1475 4473 1518 4524 ed.
1536 4475 1602 4526 Ven.
1616 4476 1693 4528 itit:
1712 4475 1752 4526 be-

430 4542 567 4597 niuolentiai
583 4559 612 4606 a:
631 4545 795 4596 beniuolentia
812 4545 922 4609 (sinete)
940 4545 1020 4610 bgti
1036 4573 1060 4584 -
1082 4547 1122 4598 43.
1135 4545 1256 4610 ipsib-
1274 4548 1313 4598 44.
1326 4547 1389 4610 epta
1405 4550 1472 4613 gti,
1489 4549 1546 4600 44440
1562 4565 1577 4602 a
1591 4580 1618 4590 -
1637 4551 1752 4614 44444440]

430 4621 601 4673 4444444444-
620 4621 826 4672 4444444444044-
845 4621 884 4672 t'i.
903 4621 1063 4685 loquert-
1089 4623 1129 4674 48.
1147 4623 1379 4687 bmiuelmuagii
1399 4649 1426 4662 -
1445 4639 1472 4689 p.
1490 4625 1751 4691 444404444444444444

435 4725 460 4736 -
480 4697 640 4760 tuumne.
660 4709 735 4762 epos
755 4697 989 4763 (pruisquam)
1015 4723 1042 4733 -
1069 4697 1110 4749 20.
1129 4697 1161 4747 44
1182 4711 1210 4749 40
1231 4710 1290 4764 repe
1307 4702 1363 4753 4-
1391 4705 1415 4750 44
1435 4702 1541 4764 ematis·
1561 4701 1673 4765 cepturi:
1694 4707 1749 4756 t-

430 4773 471 4827 44.
489 4774 635 4837 [mundaum
652 4786 667 4823 a
686 4797 711 4811 -
733 4773 903 4836 immerserit
919 4775 929 4823 t
947 4799 973 4810 -
997 4773 1039 4824 43.
1057 4786 1088 4822 04
1104 4785 1157 4824 em.
1176 4775 1187 4822 t
1205 4799 1233 4809 -
1255 4774 1400 4824 diiudicarit
1415 4776 1523 4840 scripsi:
1542 4778 1660 4828 4444444444
1675 4777 1751 4842 (4444-

431 4848 537 4914 444444νί4)
554 4849 637 4908 ibo:
660 4847 787 4898 4444444444
804 4849 871 4898 coni.
891 4848 984 4899 Cobet.
1005 4875 1030 4886 —
1055 4847 1096 4900 44.
1115 4848 1144 4912 er]
1161 4848 1196 4898 444
1211 4848 1223 4897 4
1240 4873 1268 4883 -
1290 4853 1378 4898 44444444
1399 4850 1438 4899 riu
1461 4848 1521 4914 bg:
1545 4857 1644 4902 44444444
1658 4853 1686 4902 io
1702 4853 1748 4909 et;

430 4929 520 4976 44444444
535 4924 562 4974 ic
578 4924 587 4974 i
605 4950 633 4961 -
651 4923 692 4974 44.
710 4935 755 4974 nec
770 4923 838 4973 444444
855 4925 882 4982 4;
900 4924 1040 4973 mairiam
1056 4937 1111 4972 a—
1130 4922 1495 4975 :summoue-etiosam
1511 4939 1568 4989 eg:
1586 4927 1744 4983 denudari:

432 4999 537 5051 colmiae
551 4998 617 5049 blO
635 5023 663 5034 -
686 5009 745 5048 uero
762 5011 815 5048 om.
833 5011 848 5048 a
868 5024 894 5033 -
918 4997 959 5048 44.
978 4999 1028 5060 tyri
1044 4997 1062 5048 b
1080 5021 1108 5033 ·-
1127 5002 1225 5047 4444444444
1241 4998 1388 5064 Ferrarius:
1411 4999 1475 5049 404444
1490 5000 1530 5050 444
1547 5025 1575 5038 ·-
1593 5001 1635 5052 28.
1650 5001 1750 5064 44444444

433 5088 490 5139 eg:
507 5075 625 5138 ferbet:
644 5073 795 5136 pboeuitini
814 5099 841 5111 -
864 5074 904 5124 49.
923 5073 1223 5125 404440444444-344.
1240 5074 1298 5124 illue
1315 5077 1325 5124 t
1344 5101 1371 5111 -
1390 5075 1616 5126 44444444-34.
1634 5078 1749 5127 emra-

432 5149 486 5201 cori
500 5149 644 5200 nobilissimi
658 5149 728 5199 4444444
741 5161 847 5212 mumius
858 5147 942 5199 codex
956 5149 1052 5209 Ursini;
1070 5161 1127 5199 444444
1142 5148 1291 5199 aarum
1306 5149 1467 5201 mbilicum
1483 5151 1556 5201 444444
1570 5151 1696 5201 0440444444
1711 5147 1748 5201 444

435 5229 462 5277 44
478 5225 517 5275 sle
534 5227 563 5296 0ι
587 5226 636 5276 sed
657 5224 701 5276 hic
719 5224 894 5286 meatumque
910 5237 971 5275 cum
989 5223 1049 5274 cod.
1067 5225 1212 5288 baugiaco:
1234 5223 1294 5276 tort.
1311 5237 1369 5276 444444
1389 5225 1491 5290 Pacori,
1512 5225 1636 5277 4444440444
1653 5223 1747 5276 44444044-

434 5298 521 5350 444444444
537 5299 617 5363 ducis,
635 5311 669 5351 m.
687 5312 710 5350 c.
726 5298 800 5363 444444.
823 5298 861 5351 Cl.
880 5300 966 5349 Garat.
984 5299 1018 5349 ad
1034 5298 1061 5349 b.
1075 5296 1092 5350 l.
