4009 6159
740 543 814 608 cn.
835 498 954 609 rimx.
981 540 1040 627 ss.
1062 538 1210 606 rs-sa.
1340 584 1344 591 .
1575 536 1633 606 rat

311 711 390 775 haec
421 712 592 775 auctoritas
619 720 747 787 nostra,
779 714 834 798 qui
863 734 883 776 a
908 714 1021 777 ceteris
1043 711 1271 777 coniurationis
1292 712 1396 775 muns
1417 709 1640 785 abstinuimus,

313 805 345 866 P.
369 803 491 867 Sullam
514 805 729 883 defendimus,
750 806 829 869 nibil
850 808 937 871 hunc
953 808 1080 873 tandem
1094 807 1236 871 iuvabit?
1269 805 1370 871 Grave
1385 813 1434 869 est
1447 804 1509 869 hoc
1522 804 1641 868 dictum

311 898 462 975 sortasse,
489 900 629 977 iudices;
658 920 767 983 grave,
790 902 816 963 si
838 902 1018 984 appetimus
1039 900 1178 983 alianid3
1205 900 1249 975 si,
1278 921 1348 963 cum
1370 901 1466 963 ceteri
1488 899 1528 963 de
1550 899 1641 963 nobis

314 994 426 1071 silent,
448 1014 513 1059 non
535 994 631 1059 etiam
652 1003 776 1059 nosmet
790 996 851 1077 ipsi
866 1002 1023 1070 tacemus,
1044 1014 1155 1077 grave:
1177 995 1251 1070 sed,
1274 995 1302 1058 si
1316 993 1486 1069 laedimur,
1508 995 1536 1059 si
1550 1015 1642 1058 accu-

313 1106 437 1163 samur,
466 1089 493 1151 si
515 1090 549 1151 in
570 1090 910 1164 invidiam-vocamur,
939 1089 1083 1172 proiecto
1105 1088 1296 1163 conceditis,
1324 1087 1463 1163 iudices,
1491 1097 1529 1153 ut
1548 1088 1665 1152 nohiso

312 1182 489 1245 libertatem
510 1183 648 1246 retinere
670 1182 777 1258 liceat',
800 1185 827 1246 si
850 1184 953 1246 minus
975 1183 1069 1247 liceat
1089 1181 1284 1265 dignitatem.
1328 1177 1379 1244 8l.
1401 1184 1548 1246 Accusati
1568 1190 1643 1246 sunt

311 1296 375 1338 uno
397 1278 526 1339 nomine
548 1278 748 1350 consulares,
769 1286 805 1339 ut
827 1278 889 1340 iam
910 1277 1056 1340 videatur
1075 1276 1208 1340 honoris
1227 1276 1413 1360 amplissimi
1433 1294 1549 1339 nomen
1570 1275 1641 1359 plus

312 1368 451 1432 invidiae
473 1390 568 1453 vam
591 1371 755 1454 dignitatis
776 1372 898 1434 afferre.
934 1369 1132 1445 Adiuerunt,
1153 1369 1274 1453 inquit,
1298 1370 1466 1445 Catilinae,
1487 1370 1641 1453 illumque

312 1462 493 1527 laudarunt.
524 1464 619 1528 Nulla
639 1472 706 1528 tnm
727 1464 870 1548 patebat,
892 1463 980 1528 nulla
994 1471 1062 1527 crat
1076 1464 1201 1546 cognita
1217 1464 1409 1539 coniurati03
1432 1462 1644 1527 defendebant

313 1559 468 1634 amicum,
491 1559 623 1623 aderant
644 1559 798 1641 supplici,
820 1558 905 1621 vitae
927 1559 996 1621 eius
1018 1557 1247 1641 turpitudinem
1269 1557 1303 1619 in
1325 1558 1539 1621 summissius
1560 1558 1680 1642 peri-w

314 1653 393 1717 culis
416 1672 481 1715 non
502 1654 760 1737 insequebantur.
793 1652 879 1727 Quin
902 1653 995 1716 etiam
1017 1670 1133 1735 parens
1148 1659 1239 1726 tuus,
1261 1652 1439 1735 Torquate,
1461 1651 1573 1715 consul
1586 1672 1642 1715 reo

312 1745 352 1808 de
374 1748 520 1829 pecuniis
543 1745 727 1830 repetundis
744 1746 897 1809 Catilinae
915 1744 975 1810 luit
989 1744 1180 1819 advocatus,
1201 1745 1345 1828 improbo
1358 1744 1499 1821 homini,
1520 1753 1555 1809 at
1569 1767 1643 1830 sup·

313 1840 407 1923 plici,
428 1839 564 1905 sortasse
586 1839 718 1914 audaci,
739 1847 773 1902 at
792 1838 966 1922 aliquando
988 1840 1101 1901 amico.
1138 1838 1196 1902 Cui
1217 1860 1289 1902 cum
1304 1838 1407 1903 adluit
1418 1848 1493 1922 post
1506 1841 1643 1905 delatam

315 1934 355 1997 ad
378 1934 608 2017 comprimam
630 1932 717 1994 illam
740 1933 1005 2005 coniurationem,
1036 1932 1190 1995 indicavit
1209 1953 1244 1995 se
1266 1932 1394 1998 audisse
1415 1933 1555 2017 aliquid,
1577 1955 1642 1999 non

311 2131 425 2205 postea
446 2127 600 2205 cognorat
620 2120 691 2203 ipse
706 2120 845 2203 aliquid,
868 2119 953 2203 qnod
967 2120 1000 2183 in
1016 2120 1184 2183 consulatu
1198 2120 1393 2203 ignorasset,
1414 2120 1642 2204 ignoscendum

312 2214 436 2291 estiis,
460 2214 515 2299 qni
538 2220 651 2297 postea
672 2212 753 2276 nihil
776 2214 961 2277 andierunt:
983 2214 1034 2277 sin
1053 2213 1109 2277 illa
1130 2234 1182 2277 res
1203 2213 1435 2297 primereine,
1456 2236 1533 2279 num
1554 2217 1643 2282 inve-

312 2316 413 2374 terata
443 2328 539 2392 qnam
570 2326 681 2371 recens
713 2307 822 2371 debuit
843 2327 913 2371 esse
935 2307 1085 2389 graviori
1123 2307 1187 2370 Sed
1207 2307 1235 2371 si
1258 2315 1333 2371 tuus
1353 2328 1469 2391 parens
1491 2310 1587 2373 etiam
1607 2311 1642 2373 in

310 2404 382 2486 ipsa
411 2401 594 2485 suspicione
626 2401 760 2485 periculi
790 2401 839 2464 sui
868 2408 973 2464 tamen
1001 2399 1198 2465 humanitate
1226 2401 1381 2466 adductus
1403 2402 1642 2468 advocationem

309 2495 447 2561 bominis
469 2496 698 2579 improbissimi
721 2495 799 2559 sella
820 2493 922 2558 curuli
944 2502 1040 2576 atque
1062 2496 1258 2561 ornamentis
1279 2505 1312 2561 et
1333 2496 1400 2560 suis
1414 2502 1447 2560 et
1460 2498 1680 2561 consulatusso

310 2589 507 2664 honestavit,
531 2590 611 2674 quid
635 2597 700 2664 est,
723 2609 818 2674 quam
841 2589 882 2652 ob
904 2608 970 2651 rem
992 2588 1191 2663 consulares,
1214 2590 1270 2673 qui
1288 2589 1442 2654 Catilinae
1464 2590 1642 2666 adfuerunt,

310 2683 607 2767 reprehendanturl
643 2681 695 2746 89.
718 2685 759 2746 At
779 2684 863 2746 idem
886 2682 943 2756 iis,
966 2684 1021 2766 qni
1036 2691 1111 2746 ante
1124 2683 1211 2745 hunc
1225 2702 1353 2748 causam
1369 2681 1409 2745 de
1423 2685 1643 2750 coniuratione

310 2777 478 2854 dixerunt,
506 2798 571 2841 non
593 2777 771 2841 adhierunt.
809 2779 911 2840 Tanto
941 2776 1060 2840 scelere
1081 2776 1240 2840 adstrictis
1261 2775 1445 2841 hominibus
1466 2785 1643 2843 statuerunt

309 2870 391 2932 nibil
413 2890 432 2934 a
455 2890 489 2934 se
511 2872 702 2947 adiumenti,
730 2871 810 2934 nihil
833 2874 921 2955 opis,
950 2870 1031 2935 nibil
1060 2870 1172 2934 auxilii
1194 2870 1271 2933 ferri
1294 2878 1448 2955 oportere.
1481 2873 1589 2955 Atque¹
1606 2881 1643 2936 ut

310 2958 484 3045 de(ecrum
506 2966 685 3030 constantia
696 2958 803 3050 ,latque
825 2966 930 3028 animo
952 2965 986 3027 in
1001 2985 1067 3028 rem
1082 2964 1242 3047 publicam
1257 2963 1374 3039 dicam,
1385 2967 1534 3048 (quonam
1547 2968 1679 3031 tacitast

310 3060 447 3142 gravitas
477 3068 509 3124 et
539 3056 619 3123 fides
647 3060 686 3123 da
714 3079 781 3122 uno
803 3077 933 3143 quoque
954 3058 1099 3148 loquitur
1118 3078 1226 3142 neque
1248 3058 1438 3142 cuiusquam
1459 3068 1644 3125 ornamenta
1739 3123 1756 3144 ,
1777 3067 1799 3145 ,ζ

311 3154 462 3217 orationis
484 3150 669 3255 desiderat,)
682 3160 787 3237 potest
808 3154 978 3237 qnisquam
1001 3148 1106 3215 dicere
1127 3172 1278 3237 umquam
1296 3152 1462 3227 meliores,
1483 3152 1642 3230 fortiores,

311 3248 541 3312 constantiores
563 3247 748 3311 consulares
769 3246 884 3322 luisse,
907 3267 1002 3330 quam
1024 3246 1064 3309 iis
1079 3245 1275 3331 temporibus
1291 3254 1323 3310 et
1336 3246 1504 3330 perieulis,
1526 3248 1642 3333 quibus

310 3360 412 3423 paene
442 3360 595 3425 oppressa
623 3348 672 3405 est
697 3360 748 3405 res
770 3341 921 3423 publicai
955 3341 1035 3416 Quis
1058 3360 1124 3403 non
1146 3340 1186 3404 de
1209 3340 1369 3404 communi
1389 3342 1492 3405 salute
1514 3345 1640 3428 optime,

311 3434 383 3516 quis
404 3455 469 3498 non
491 3435 679 3511 fortissime,
702 3435 776 3520 quis
798 3435 1141 3499 non-constantissime
1163 3437 1284 3499 sensit?
1305 3437 1417 3519 Neque
1440 3453 1499 3521 ego
1520 3440 1679 3521 praeci-so

375 3737 399 3787 l.
416 3738 501 3786 oestro
518 3736 537 3786 B
556 3762 583 3772 —
602 3736 627 3785 i.
645 3736 710 3787 boenc
726 3736 834 3803 wadan]
851 3736 912 3787 lace
928 3738 1033 3800 inquam
1049 3736 1069 3785 B
1088 3762 1116 3770 -
1134 3748 1213 3799 praes
1229 3740 1264 3784 sat
1279 3734 1325 3785 boc
1341 3736 1434 3786 dictaeo
1448 3736 1509 3801 sort.
1521 3739 1574 3790 iud.
1586 3738 1639 3789 Erl.

308 3808 395 3862 solos:
415 3824 468 3861 om.
488 3811 567 3862 codd.
585 3810 652 3873 rell,
672 3813 751 3862 stiam
769 3813 789 3862 Τ
808 3839 835 3848 -
855 3811 879 3863 l.
898 3826 949 3861 oon
965 3812 1052 3862 om.B
1071 3836 1099 3845 -
1117 3810 1167 3872 ipsi
1182 3810 1213 3859 ds
1228 3808 1298 3859 nobis
1314 3814 1426 3860 tucesms
1441 3811 1462 3861 B
1481 3838 1508 3847 -
1527 3814 1569 3863 esd
1585 3826 1639 3864 om.

308 3885 328 3935 B
347 3912 375 3921 -
400 3887 424 3937 5.
443 3886 575 3937 commitis
597 3886 686 3945 TBs,
714 3886 793 3936 codd.
816 3885 950 3951 plerique:
977 3886 1113 3937 cmcedstia
1133 3886 1194 3938 cod.
1213 3888 1282 3937 llon.
1306 3885 1468 3950 electoralis,
1494 3891 1640 3954 torono„

309 3960 401 4009 Franc.
420 3961 446 4022 I,
465 3962 495 4011 0.
519 3959 558 4011 Cl.
578 3960 604 4010 in
622 3960 696 4011 verr.
714 3960 757 4023 lV,
776 3960 791 4023 ἓ
808 3961 832 4011 3.
853 3988 880 3997 -
900 3962 924 4011 7.
942 3974 993 4011 ouo
1009 3962 1109 4015 nomme
1125 3963 1246 4013 codices:
1265 3975 1349 4013 omnes
1363 3977 1415 4013 usto
1430 3965 1530 4015 monins
1545 3964 1639 4017 bamb.

309 4037 336 4083 et
353 4036 381 4086 0.
405 4036 438 4086 nt
455 4050 481 4086 s.
499 4034 579 4098 Scyll.
598 4048 625 4100 p.
644 4034 684 4086 li.
705 4062 732 4071 -
756 4036 781 4085 8.
800 4038 927 4099 amarunt
943 4036 989 4085 ΤΒ
1007 4062 1035 4071 -
1059 4036 1148 4097 inquid
1164 4037 1183 4086 T
1203 4064 1230 4073 -
1257 4037 1282 4087 9.
1300 4037 1470 4089 bodasem
1484 4039 1505 4089 B
1521 4066 1556 4076 -
1570 4041 1642 4090 nulla

308 4114 362 4160 tom
377 4110 409 4171 Τ,
427 4108 471 4160 sd.
486 4109 562 4161 ilii:
580 4111 652 4161 nmio
668 4116 751 4161 tameo
768 4113 799 4171 S;
817 4111 879 4161 nibil
894 4112 1008 4161 lumeni}
1021 4136 1049 4146 -
1069 4112 1109 4161 li.
1126 4112 1277 4177 mannas]
1295 4112 1339 4162 bic
1350 4114 1441 4177 incipit
1452 4114 1640 4178 fragmentum,

309 4183 380 4247 quod
398 4184 478 4234 hodie
496 4185 520 4234 in
539 4185 599 4235 cod.
612 4185 758 4236 liriortensl
771 4185 804 4249 l=
818 4184 848 4246 E)
860 4187 954 4237 exstat.
968 4212 997 4223 —
1017 4184 1052 4250 at]
1070 4200 1101 4235 uc
1113 4187 1130 4236 S
1143 4212 1171 4221 —
1190 4186 1231 4237 43.
1250 4188 1325 4250 afflet
1340 4188 1424 4249 ETS,
1443 4190 1471 4238 et
1481 4190 1521 4240 sic
1531 4189 1639 4241 deinde.

311 4270 343 4294 -‘
358 4259 398 4310 ll.
411 4260 483 4309 illum
496 4260 638 4322 pneuma
653 4286 680 4297 -·
698 4261 852 4311 tudtcovtt'l'
865 4288 892 4297 -
906 4262 946 4312 lb.
960 4261 988 4311 Si
998 4262 1029 4310 S:
1048 4262 1092 4311 ssd
1107 4262 1193 4322 ETB,
1213 4262 1256 4312 ed.
1270 4261 1343 4315 liii.
1357 4288 1385 4299 -
1405 4264 1446 4314 46.
1458 4268 1639 4329 copnccerotB

311 4360 338 4369 —
351 4334 498 4399 ipnorosset]
514 4349 565 4385 non
580 4340 641 4385 essa
651 4337 681 4397 B,
695 4348 728 4385 ex
744 4350 794 4385 noo
804 4341 893 4397 nosset,
906 4338 935 4386 ut
946 4338 987 4387 est
997 4337 1024 4385 in
1036 4338 1159 4387 Parcensi
1171 4337 1308 4387 Torrentii.
1324 4362 1349 4373 -
1372 4338 1414 4388 li.
1425 4338 1463 4387 bis
1474 4340 1494 4390 Τ
1506 4366 1533 4376 -
1546 4342 1586 4392 rto
1595 4342 1641 4393 illu

308 4409 537 4472 secpsirnciil's,
556 4408 612 4460 alii:
630 4411 652 4459 si
668 4410 739 4460 ouda
754 4423 795 4462 res
808 4410 953 4473 publicam
972 4412 1011 4461 rin
1026 4412 1072 4461 tito
1086 4412 1447 4475 readepsctastisrapatsntdis
1461 4415 1636 4476 psimoeodd.

310 4482 410 4547 aliquot
425 4484 583 4535 deteriores.
604 4513 632 4522 -
650 4498 712 4536 oum
728 4487 792 4536 ET:
809 4500 861 4537 uon
877 4486 926 4536 no
940 4514 967 4523 -
988 4487 1028 4537 ⁴8.
1045 4487 1073 4536 in
1089 4487 1147 4549 ipso
1164 4487 1229 4537 ET:
1248 4488 1275 4537 in
1290 4487 1336 4538 illu
1353 4488 1403 4539 llo
1423 4512 1450 4552 ·.·
1469 4488 1510 4538 te.
1529 4491 1566 4539 tui
1582 4491 1637 4540 S-

309 4558 558 4623 tosnchomB-
581 4562 799 4612 20.curiliT-
822 4561 1124 4624 recommemorata
1144 4585 1171 4598 -
1197 4562 1370 4613 baldoni:
1395 4563 1642 4615 domno-its

309 4636 371 4697 'lB;
389 4635 415 4685 bi
432 4636 448 4685 S
467 4660 494 4673 -
518 4636 583 4687 banc
599 4638 619 4687 Τ
637 4664 664 4673 -
687 4638 729 4688 2³.
749 4638 858 4687 arbutis
873 4637 932 4693 TS;
956 4638 1077 4687 outonis
1093 4637 1114 4687 E
1132 4663 1161 4673 -
1183 4636 1225 4688 tt.
1241 4638 1309 4701 [ma
1325 4638 1374 4688 ΕΤ
1391 4637 1445 4688 etl
1466 4637 1564 4699 Oxon.;
1587 4640 1643 4703 sors

307 4710 343 4773 B,
362 4708 411 4761 sed
427 4712 484 4774 fleti
500 4723 559 4777 sup.
573 4710 633 4771 lln.;
652 4712 712 4764 lort.
723 4712 786 4763 nibil
801 4725 827 4763 se
843 4712 1106 4776 adiumenti--sme
1121 4716 1245 4776 operm
1257 4737 1286 4749 -
1303 4712 1386 4762 talo
1400 4724 1455 4775 rep.
1469 4713 1531 4763 Τ-
1549 4714 1591 4765 ii.
1604 4715 1641 4765 dt·

307 4798 365 4837 cers
380 4787 514 4849 mquam
530 4788 550 4839 E
567 4785 649 4840 solus.
667 4814 693 4826 -
711 4788 822 4841 muodo
836 4788 950 4852 formata
965 4788 1142 4839 coensem
1156 4788 1327 4839 ammonicii
1344 4787 1411 4851 (sort.
1423 4792 1449 4839 st
1463 4790 1643 4841 mousom

306 4860 337 4925 B)
351 4886 378 4896 —
396 4861 437 4913 28.
457 4874 534 4925 mant
549 4863 588 4913 ita
602 4863 638 4925 Τ,
658 4863 719 4914 lort.
736 4863 825 4926 recte,
844 4860 907 4914 scil.»
919 4862 1086 4928 temporibus
1101 4875 1172 4927 qnae
1188 4874 1276 4928 nuper
1291 4861 1408 4914 morunt.
1428 4888 1457 4899 -
1474 4863 1516 4913 29.
1530 4865 1641 4926 poenal·

309 4962 337 4974 -·
355 4938 446 5000 optione
462 4937 619 5003 Spengelios
637 4938 672 5002 (in
689 4938 841 4991 &tunam
854 4938 939 4989 Plilol.
958 4939 994 4999 ll,
1012 4951 1040 5003 p.
1053 4937 1123 5001 iiii:
1148 4940 1303 5002 spartium
1319 4936 1398 4990 codd.
1416 4938 1553 5005 (epilam
1567 4940 1639 4991 lton.

307 5011 416 5063 elector.
436 5014 463 5063 et
480 5014 561 5065 Onon.
575 5014 616 5077 Hi·
644 5012 732 5064 «Dicit
748 5014 838 5064 orator
853 5014 980 5074 meliora,
996 5013 1127 5077 smtiorcs,
1145 5016 1339 5074 mouendarum
1358 5014 1411 5065 iam
1427 5015 1525 5079 repetit
1540 5026 1641 5066 sacun-

306 5088 372 5139 dnm
389 5090 417 5138 et
433 5088 550 5149 tertium,
567 5089 716 5152 satissime,
733 5090 937 5150 constantissime,
954 5088 1071 5153 primum
1082 5090 1236 5152 opernm
1246 5102 1299 5141 non
1310 5089 1459 5140 conuenit.»
1476 5090 1561 5153 Supra
1572 5102 1641 5153 qno·

306 5176 360 5227 que
386 5162 450 5227 §30
474 5162 571 5214 eadem
594 5163 644 5213 tria
667 5162 797 5215 adieetiva
822 5165 963 5214 coniuncta
987 5160 1124 5227 leguntur,
1150 5165 1269 5229 itemque
1291 5163 1371 5230 paolo
1392 5166 1455 5230 post
1477 5163 1574 5215 eadem
1590 5164 1641 5213 tria

307 5236 430 5289 membra
446 5238 576 5301 redeunt,
595 5238 645 5291 sed
662 5239 763 5291 mutato
780 5237 890 5292 ordine:
907 5238 966 5302 pto
975 5239 1088 5304 mutia
1103 5240 1413 5304 parmomo,
1429 5239 1638 5305 pbttnruottntts.
