4009 6159
697 609 946 676 merx-u.
974 605 1186 692 §rae-er.
1512 591 1590 664 teet

370 781 409 846 X.
430 777 481 845 25.
509 780 597 845 liano
625 785 659 843 tu
680 779 789 861 igitur,
817 785 950 861 patrone
970 777 1134 843 foederum
1154 796 1191 841 eo
1211 775 1456 848 foederatorum,
1486 770 1598 838 eondi-
1708 817 1724 855 f

284 877 402 941 tionem
432 873 543 938 statuis
566 874 743 948 Gaditanis,
770 873 833 938 tuis
855 873 996 964 cipibus,
1022 879 1073 947 ut,
1107 872 1194 956 quod
1221 871 1276 945 iis,
1297 889 1379 953 quoe
1400 868 1520 951 magnis
1541 864 1599 928 ad·
1690 876 1709 930 d

284 969 437 1034 iuteribus
459 968 482 1050 †
504 969 568 1034 tuis
590 969 682 1033 armis
704 968 885 1050 subegimus
906 975 1001 1052 atque
1024 966 1230 1030 inditionem
1250 971 1390 1030 nostram
1409 961 1597 1043 redegimus·

284 1061 394 1138 liceat,
423 1064 449 1126 si
471 1063 606 1147 populus
628 1064 787 1126 Romanus
810 1061 1002 1144 permiserit,
1033 1068 1069 1124 ut
1088 1059 1128 1124 ab
1149 1067 1275 1134 senatu,
1294 1053 1341 1124 ab'
1356 1052 1597 1139 imperatoribus

284 1159 417 1233 uostris,
439 1157 564 1224 civitate
586 1158 757 1232 donentur,
788 1156 820 1220 id
842 1175 882 1218 ne
903 1155 996 1220 lineat
1017 1155 1117 1238 ipsisl
1148 1153 1209 1229 Qui
1231 1155 1258 1218 si
1280 1155 1345 1218 suis
1367 1148 1500 1214 decretis
1520 1145 1621 1227 legi-s

283 1250 382 1314 busro
409 1251 603 1326 sanxissent,
632 1271 672 1316 ne
700 1251 772 1335 quie
801 1269 929 1314 suorum
961 1251 1077 1312 civium
1108 1257 1209 1312 oastm
1236 1249 1457 1331 imperatorum
1487 1237 1599 1325 populi

283 1344 416 1410 Romani
437 1345 548 1419 iniret,
569 1365 611 1410 ue
632 1345 703 1429 quis
724 1365 759 1408 se
780 1364 837 1429 pro
859 1351 967 1408 nostro
989 1345 1120 1426 imperio
1134 1345 1167 1406 in
1187 1341 1362 1425 perieulum
1376 1336 1489 1420 eapitis
1502 1340 1599 1416 etque

283 1439 315 1504 in
338 1437 422 1502 vitae
444 1439 612 1504 discrimen
632 1439 776 1512 inferret,
799 1438 1025 1504 Gaditanorum
1045 1439 1183 1513 auxiliis,
1204 1457 1274 1500 cum
1290 1436 1454 1505 vellemus,
1474 1429 1521 1494 uti
1540 1447 1598 1490 no-

284 1531 333 1594 bie
362 1531 487 1608 liceret,
515 1533 654 1616 privatus
683 1553 758 1598 vero
787 1551 828 1596 ne
858 1535 930 1616 quis
958 1535 1007 1596 vir
1034 1540 1067 1597 et
1086 1532 1192 1596 animo
1214 1538 1247 1595 et
1267 1531 1383 1596 virtute
1404 1523 1598 1612 praooolleus

283 1646 341 1711 pro
369 1635 475 1692 nostro
504 1627 636 1710 imperio
664 1626 803 1710 periculo
833 1647 891 1692 suo
922 1627 1102 1700 dimicaret,
1131 1627 1267 1709 graviter
1295 1623 1328 1690 id
1348 1624 1417 1688 iure
1436 1621 1638 1692 serranum·

284 1719 382 1787 minui
409 1720 528 1786 auxilia
556 1721 664 1804 populi
691 1721 839 1796 Romani,
870 1721 1028 1786 debilitari
1049 1721 1170 1784 animos
1191 1719 1432 1784 fortissimorum
1452 1715 1600 1785 virorum,

284 1813 531 1896 alienigenarum
552 1834 611 1879 nos
632 1815 793 1880 bominum
810 1815 924 1880 studiis
938 1823 1035 1899 atque
1049 1821 1179 1898 peterna
1192 1814 1308 1878 virtute
1323 1812 1448 1897 privari.
1480 1805 1532 1872 26.
1544 1808 1602 1868 At·

284 1907 338 1994 qui
360 1906 440 1971 nibil
461 1907 605 1983 interest,
628 1909 763 1985 iudices,
786 1917 889 1974 utrum
910 1908 989 1974 haee
1011 1907 1164 1973 foederati
1186 1909 1254 1972 iura
1276 1906 1483 1979 constituant,
1503 1909 1541 1967 ut
1560 1919 1601 1964 ne

284 2001 335 2068 tui
355 2000 450 2068 liceat
465 2022 505 2066 ex
527 2002 566 2069 iis
585 2003 763 2068 civitatibus
777 2004 817 2068 ad
840 2011 1018 2068 nostrorum
1039 2003 1194 2066 bellorum
1215 2002 1353 2086 pericula
1368 1999 1526 2072 secedere,
1548 2013 1600 2071 ao,

284 2114 365 2180 quae
393 2114 451 2158 uos
481 2115 590 2159 eorum
617 2097 736 2162 civibus
764 2098 887 2161 virtutis
919 2117 1014 2160 eausa
1041 2097 1259 2171 tribuerimus,
1292 2116 1329 2159 ea
1356 2102 1424 2160 rate
1444 2111 1515 2158 esse
1534 2099 1638 2154 nontt

284 2189 418 2274 possint.
449 2190 533 2254 Nihil
556 2193 639 2258 euim
661 2194 761 2274 magis
781 2200 942 2257 uteremur
958 2192 997 2256 iis
1015 2191 1210 2256 adiutoribus
1226 2190 1357 2256 sublatis
1371 2187 1494 2256 rienes
1509 2204 1601 2267 prae-

285 2284 354 2351 miis
381 2304 474 2367 quam
503 2285 530 2350 si
560 2287 688 2352 omuino
717 2287 756 2352 iis
777 2287 894 2352 versari
923 2287 955 2352 in
978 2287 1094 2350 nostris
1115 2284 1208 2350 bellis
1229 2305 1294 2348 non
1315 2285 1433 2348 liceret.
1475 2279 1600 2346 Etenim

284 2399 354 2442 oum
382 2397 440 2462 pro
469 2399 524 2447 sua
554 2381 655 2464 patria
676 2380 768 2463 pauci
790 2389 864 2463 poet
884 2400 984 2463 genus
1004 2379 1168 2444 hominum
1190 2387 1298 2443 uamm
1321 2377 1438 2463 reperti
1459 2376 1524 2442 siat
1543 2373 1600 2458 qui

284 2470 379 2536 nullis
402 2474 551 2555 praemiis
572 2474 745 2557 propositis
759 2475 856 2538 vitam
873 2495 961 2538 suam
976 2475 1113 2538 bostium
1129 2473 1199 2537 telis
1214 2473 1401 2546 obiecerint,
1423 2490 1481 2555 pro
1496 2469 1601 2533 aliena

282 2587 317 2630 re
348 2566 475 2650 publiea
503 2587 692 2653 quemquam
714 2567 783 2631 fore
812 2569 928 2652 putatis
950 2569 1006 2652 qui
1028 2587 1062 2630 se
1085 2575 1226 2651 opponat
1245 2566 1397 2649 periculis
1418 2583 1483 2628 uon
1505 2560 1639 2627 modoet

282 2659 369 2724 nullo
391 2662 554 2742 proposito
576 2661 735 2745 praemio,
758 2663 812 2725 sed
835 2663 927 2726 etiam
950 2662 1143 2726 interdictor

365 2755 420 2818 xl.
442 2751 493 2816 27.
523 2754 586 2818 Sed
614 2776 685 2822 oum
710 2766 758 2822 est
778 2756 857 2820 illud
879 2756 1114 2839 imperitissime
1137 2757 1251 2822 dietum
1273 2755 1313 2818 de
1333 2753 1461 2839 populis
1482 2751 1600 2824 lundis,

282 2849 356 2933 quia
383 2868 548 2914 commune
578 2849 746 2917 liberorum
770 2858 818 2916 est
845 2851 1051 2935 populorum,
1080 2871 1146 2914 non
1167 2852 1329 2935 proprium
1348 2845 1600 2914 foederatorum:

282 2963 323 3008 ex
345 2961 408 3026 quo
430 2943 563 3025 intelligi
584 2963 715 3008 necesse
737 2953 785 3007 est
806 2953 861 3009 aut
880 2946 1039 3012 neminem
1061 2966 1103 3008 ox
1124 2945 1219 3009 sociis
1239 2944 1338 3010 civem
1354 2941 1422 3008 lieri
1437 2959 1531 3024 posse
1545 2946 1601 3002 eut

282 3036 377 3104 etiam
398 3057 492 3121 posse
514 3057 554 3104 ex
574 3036 763 3104 foederatis:
786 3047 852 3102 tum
867 3059 941 3104 uero
963 3040 1015 3104 ius
1035 3059 1128 3104 omns
1151 3046 1260 3104 noster
1281 3039 1340 3102 iste
1362 3039 1511 3121 magister
1530 3046 1637 3098 muto

281 3130 396 3198 landae
417 3132 554 3198 civitatis
575 3132 713 3214 ignorat,
736 3133 819 3215 quod
841 3141 903 3208 est,
925 3133 1057 3208 iudices,
1079 3153 1145 3198 uon
1159 3132 1264 3198 solum
1278 3133 1312 3196 in
1328 3133 1450 3216 legibus
1464 3128 1601 3213 publicis

281 3225 435 3310 positum,
465 3225 521 3290 sed
550 3226 643 3290 etiam
672 3226 705 3290 in
736 3227 929 3309 privatorum
955 3227 1124 3292 voluntate.
1167 3229 1239 3291 lure
1260 3227 1346 3292 enim
1367 3234 1473 3292 uoetro
1495 3243 1600 3308 neque

281 3326 403 3386 mutare
432 3319 589 3384 civitatem
610 3320 779 3404 quisquam
807 3320 926 3386 invitus
946 3328 1195 3406 potestasque,
1222 3321 1249 3385 si
1272 3320 1365 3395 velit,
1393 3328 1513 3385 mutare
1534 3337 1600 3381 non

281 3420 404 3496 potest,
426 3412 523 3480 modo
545 3414 737 3480 adsciscatur
757 3415 797 3480 eb
819 3434 856 3476 ee
878 3415 1024 3489 civitate,
1047 3417 1138 3480 ouius
1161 3436 1230 3480 esse
1251 3436 1286 3480 se
1301 3415 1437 3480 civitatis
1450 3413 1544 3478 velit:
1565 3419 1602 3476 ut

346 3807 612 3871 bgroditoatsii-
631 3805 1280 3871 emelqmam-mmtratsutorttasatrm
1300 3810 1603 3861 Gadtmeisudtutostbes

282 3883 318 3942 0;
339 3883 438 3946 moenis
458 3881 611 3933 adimantus
631 3882 680 3932 ttlir
699 3882 738 3932 aot
759 3882 890 3941 Halmius;
915 3883 1071 3936 odiutombm
1086 3884 1224 3936 maioribus
1238 3886 1287 3936 tais
1303 3884 1424 3938 Klotzius.
1452 3886 1601 3952 «scriptun

282 3956 405 4009 codicum
421 3958 478 4021 ipse
495 3955 603 4020 quidem
621 3970 682 4006 uera
701 3967 760 4008 esee
777 3956 847 4008 nullo
864 3957 944 4008 modo
961 3960 1049 4022 potest
1065 3974 1116 4012 nee
1129 3961 1181 4010 hoc
1192 3961 1355 4024 signitioere:
1373 3973 1467 4025 mogon
1482 3974 1516 4010 aa
1528 3966 1602 4023 porte

281 4032 607 4092 intumescentem
631 4045 692 4082 uem
715 4045 802 4097 neque
822 4046 914 4098 mopso
930 4034 1044 4084 adiutore
1062 4036 1101 4086 sic
1118 4035 1215 4086 dicitur
1231 4048 1319 4100 neque
1337 4035 1379 4085 hic
1395 4037 1434 4086 tui
1448 4033 1601 4100 simpliciter

282 4108 400 4160 Gaditani
417 4107 541 4174 appellari
559 4110 682 4172 possunt,
705 4108 731 4158 in
748 4108 799 4159 hec
814 4108 970 4173 praesertim
988 4111 1181 4160 contrariorum
1197 4109 1324 4161 relatione
1342 4111 1416 4174 (guod
1430 4112 1475 4172 tir,
1498 4124 1558 4174 gatos
1570 4137 1597 4148 -

281 4185 400 4249 idipsis).
426 4186 455 4235 ln
477 4185 526 4234 tuis
541 4181 624 4234 latere
641 4185 734 4249 opinor
749 4184 823 4234 illis.»
841 4185 949 4236 munire.
969 4209 996 4220 -
1022 4185 1048 4235 3.
1065 4185 1189 4250 ditionem]
1212 4185 1374 4236 moeones
1390 4186 1439 4237 GE
1457 4212 1485 4221 -
1504 4185 1528 4237 i.
1547 4186 1602 4238 ttest

282 4259 331 4312 GE
350 4285 377 4296 -
404 4257 435 4308 od
454 4259 514 4322 imp.
536 4257 634 4323 uostris]
652 4259 729 4310 etiam
741 4273 788 4322 per
804 4258 994 4321 imperatoribus
1009 4261 1101 4310 sostris
1116 4261 1151 4319 Pi
1174 4261 1251 4310 οιιιιιιι
1263 4273 1311 4322 par
1326 4261 1489 4324 inoperatam
1503 4265 1600 4312 nostros

282 4334 348 4392 our
364 4339 393 4384 at
408 4335 484 4386 stom
500 4333 532 4384 ab
547 4335 646 4397 impe.
661 4332 785 4386 Halmius.
798 4360 825 4370 —
844 4334 987 4397 ammeta
1000 4339 1085 4385 norem
1102 4335 1151 4386 GE
1164 4359 1191 4372 -·
1211 4334 1237 4386 8.
1254 4334 1353 4386 domitio
1369 4335 1418 4386 Gli
1431 4361 1459 4373 -·
1476 4335 1500 4386 e.
1517 4335 1602 4387 ttosrat

280 4410 442 4476 Madvigius:
465 4425 516 4463 aon
531 4411 615 4462 ttceret
631 4411 681 4460 CO
698 4435 724 4448 -
742 4411 858 4473 petuntur
875 4410 937 4460 Pu:
956 4411 1082 4472 priuatim
1101 4410 1152 4460 EO
1171 4437 1199 4448 -
1226 4411 1267 4460 to.
1289 4410 1397 4473 sm
1411 4409 1508 4460 minimi
1524 4412 1552 4461 1²¹
1571 4437 1598 4448 -

280 4487 321 4536 ta.
339 4486 466 4537 bomim
482 4499 536 4536 om.
550 4487 600 4538 GE
619 4512 646 4522 -
661 4491 771 4549 pateres
786 4487 849 4537 PG:
865 4485 999 4546 pmrtoE3
1015 4487 1120 4548 pmata
1131 4483 1358 4536 llelmiuscoll.v.
1370 4486 1400 4545 93
1416 4491 1522 4538 asim
1537 4499 1600 4537 oum

280 4560 325 4613 ed.
342 4561 444 4612 luutina
461 4561 491 4611 0.
518 4561 601 4611 «Cum
623 4560 766 4625 praecedat
786 4561 983 4624 mmmmm
1003 4560 1143 4620 henim,
1166 4559 1227 4624 quis
1248 4563 1292 4610 est
1311 4562 1357 4625 qui
1376 4559 1427 4613 sibi
1441 4563 1603 4626 persuadeat

281 4637 437 4688 Cioeronem
454 4635 609 4700 tautologiae
628 4640 681 4688 tam
699 4635 854 4688 menileetae
871 4647 948 4686 reum
962 4647 1033 4696 esse,
1050 4639 1080 4686 ut
1095 4642 1203 4688 m
1215 4636 1308 4687 eorus
1322 4638 1603 4701 serimentum

280 4713 371 4764 autem
388 4723 441 4761 non
457 4710 491 4761 ad
508 4712 694 4772 Romanorum,
712 4710 761 4762 sed
778 4709 812 4761 ad
829 4709 1017 4762 Gaditanorum
1027 4710 1071 4760 vet
1088 4712 1280 4775 cuiuscumque
1296 4709 1385 4776 populi
1403 4712 1531 4764 loederett
1546 4727 1602 4764 ma·

280 4787 351 4838 iores
376 4785 535 4838 trahendum
562 4789 628 4838 est.»
652 4786 746 4838 llum.
763 4812 790 4822 -
808 4783 886 4846 Atque
903 4781 961 4836 G¹E
977 4809 1005 4822 -
1026 4784 1065 4837 ti.
1084 4785 1174 4836 resno
1189 4788 1209 4836 P
1223 4811 1250 4822 ·-
1268 4786 1309 4836 tt.
1327 4787 1359 4835 tis
1375 4785 1451 4837 P¹G:
1468 4788 1490 4838 is
1506 4789 1548 4847 P¹3
1564 4789 1603 4837 bis

280 4861 327 4914 ΕΟ
342 4887 369 4900 -
386 4861 620 4924 uirtuttsprnemiit
637 4861 674 4912 C:
690 4859 995 4923 montbotrauiso-
1014 4863 1057 4913 ⁴7.
1074 4863 1358 4925 maereren-
1375 4863 1407 4912 its
1423 4863 1480 4912 PG:
1498 4861 1536 4912 lais
1551 4863 1602 4914 Eo

282 4964 310 4975 ·-
329 4935 370 4990 49.
388 4937 667 5001 αὶίοιιαρνονορ.ὓ;
686 4938 995 5000 representaret-
1014 4940 1056 4990 eo.
1072 4936 1135 5001 fors]
1152 4939 1302 4990 ssmGE-
1318 4937 1444 5001 patosttc
1461 4961 1489 4974 -
1507 4938 1548 4990 ἢ
1567 4945 1603 4990 ort

281 5027 334 5066 om.
353 5013 403 5064 GE
422 5039 449 5050 -
467 5012 638 5075 teperttteatme
654 5013 673 5062 Ρ
691 5037 719 5049 -
741 5012 839 5074 popottr
855 5011 898 5062 ed.
917 5014 1033 5064 lentina:
1052 5013 1141 5077 papett
1157 5014 1177 5064 c
1194 5040 1221 5054 -
1245 5013 1285 5066 2³.
1304 5013 1366 5078 asts
1381 5009 1512 5064 ltelmins:
1535 5015 1604 5075 guod

281 5085 361 5151 Ptin
380 5088 481 5150 rasura)
507 5087 585 5140 GEO
610 5113 635 5124 -
659 5086 793 5149 commune]
816 5100 872 5138 mam
897 5100 968 5138 omes
991 5086 1065 5148 Po¹;
1088 5101 1145 5139 outa
1169 5089 1315 5147 omnam&
1340 5100 1469 5138 oeream
1490 5083 1600 5138 artG²0

283 5189 310 5200 -
324 5162 456 5214 tiberem
473 5166 508 5212 est
519 5162 669 5226 gepidorum
686 5161 816 5214 tlelmtue:
835 5161 969 5214 tiberem
984 5167 1009 5212 at
1021 5163 1171 5225 populonius
1182 5164 1217 5220 cz
1234 5164 1369 5216 lidorum
1377 5164 1526 5226 papaom
1536 5164 1557 5213 0
1569 5189 1598 5199 -

282 5235 323 5290 li.
341 5235 448 5301 {metim
464 5237 483 5285 P
501 5262 528 5274 -·
547 5239 587 5290 tt.
605 5242 688 5288 aomar
703 5237 755 5303 iste]
771 5237 862 5290 nostris
878 5243 902 5290 ta
917 5236 1014 5290 6¹13-
1032 5237 1075 5289 tt.
1092 5240 1230 5290 uxoratur
1246 5240 1276 5292 1²²
1287 5265 1314 5277 ·-
1332 5251 1359 5297 rs
1373 5238 1453 5296 otono
1465 5239 1526 5288 uelit
1539 5239 1600 5307 post

283 5311 440 5368 bambinum
452 5311 537 5368 Cobet
553 5314 689 5376 (mmor.
702 5314 744 5376 ltl,
762 5325 790 5378 p.
807 5312 876 5376 tit„
895 5312 943 5364 sed
960 5311 1023 5366 vide
1039 5325 1065 5381 p.
1085 5312 1159 5376 tetii,
1175 5310 1202 5376 t.
