4009 6159
702 617 775 681 mr.
797 617 935 683 u-rv.
963 615 1011 701 44
1031 613 1164 682 4-44.
1510 616 1595 688 aare

261 801 452 867 magnoque
472 781 587 858 honori
607 782 691 858 lore,
713 805 919 868 passurumne
939 787 1077 852 censetis
1098 785 1274 850 Antonium
1294 785 1427 851 introire
1441 787 1595 854 Mutinam

259 877 410 960 legatos,
432 877 520 940 exire
541 876 616 941 iude
638 883 728 942 tulol
750 881 929 964 Numquam
950 882 1105 964 patietur,
1127 880 1206 945 milri
1221 878 1357 944 credite:
1378 883 1597 948 4444444144-

271 973 366 1045 tiam,
387 972 463 1034 nori
485 971 730 1056 impudentiam,
758 975 833 1037 nori
856 973 1032 1038 audaciam.
1075 971 1105 1037 7.
1128 976 1194 1038 Nec
1214 994 1290 1038 vero
1312 974 1352 1038 de
1373 975 1430 1039 illo
1452 979 1536 1042 sicut
1556 978 1596 1041 de

271 1065 400 1129 bomine
421 1063 527 1148 aliquo
549 1065 717 1141 debemus,
740 1067 796 1130 sed
818 1075 855 1132 ut
869 1067 909 1132 de
930 1068 1201 1152 importunissima
1214 1068 1311 1134 belua
1323 1069 1473 1152 cogitare.
1507 1073 1596 1148 Quae

272 1177 344 1224 cum
365 1160 410 1224 ita
430 1159 509 1233 sint,
530 1179 596 1222 non
619 1161 749 1224 omniuo
772 1161 962 1226 dissolutum
984 1161 1140 1246 estquod
1162 1162 1302 1227 decrevit
1321 1172 1459 1230 senatus.
1493 1167 1620 1231 Habeto

272 1253 444 1316 atrocitatis
465 1251 587 1335 aliquid
609 1252 741 1336 legatio:
764 1256 885 1319 utinam
907 1256 987 1320 nihil
1009 1256 1141 1322 baberet
1161 1251 1386 1332 moraelillam
1400 1252 1596 1344 cumlpleria·

272 1367 335 1430 que
366 1347 401 1409 iu
428 1346 523 1409 rebus
551 1344 859 1446 perendis(tnrditas
887 1357 919 1412 et
951 1349 1195 1433 procrastinatio
1218 1349 1329 1414 odiosa
1345 1345 1428 1448 pst)
1446 1360 1514 1420 tum
1534 1354 1597 1419 hoo
1677 1338 1766 1433 pla

270 1439 390 1505 bellum
417 1439 540 1522 indiget
560 1441 759 1505 celerinum·
777 1441 1030 1507 Succurrcndum
1051 1449 1101 1508 est
1119 1445 1157 1506 l).
1178 1445 1293 1519 Bruto,
1320 1465 1432 1510 omnes
1453 1448 1596 1530 undique

270 1534 381 1618 copiae
403 1534 618 1617 colligenda03
647 1534 758 1600 horam
787 1537 927 1600 eximere
951 1533 1095 1621 [nullam]
1118 1538 1153 1600 iu
1174 1537 1229 1601 tali
1251 1537 1321 1602 cire
1341 1538 1505 1605 liberando
1527 1541 1597 1605 siue

271 1628 390 1708 scelere
417 1647 484 1690 non
512 1649 690 1711 possumus.
732 1626 763 1692 8.
784 1631 834 1692 Au
861 1631 916 1695 ille
943 1650 1009 1694 nou
1031 1633 1151 1715 potuit,
1179 1631 1208 1694 si
1228 1631 1403 1697 Antonium
1424 1635 1634 1729 couspljmflo
1727 1627 1757 1715 23‘
1817 1639 1820 1644 ’

271 1722 297 1784 si
320 1720 454 1785 Galliam
475 1722 604 1786 Antonii
632 1722 828 1807 provinciam
855 1725 1046 1799 iudicasset,
1077 1724 1222 1807 legiones
1241 1726 1382 1790 Antonio
1411 1735 1444 1792 et
1469 1728 1598 1812 proriu-

270 1817 351 1879 ciam
373 1815 514 1891 tradere,
538 1817 665 1882 domum
687 1817 807 1893 redire,
829 1817 1041 1901 triumphare,
1063 1818 1184 1901 primus
1205 1818 1240 1882 iu
1260 1819 1323 1882 boc
1340 1819 1468 1896 ordine,
1491 1821 1597 1906 quoad

270 1909 486 1993 magistratum
508 1910 621 1986 iniret,
650 1911 839 1976 seutentiam
861 1912 989 1976 dicere?
1021 1911 1101 1996 quid
1121 1911 1241 1994 negotii
1260 1910 1342 1977 fuiti
1384 1912 1416 1978 9.
1441 1914 1504 1979 Sed
1527 1936 1597 1980 cum

269 2023 304 2066 se
332 2005 461 2066 Brutum
494 2023 564 2068 esse
592 2005 789 2068 meminisset
818 2012 1005 2090 vestraeque
1034 2006 1171 2069 libertati
1198 2013 1322 2082 nutum,
1351 2027 1416 2074 nou
1438 2008 1504 2071 otio
1526 2029 1597 2083 suo,

268 2097 346 2181 quid
369 2098 433 2181 epit
453 2098 539 2163 aliud
561 2099 624 2161 uisi
644 2107 679 2163 ut
706 2118 808 2181 paene
831 2119 960 2182 corpore
983 2120 1042 2164 suo
1064 2099 1168 2164 Gallia
1195 2099 1378 2182 prohiberet
1396 2103 1633 2168 Antonium‘lu

268 2191 318 2252 Ad
341 2189 427 2255 hunc
448 2199 554 2256 utrum
575 2191 697 2274 legatos
719 2212 760 2256 an
781 2192 924 2274 legiones
945 2195 991 2256 irc
1014 2193 1206 2278 oportebat?
1229 2195 1292 2258 Sed
1313 2196 1482 2280 praeterita
1503 2197 1597 2259 omit-

270 2291 392 2347 tamus:
414 2291 588 2368 properent
608 2285 718 2368 legati,
740 2286 827 2370 quod
841 2287 934 2351 video
957 2307 1028 2350 esse
1049 2286 1206 2352 facturos:
1228 2309 1286 2353 vos
1301 2309 1377 2372 sapa
1389 2296 1508 2373 parate.
1538 2290 1598 2361 Eat

269 2379 355 2440 enim
377 2378 421 2442 itu
443 2379 617 2453 decretum,
638 2387 690 2455 ut,
712 2380 739 2443 si
760 2379 816 2443 ille
837 2382 1015 2445 auctoritati
1035 2389 1163 2447 senatus
1184 2401 1250 2446 nou
1272 2384 1446 2467 paruisset,
1466 2382 1508 2447 ud
1521 2404 1598 2467 saga

267 2472 376 2535 iretur.
412 2473 528 2550 lbitur3
549 2492 615 2536 uon
635 2474 775 2556 parebit:
795 2492 855 2537 nos
875 2475 1010 2538 amissos
1031 2481 1080 2539 tot
1100 2475 1170 2539 dies
1186 2477 1233 2539 rei
1246 2477 1403 2559 gerendae
1417 2497 1596 2561 queremur.

353 2567 406 2632 lv.
419 2565 499 2630 ‘Nou
521 2572 646 2641 metuo,
669 2567 826 2643 Quirites,
847 2587 905 2642 ne,
928 2587 999 2631 cum
1021 2565 1159 2632 audierit
1179 2570 1352 2647 Antonius,
1375 2591 1430 2636 me
1439 2570 1502 2636 lroo
1517 2580 1550 2634 et
1561 2571 1634 2642 iuro

268 2665 381 2724 senatu
404 2668 435 2723 et
454 2660 490 2722 iu
510 2659 657 2724 contione
679 2661 898 2737 confirmasse,
926 2682 1101 2747 numquam
1130 2663 1221 2728 illum
1249 2663 1391 2730 futurum
1411 2667 1446 2730 iu
1466 2672 1597 2731 senatus

267 2760 441 2836 potestate,
458 2751 625 2817 refellendi
647 2755 710 2818 mei
732 2774 840 2830 causa,
862 2762 897 2819 ut
918 2776 977 2840 ego
998 2755 1080 2821 nibil
1101 2755 1218 2822 vidisse
1239 2758 1364 2836 ridear,
1385 2766 1488 2826 vertat
1508 2781 1544 2824 se
1565 2765 1599 2823 et

267 2849 391 2912 senatui
407 2854 525 2932 pareat.
555 2850 732 2933 Numquam
753 2849 864 2927 laeiet;
886 2869 952 2913 nou
973 2851 1130 2915 invidebit
1150 2851 1225 2916 huic
1240 2871 1331 2920 meae
1344 2854 1479 2937 gloriae:
1501 2852 1598 2919 malet

267 2961 318 3005 me
340 2943 517 3026 sapientem
538 2963 557 3006 a
578 2943 667 3007 vobis
690 2965 785 3028 quam
807 2964 843 3008 se
861 2943 1040 3008 modestum
1055 2945 1237 3010 existimari.
1273 2942 1325 3010 40.
1348 2947 1456 3024 Quid?
1477 2949 1547 3032 ipse
1567 2945 1596 3009 si

266 3036 357 3112 velit,
387 3055 464 3102 uum
487 3035 583 3100 etiam
603 3037 738 3101 Lucium
759 3036 887 3103 fratrem
910 3058 1077 3122 passurum
1099 3040 1309 3106 arbitramur?
1336 3043 1446 3126 Nuper
1468 3042 1635 3127 quidemao

267 3131 382 3193 dicitur
403 3129 443 3193 ad
466 3129 579 3205 Tibur,
600 3138 637 3193 ut
658 3131 790 3213 opinor,
812 3151 883 3195 cum
905 3132 935 3195 ei
957 3132 1066 3195 labne
1085 3133 1128 3196 bl.
1141 3134 1300 3200 Antonius
1314 3134 1492 3212 videretur,
1513 3153 1599 3200 mor-

266 3232 331 3287 tem
348 3223 440 3288 tratri
463 3243 534 3287 csse
555 3223 728 3290 minitatus.
767 3225 915 3290 Etiamne
945 3226 985 3289 ab
1006 3227 1069 3290 hoc
1090 3227 1290 3312 myrmillone
1309 3230 1448 3295 Asiatico
1469 3237 1598 3298 senalus

268 3317 431 3395 mandata,
452 3319 629 3400 legatorum
644 3318 740 3382 rerba
761 3317 952 3384 audientur?
973 3321 1040 3384 Nec
1061 3321 1147 3384 enim
1170 3323 1293 3386 secerni
1314 3343 1335 3388 a
1353 3321 1450 3389 fratre
1470 3325 1597 3410 poterit,

268 3417 356 3477 tanta
377 3413 570 3493 praesertim
599 3412 793 3478 auctoritate.
834 3415 913 3479 Nam
941 3413 994 3478 hic
1015 3415 1193 3480 interillos
1214 3416 1382 3482 Africanus
1403 3425 1469 3496 aat3
1497 3419 1597 3502 pluris

266 3504 417 3583 babetur,
439 3525 536 3590 quam
557 3507 593 3570 1..
615 3507 811 3583 Trebellius,
832 3507 948 3590 pluris,
970 3529 1067 3593 quam
1085 3510 1121 3575 Τ.
1135 3510 1288 3588 Plancus,
1310 3508 1329 3547 *
1342 3509 1362 3546 *
1374 3507 1396 3547 *
1409 3510 1634 3618 adolqscensao
1741 3541 1746 3561 2

321 3893 355 3944 ’4.
373 3891 560 3944 eouchorr.
579 3904 720 3944 exoca-
737 3893 997 3948 ulaolcrttumvi-
1016 3895 1042 3948 3.
1058 3896 1146 3960 ispum
1165 3896 1245 3948 Vi·
1263 3896 1290 3950 4.
1307 3897 1452 3961 reparavi
1471 3923 1500 3936 —·
1516 3897 1598 3950 444444

266 3968 334 4019 0-
352 3969 377 4020 6.
395 3969 486 4032 4444444
501 3968 525 4019 V
542 3995 570 4006 -
586 3967 738 4032 pleriquaV
757 3995 785 4008 -
803 3970 828 4020 7.
847 3971 955 4022 44444444
971 3971 995 4020 V
1008 3997 1037 4010 -
1056 3971 1081 4022 8.
1099 3971 1506 4038 meermannianam
1521 3973 1599 4025 alleri

263 4044 364 4095 Nonius
380 4057 407 4109 p.
419 4045 468 4096 443
480 4045 514 4097 u.
526 4073 554 4084 -
567 4045 591 4096 9.
605 4046 714 4097 mturare
728 4043 789 4096 edd.
803 4057 835 4096 er
848 4047 918 4098 conl.
930 4045 1040 4108 Budael,
1053 4048 1083 4098 ut
1096 4045 1218 4097 videtur:
1236 4045 1352 4098 matous
1364 4048 1443 4100 codd.
1454 4077 1481 4088 -
1501 4049 1599 4100 44444444

264 4119 321 4169 Vi:
338 4119 418 4171 ullam
428 4120 458 4184 0,
476 4122 506 4172 ut
522 4121 575 4172 lam
599 4121 640 4172 est
656 4121 683 4172 lu
700 4120 824 4171 adven.
843 4133 867 4172 a.
882 4120 960 4184 4444,
979 4134 1049 4186 quae
1066 4120 1144 4174 uobis
1161 4121 1196 4173 nd
1212 4135 1307 4174 manus
1324 4125 1374 4175 cst.
1394 4126 1442 4176 «lu
1457 4128 1598 4192 posterum

264 4205 346 4245 nemo
362 4192 438 4246 lacile
455 4193 588 4246 dubitabit
609 4197 656 4246 eut
672 4207 735 4246 cum
752 4192 814 4245 edd.
832 4195 897 4247 vett.
916 4197 1050 4260 corrigere
1065 4198 1146 4250 444444
1161 4199 1209 4250 aut
1229 4210 1293 4250 cum
1307 4199 1424 4252 4444444444
1440 4200 1530 4253 delere
1547 4214 1598 4252 noa

265 4268 337 4333 (aute
350 4271 488 4334 4444444444)
511 4272 556 4322 aut
576 4279 686 4322 mecum
705 4270 801 4322 44444444
823 4273 960 4335 omittere,
987 4274 1018 4323 ut
1039 4273 1130 4323 borum
1150 4273 1185 4324 sit
1203 4285 1284 4323 4444444
1303 4273 1401 4326 444444.
1427 4274 1499 4327 solet
1514 4275 1596 4336 culm,

266 4345 396 4408 quantum
412 4347 535 4408 memini,
559 4347 586 4397 iu
604 4347 661 4398 eius
679 4345 752 4397 modl
768 4347 900 4398 structura
917 4348 1025 4412 negatio
1042 4349 1163 4413 proxime
1179 4351 1241 4398 aute
1254 4359 1327 4411 porea
1341 4350 1421 4415 poni,
1445 4362 1499 4414 quo
1513 4350 1598 4400 artius

265 4416 292 4467 id
309 4418 465 4483 cohaereat,
490 4418 561 4485 quod
578 4420 637 4472 fleri
653 4434 706 4472 unu
722 4433 803 4487 posse
821 4420 942 4473 dicitur.»
964 4422 1126 4476 Wrsurauau
1145 4421 1180 4473 ad
1196 4435 1236 4473 or.
1254 4424 1323 4474 sest.
1341 4436 1369 4488 p.
1386 4423 1428 4476 30.
1451 4424 1489 4476 Cl.
1507 4426 1598 4476 44444444

265 4493 346 4546 etlam
363 4496 466 4560 Zumpt.
485 4495 520 4546 ad
536 4495 612 4547 Verr.
630 4508 658 4562 p.
676 4496 734 4548 304.
753 4523 781 4534 -
807 4497 847 4548 40.
865 4509 917 4548 cor.
934 4496 958 4549 V
976 4523 1005 4534 -
1027 4499 1067 4549 44.
1087 4498 1175 4549 satori
1191 4497 1215 4548 V
1233 4524 1262 4535 -
1280 4499 1322 4550 43.
1338 4505 1401 4551 4444.
1419 4499 1500 4552 dicae
1516 4513 1571 4551 om.
1589 4500 1599 4549 i

266 4593 295 4607 -
312 4570 435 4635 ocqottV
452 4595 481 4610 -
499 4569 540 4624 44.
557 4573 878 4626 acucucnroom.i-
898 4573 1112 4636 tuprmssrv
1132 4572 1347 4638 -laputtoml
1364 4575 1595 4638 -tactaanav-

261 4644 513 4708 puceu-aa.
531 4645 816 4700 0400444404.-
835 4647 988 4710 manvu
1008 4649 1160 4700 4444444444
1179 4647 1600 4714 -49.4444444444444444444

263 4717 713 4784 41-40.04444.4;444444444-
735 4721 1137 4774 bocatbrvzctom.10-
1160 4722 1600 4786 naevo-ammedera

264 4791 301 4844 V:
318 4793 403 4844 4444444.
422 4796 460 4846 40
477 4819 506 4834 -
531 4796 572 4848 30.
592 4797 618 4848 T.
637 4798 661 4848 l:
685 4798 734 4849 44444
749 4798 773 4847 V
791 4824 819 4836 -
843 4797 949 4850 44444444
965 4797 1115 4850 Ferrarius:
1140 4797 1259 4861 4444444444
1274 4797 1323 4848 Vl.
1348 4800 1413 4850 Post
1427 4797 1480 4850 boc
1494 4810 1554 4849 roc.
1572 4797 1600 4849 iu

264 4869 288 4918 V
298 4881 367 4921 uuus
380 4881 476 4923 versus
492 4873 520 4924 lu
536 4884 629 4924 rasura
646 4874 761 4938 scriptus
777 4876 833 4926 est:
850 4875 933 4926 uidete
949 4875 1142 4938 4444444444
1158 4877 1208 4925 eat:
1225 4873 1376 4938 sequumur
1392 4875 1497 4938 septem
1513 4870 1599 4924 4444444

264 4941 341 4998 lineis
362 4947 521 5000 transversis
544 4961 581 5000 m.
600 4949 616 4999 4
639 4947 756 5012 deletae,
779 4949 807 5000 iu
831 4947 928 5014 quibus
945 4961 1015 5014 quae
1031 4947 1155 5012 leguntur
1170 4947 1187 5013 5
1202 4949 1220 5000 b
1235 4948 1276 5000 sic
1290 4949 1390 5000 iterum
1404 4947 1504 5013 scriptu
1519 4949 1599 4998 suut:

264 5025 293 5072 ut
314 5024 453 5075 4444444444
473 5023 540 5074 ciba
561 5023 817 5090 paumnsblcouem
838 5024 882 5087 qul
902 5025 960 5089 pao
981 5029 1016 5075 44
1038 5022 1601 5089 palliuecduccrctdaanaaprcplauurbsm

264 5109 364 5150 4444444
381 5100 486 5152 ducenta
500 5097 573 5150 4444444
589 5099 733 5151 aarum
748 5099 806 5150 44444
823 5100 1007 5151 dorsalium
1021 5099 1185 5164 illcpurcut:
1205 5102 1267 5168 post
1281 5100 1351 5152 baec
1365 5097 1451 5150 verba
1467 5110 1504 5148 m.
1521 5095 1602 5148 4444-

265 5167 319 5224 leta
336 5173 420 5225 codex
436 5171 508 5225 nullo
525 5185 595 5226 novo
610 5187 691 5227 versu
706 5176 813 5241 incepto
830 5176 869 5228 slc
886 5175 989 5241 pergit:
1008 5187 1066 5225 44444
1077 5176 1139 5240 (asra
1148 5186 1187 5226 m.
1199 5175 1223 5239 4)
1240 5174 1359 5227 euim
1376 5173 1419 5238 lex
1428 5170 1601 5233 musculi)

266 5247 408 5302 4444444444
422 5247 512 5301 4444444
527 5251 580 5301 444.
600 5249 692 5314 (44444
708 5247 734 5302 l.
752 5249 870 5316 44444444,
888 5250 933 5312 qur·
948 5249 1074 5313 44444444,
1097 5249 1140 5301 ad.
1157 5248 1215 5302 rob.
1233 5250 1303 5301 ocul.
1321 5249 1410 5303 noser
1425 5248 1455 5300 iu
1469 5247 1549 5314 spec.
1566 5245 1599 5309 ll,

265 5332 295 5388 p.
312 5322 361 5388 tl,
379 5335 457 5388 qaum
475 5323 501 5378 4.
518 5323 649 5390 maur,
667 5335 745 5390 444444
759 5325 862 5380 nciam
877 5325 921 5378 44.
938 5323 996 5380 acb.
1013 5325 1191 5380 sennaser.
1208 5337 1249 5378 cr.
1265 5320 1335 5390 xm,
1352 5323 1368 5390 8
1383 5321 1437 5389 44.)
