4009 6159
181 3807 186 3816 ·
268 3803 271 3810 ·
311 3780 452 3863 auspicia
473 3787 506 3844 et
532 3779 593 3864 ipsi
624 3780 818 3844 sanctissime
840 3781 1009 3844 coluerunt
1030 3788 1062 3843 et
1083 3779 1191 3855 nobis,
1219 3782 1282 3844 suis
1305 3782 1455 3864 posteris,
1486 3783 1635 3866 prodide-
1827 3797 1842 3878 ἐξ

676 603 749 670 οι.
771 604 1034 670 xxm-xxx.
1060 601 1108 688 ss
1128 600 1275 669 rs—ss.
1552 587 1634 657 ssu
1676 613 1681 622 -

316 773 477 848 afficietis,
506 773 562 838 sed
584 773 741 838 etiamad
763 773 953 857 supplicium
974 775 1043 858 rapi
1066 775 1252 858 patiamini?
1285 772 1510 845 Confiterctur,
1538 765 1635 834 confi·

315 874 450 940 tcretm,
482 868 630 951 inquam,
660 869 689 932 si
716 867 860 942 fecisset,
893 876 1066 952 almagno
1094 870 1200 934 animo
1222 877 1253 934 et
1281 869 1430 943 libenter,
1463 863 1577 928 iecisse
1599 881 1633 926 se

314 961 467 1026 libertatis
487 962 629 1026 omnium
650 982 762 1038 oausa3
790 961 877 1047 quod
900 971 984 1027 osset
1006 962 1035 1026 ei
1062 983 1126 1028 non
1149 963 1362 1028 confitendum
1384 959 1495 1033 modo,
1525 976 1633 1020 verum

315 1057 411 1118 etiam
430 1056 682 1140 praedicandum.
726 1056 829 1119 XXX.
850 1051 901 1120 8l.
923 1057 1048 1121 Etenim
1069 1059 1097 1121 si
1126 1057 1158 1120 id
1180 1077 1245 1120 non
1266 1062 1376 1140 negat,
1405 1075 1447 1118 ox
1468 1071 1533 1137 quo
1554 1049 1634 1113 nibil

313 1149 393 1232 petit
421 1151 482 1213 nisi
510 1158 547 1214 ut
566 1151 761 1233 ignoscatur,
782 1149 940 1214 dubitaret
959 1150 993 1213 id
1015 1150 1116 1225 taturi,
1139 1170 1179 1214 ox
1203 1171 1268 1234 quo
1292 1151 1386 1214 etiam
1407 1145 1547 1233 praemia
1568 1143 1658 1210 lau-t

314 1244 364 1307 dis
396 1252 503 1308 esseut
528 1244 685 1327 petenda?
717 1244 781 1307 nisi
808 1263 882 1307 vcro
910 1245 1029 1326 gratius
1056 1251 1145 1329 putat
1166 1265 1236 1308 esse
1256 1245 1363 1318 vobis,
1395 1243 1444 1306 sui
1467 1261 1502 1304 se
1524 1238 1635 1320 capitis

314 1357 409 1420 quam
437 1339 533 1402 vestri
561 1336 761 1401 defensorem
787 1337 901 1413 inisse,
933 1359 1004 1402 cum
1033 1340 1216 1420 praesertim
1243 1339 1276 1402 in
1303 1357 1339 1402 ea
1368 1335 1585 1406 consessione,
1607 1330 1635 1394 si

314 1433 392 1514 grati
423 1452 494 1496 essa
522 1432 660 1504 velletis,
687 1431 822 1496 bonores
843 1440 1064 1514 assequeretur
1085 1431 1308 1515 amplissimos.
1350 1431 1384 1494 Si
1405 1430 1523 1494 iactum
1543 1426 1635 1491 vobis

313 1545 377 1590 non
407 1527 655 1609 probaretur-
676 1545 866 1608 quamquam
889 1527 944 1609 qui
972 1533 1097 1610 poterat
1119 1527 1204 1588 salus
1227 1546 1283 1590 sua
1305 1525 1453 1609 cuiquam
1474 1542 1539 1586 non
1563 1540 1635 1604 pro·

313 1619 408 1682 baril
429 1653 471 1666 -
492 1620 549 1684 sed
570 1627 675 1683 tamen
696 1621 724 1682 si
745 1620 848 1682 minus
869 1619 1031 1684 tortissimi
1054 1620 1112 1683 viri
1130 1619 1230 1683 virtus
1252 1619 1373 1682 civibus
1395 1624 1481 1700 grata
1503 1616 1672 1681 occidis-so

314 1724 379 1790 set,
408 1734 521 1798 maqno
549 1714 656 1778 animo
683 1714 904 1797 constantique
932 1713 1058 1778 cederet
1079 1733 1119 1776 ex
1147 1715 1269 1796 ingrata
1290 1714 1424 1776 civitate.
1456 1709 1634 1795 Numquid

315 1818 397 1874 esset
423 1809 575 1892 ingratius
597 1827 691 1891 quarn
718 1807 828 1871 laetari
850 1814 986 1882 ceteros,
1015 1806 1124 1888 lugere
1146 1826 1217 1870 sum
1239 1807 1359 1881 solum,
1388 1813 1518 1890 propter
1539 1825 1635 1888 quem

314 1905 410 1968 ceteri
430 1903 643 1966 laetarentur?
681 1897 733 1964 82.
756 1902 957 1985 Quamquam
978 1900 1040 1964 boc
1060 1901 1165 1964 animo
1187 1920 1313 1983 semper
1334 1920 1444 1964 omnes
1464 1900 1580 1964 inimus
1601 1900 1635 1962 in

314 1997 435 2080 patriae
457 1995 671 2079 proditoribus
692 1995 918 2079 opprimendis,
939 2002 991 2070 ut,
1015 1995 1165 2079 quoniam
1184 2003 1293 2058 nostra
1308 1994 1414 2059 lutura
1428 2003 1512 2059 esset
1525 1993 1635 2077 qloria,

313 2089 487 2174 periculum
508 2110 636 2173 quoquc
658 2098 690 2152 et
716 2089 867 2153 invidiam
889 2096 1029 2178 nostram
1051 2097 1249 2171 putaremus;
1277 2107 1350 2154 uam
1372 2108 1454 2173 quae
1476 2088 1554 2152 mibi
1574 2086 1673 2171 ipsist
1761 2099 1787 2176 3

313 2184 482 2247 tribuenda
502 2183 572 2246 laus
594 2191 694 2256 esset,
717 2203 788 2246 cum
811 2190 932 2246 tantum
953 2184 988 2247 in
1010 2181 1177 2246 consulatu
1198 2203 1270 2246 meo
1292 2203 1351 2266 pro
1366 2183 1454 2247 vobis
1475 2201 1513 2245 ac
1528 2181 1635 2246 liberis

313 2278 426 2340 vestris
453 2296 548 2340 ausus
575 2297 694 2349 essem,
722 2275 749 2339 si
779 2276 812 2338 id
844 2275 931 2359 quod
951 2276 1090 2340 conabar
1119 2277 1187 2340 sine
1213 2277 1358 2341 maximis
1380 2267 1635 2340 dimicationibus

313 2371 393 2433 meis
414 2389 465 2432 ms
487 2389 558 2434 esse
580 2390 730 2435 ausurum
751 2370 939 2435 arbitrarer?
967 2370 1059 2446 Quae
1082 2369 1194 2434 mulier
1214 2369 1400 2435 sceleratum
1422 2389 1459 2434 uc
1480 2369 1636 2455 pernicio·

314 2484 384 2528 sum
405 2463 504 2526 civem
525 2461 701 2528 interlicere
722 2484 787 2526 non
809 2464 956 2539 cuderet,
977 2466 1005 2528 si
1022 2462 1197 2545 periculum
1213 2485 1276 2526 non
1291 2468 1440 2528 timeret?
1453 2450 1468 2536 l
1473 2465 1636 2552 Proposita
1718 2441 1813 2564 “ll‘'

314 2555 450 2632 insidia,
471 2565 589 2632 morte,
620 2555 800 2644 poena)qui
822 2557 922 2621 nibilo
945 2558 1074 2640 segnius
1095 2577 1161 2621 rem
1182 2556 1340 2640 publicam
1363 2557 1518 2633 defendit,
1541 2559 1568 2622 is
1589 2559 1673 2624 viru
1734 2597 1748 2658 ᾇ

313 2671 387 2714 vers
408 2650 567 2734 putandus
589 2660 646 2715 est
681 2651 795 2734 Populi
816 2652 896 2734 grati
916 2659 965 2715 est
985 2651 1134 2734 praemiis
1155 2648 1279 2715 afficere
1301 2653 1383 2716 benc
1402 2637 1586 2717 meritosdo
1600 2673 1635 2716 ro

313 2745 442 2828 publica
463 2747 567 2818 cives,
589 2746 648 2810 viri
670 2745 759 2808 tortis
780 2765 822 2808 ns
843 2745 1008 2829 suppliciis
1031 2745 1161 2830 quidem
1176 2749 1312 2821 moveri,
1335 2755 1371 2810 ut
1384 2746 1635 2810 lortitcriccisse

312 2841 481 2923 paeniteat
525 2836 576 2902 83.
600 2839 703 2915 Quam
725 2839 765 2902 ob
787 2859 853 2902 rem
873 2846 1014 2904 uteretur
1028 2840 1136 2904 eadem
1152 2840 1351 2906 confessione
1366 2843 1401 2904 T.
1416 2841 1551 2914 Annius,
1573 2859 1637 2924 qua

312 2934 428 3009 Abala,
455 2953 517 3018 qua
538 2934 666 3008 Nasica,
696 2953 759 3016 qua
781 2933 940 3018 Opimius,
969 2954 1032 3017 qua
1053 2936 1188 3010 Marius,
1218 2955 1283 3019 qun
1303 2944 1429 3001 nosmet
1449 2935 1525 3018 ipsi,
1555 2934 1635 2998 etsi

312 3037 400 3110 grata
427 3050 478 3093 res
505 3028 632 3112 publica
659 3035 760 3102 esset,
790 3028 976 3103 laetaretur,
1005 3029 1032 3092 si
1053 3028 1192 3112 ingrata,
1221 3037 1326 3094 tamen
1347 3030 1380 3092 in
1402 3030 1489 3112 gravi
1509 3027 1636 3094 fortuna
1644 3047 1672 3096 at

313 3122 508 3186 conscientia
528 3142 587 3186 sua
607 3122 771 3186 niteretur.

401 3216 463 3280 Sed
484 3216 580 3280 buius
600 3217 750 3280 beneficii
772 3218 919 3298 gratiam,
941 3210 1087 3292 iudices(
1094 3216 1222 3281 fortuna
1242 3216 1352 3402 populi
1374 3217 1507 3281 Romani
1530 3226 1562 3282 st
1582 3239 1636 3283 ve-

312 3318 378 3374 stra
407 3309 539 3374 ielicitas
568 3317 601 3373 et
629 3310 661 3372 di
690 3310 882 3374 immortales
910 3309 969 3374 sibi
998 3310 1107 3374 deberi
1127 3317 1239 3394 putapt
1286 3331 1345 3375 nec
1366 3331 1443 3375 vero
1465 3313 1635 3397 quisquam
1728 3295 1811 3388 *AL

313 3405 406 3468 aliter
427 3403 569 3467 arbitrari
592 3412 695 3489 potest
715 3404 777 3468 nisi
800 3404 855 3487 qui
877 3403 998 3491 nullam
1019 3405 1081 3468 vim
1104 3425 1174 3468 esse
1197 3405 1285 3490 ducit
1306 3427 1462 3472 numcnve
1483 3408 1635 3487 divinum,
1744 3387 1829 3504 VJ,
1884 3487 1888 3492 .

305 3485 410 3582 (quem
431 3517 537 3581 nequo
551 3498 685 3581 'imperii
707 3499 805 3562 nostri
827 3498 1009 3580 magnitudo
1033 3518 1137 3582 neque
1159 3500 1206 3563 sol
1223 3499 1277 3563 ille
1292 3519 1351 3564 nac
1366 3501 1446 3566 caeli
1461 3497 1673 3585 signoruni-so

311 3612 375 3676 quc
403 3599 508 3654 motus
538 3612 597 3654 nec
623 3593 858 3656 vicissitudines
887 3611 993 3656 rerum
1022 3600 1120 3677 atquo
1148 3593 1274 3658 ordines
1305 3603 1431 3658 movent
1452 3596 1584 3680 neque.)
1602 3597 1637 3664 iu
1703 3575 1792 3678 Α]

311 3686 396 3769 quod
419 3686 591 3748 maximum
613 3683 851 3768 estimaturum
873 3673 1049 3780 sapientia)
1068 3687 1123 3771 qui
1140 3706 1243 3762 sacra,
1267 3687 1322 3771 qui
1338 3677 1555 3762 morimonias,
1578 3689 1634 3773 qui
1727 3679 1749 3692 ”
1770 3699 1811 3790 ff
1827 3700 1855 3784 ί,
1882 3678 1899 3768 ζ

310 3881 393 3938 runt.
436 3874 539 3936 XXX.
561 3871 611 3936 84.
634 3877 706 3948 Est,
735 3883 783 3937 est
803 3873 946 3958 prolecto
969 3875 1024 3956 illa
1046 3876 1112 3949 vis,
1133 3895 1239 3959 nsque
1261 3877 1294 3937 in
1314 3872 1364 3939 bis
1387 3877 1567 3960 corporibus
1589 3883 1636 3940 at·
1767 3873 1804 3960 9’

256 4023 262 4030 .
312 3988 375 4052 quc
402 3969 434 4032 in
462 3968 522 4032 bac
549 3969 764 4032 imbecillitate
792 3976 899 4055 nostra
919 3969 1004 4032 inest
1024 3969 1194 4053 quiddam,
1223 3969 1309 4054 qnod
1331 3971 1436 4053 vigeat
1456 3978 1488 4034 ct
1509 3972 1672 4045 sontiates
1744 3951 1810 4042 dil

310 4083 375 4127 non
396 4063 481 4127 inast
506 4062 539 4125 in
571 4063 633 4127 boc
663 4071 751 4127 tanto
773 4068 904 4126 naturae
926 4070 989 4127 mm
1011 4062 1173 4146 praeclaro
1196 4070 1303 4128 motu:
1329 4064 1393 4127 nisi
1414 4064 1495 4129 torte
1517 4064 1634 4127 idcirco

311 4177 375 4220 non
395 4163 528 4242 putant,
550 4157 626 4240 quia
646 4177 711 4221 non
732 4167 864 4241 apparet
877 4177 937 4220 nac
950 4158 1105 4232 cernitur,
1127 4157 1262 4241 proinde
1277 4158 1368 4240 quasi
1381 4165 1520 4222 nostrum
1535 4159 1635 4243 ipsam

310 4258 465 4326 mentem,
487 4271 551 4335 qua
573 4253 730 4335 sapimus,
753 4272 817 4336 qun
837 4250 1055 4335 providemus,
1081 4271 1145 4336 qua
1166 4251 1246 4315 baec
1267 4251 1337 4334 ipsa
1357 4253 1480 4335 agimus
1501 4271 1538 4316 ac
1560 4251 1637 4316 dici-

309 4365 400 4420 mus,
431 4343 539 4407 videre
567 4354 622 4409 aut
650 4345 763 4430 plane,
799 4345 903 4430 qualis
932 4353 987 4409 aut
1015 4346 1147 4419 ubisit,
1179 4345 1296 4409 sentire
1317 4345 1484 4429 possimus.
1520 4346 1566 4408 Ea
1586 4345 1636 4410 vis

375 4558 400 4607 2.
418 4556 520 4608 libem
535 4558 625 4608 'll-38:
645 4559 732 4609 tiburte
748 4560 810 4610 ΗΟ,
830 4559 888 4611 Vid.
901 4560 1070 4626 Wesenberg
1087 4560 1121 4612 ad
1139 4573 1178 4611 or.
1196 4572 1223 4626 p.
1237 4559 1323 4611 Sestio
1339 4561 1393 4625 pl
1410 4575 1437 4612 n.
1455 4560 1511 4614 Vel.
1523 4564 1590 4614 blan.
1603 4562 1635 4626 v,

310 4634 339 4682 s:
358 4632 442 4682 misto
459 4632 754 4696 monusculum-
774 4635 973 4698 (σοι’ωοεοΤΕε
991 4637 1221 4700 sesecbssSO-
1241 4635 1265 4685 3.
1282 4635 1386 4688 st'lE:
1404 4637 1637 4694 commessura

309 4707 370 4757 0-
389 4708 414 4757 b.
431 4708 506 4758 tdS:
525 4709 611 4760 tsTss
629 4734 658 4746 -
677 4710 842 4761 nonme:
859 4709 1635 4763 usuriudicisTES-tudelaudumconsusruntllea-

308 4793 423 4832 mannus
439 4785 468 4832 st
482 4784 619 4848 Zumpttus
635 4783 670 4833 ad
681 4784 783 4835 verriu.
801 4798 828 4849 p.
847 4786 904 4838 303.
926 4815 953 4824 -
972 4787 1013 4838 ta.
1031 4787 1123 4838 custod
1139 4788 1159 4837 Τ
1178 4813 1205 4823 -
1233 4799 1316 4837 actum
1330 4787 1423 4850 suiuus
1439 4787 1525 4838 TES:
1542 4787 1637 4850 [uiuus

308 4859 422 4908 oomoeO
435 4884 463 4894 —
482 4859 522 4908 td.
534 4858 601 4923 locs]
617 4859 756 4909 sumr-
776 4860 815 4910 tt.
830 4861 904 4926 quod]
916 4863 1004 4913 cuculi
1016 4860 1105 4924 (solusl
1121 4886 1147 4898 -
1167 4861 1207 4912 t8.
1225 4862 1388 4922 postumium
1403 4862 1422 4911 T
1435 4887 1462 4898 ·-
1481 4861 1522 4912 ta.
1539 4863 1636 4925 interfl-

308 4947 363 4984 csrs
379 4934 427 4984 TE
445 4932 533 4996 (sodli
549 4934 738 4999 postmulterl:
757 4937 868 4987 oscum
882 4937 929 4988 80
947 4964 975 4974 —
994 4939 1035 4988 22.
1052 4937 1115 4986 ciuis
1131 4937 1191 4986 Ε-
1210 4941 1238 4986 ct
1254 4937 1381 4988 omT-
1400 4936 1441 4988 23.
1456 4936 1583 4999 paeniteat
1599 4937 1634 4986 E:

305 5011 430 5072 sommas
446 5011 494 5060 TO
512 5035 540 5046 -
558 5009 599 5060 33.
617 5014 744 5062 samem
759 5013 820 5062 Τ-
837 5013 878 5063 25.
897 5027 937 5064 res
949 5014 988 5079 p]
1007 5027 1056 5076 sp.
1075 5014 1095 5063 'l'
1114 5039 1141 5050 ·-
1159 5012 1200 5062 27.
1219 5013 1332 5064 Fortuna
1348 5015 1408 5064 0-
1423 5012 1512 5075 populi
1528 5012 1566 5074 a]
1585 5026 1634 5075 pr.

308 5085 368 5134 Τ-
386 5085 428 5135 38.
446 5085 526 5134 th:
545 5084 715 5134 uttrso-
734 5085 952 5138 summotis:
970 5089 1149 5140 uatrtSO—
1169 5087 1353 5138 sssuumm
1369 5089 1432 5140 TE:
1450 5089 1636 5140 mutuumua·

307 5159 520 5210 stronuuso-
538 5158 579 5210 33.
597 5161 780 5222 uupsuur-
799 5161 841 5214 33.
859 5165 944 5214 ests:
962 5164 1041 5228 spitus
1058 5164 1091 5222 E;
1110 5176 1163 5215 om.
1177 5165 1206 5214 Τ.
1225 5163 1263 5214 ct.
1277 5163 1390 5228 pisse,
1404 5164 1485 5216 tt-
1505 5163 1544 5216 33.
1564 5159 1634 5212 iubs-

306 5233 485 5286 clltitctcl'-
503 5233 686 5286 36.sooTE:
704 5238 895 5288 ususso-
913 5238 1359 5290 idcircol‘llsztdcircoestso—
1378 5237 1629 5302 37.proiudsTES:

304 5310 544 5372 mch-dtl.
561 5311 869 5382 semipuerum:
887 5313 1143 5380 Bccbtpsctpitw
1159 5315 1192 5376 Τ;
1210 5315 1525 5381 ranunculorum
1541 5315 1571 5366 0.
