4009 6159
717 507 1135 596 on.1-rv.qsa-r.
1281 559 1288 580 .
1525 505 1588 576 cor

160 713 163 724 ·
263 679 417 745 Videbam
439 679 518 743 illud
541 679 644 744 scelus
667 687 728 743 tam
750 679 981 764 importunum,
1011 681 1175 746 audaciam
1203 689 1268 746 tam
1289 682 1458 746 immanem
1479 681 1588 744 adole·

263 776 380 839 scentis
400 775 545 848 furentis,
566 773 694 847 nobilis,
718 773 875 837 vulnerati
897 793 961 837 non
983 793 1079 858 posse
1099 775 1199 838 arceri
1221 776 1278 839 otii
1298 775 1432 840 linibus:
1457 784 1588 859 eruptu-

262 888 333 932 rum
354 867 434 931 illud
456 869 574 931 malum
596 867 783 951 aliquando,
805 867 832 930 si
848 868 1038 952 impunitum
1055 869 1177 943 fuisset,
1200 868 1240 932 ad
1255 869 1427 951 perniciem
1443 870 1587 933 civimm.

262 962 292 1024 5.
314 965 386 1026 Non
407 963 539 1026 multum
561 963 639 1025 mibi
660 981 737 1026 sane
758 968 831 1045 post
851 961 891 1024 ad
913 961 1024 1025 odium
1045 963 1195 1025 accessit:
1217 962 1297 1025 nihil
1312 963 1397 1026 enim
1412 971 1522 1026 conus
1536 983 1586 1025 me

260 1057 335 1120 lecit
356 1055 432 1119 odio
455 1057 535 1130 mei,
558 1057 614 1118 sed
637 1054 711 1118 odio
733 1055 922 1129 severitatis,
948 1053 1035 1139 [odio
1057 1052 1240 1138 dignitatis]
1263 1055 1336 1118 odio
1357 1057 1404 1120 rei
1425 1056 1611 1138 publicacto

259 1169 326 1214 uon
356 1168 407 1212 me
435 1149 533 1231 magis
555 1149 685 1212 violavit
706 1169 800 1232 quam
831 1158 991 1223 senatum,
1024 1169 1118 1233 quam
1141 1150 1265 1232 equites
1287 1149 1463 1224 Romanos,
1491 1169 1587 1234 quam

260 1261 372 1306 omnes
401 1243 518 1317 bonos,
547 1261 643 1326 quam
670 1241 791 1305 ltaliam
820 1251 981 1306 cunctam:
1011 1264 1077 1307 non
1106 1243 1244 1327 denique
1269 1246 1303 1306 in
1333 1263 1383 1306 me
1404 1244 1589 1306 sceleratior

258 1336 319 1400 fuit
346 1356 443 1420 quam
472 1337 506 1398 in
534 1337 622 1419 ipsos
651 1337 727 1398 deos
755 1336 960 1400 immortales.
1002 1338 1127 1402 Etenim
1150 1337 1223 1400 illos
1245 1355 1284 1399 eo
1308 1337 1426 1401 scelere
1449 1336 1587 1410 violavit,

259 1451 323 1513 quo
352 1449 446 1493 nemo
474 1437 583 1494 antea:
614 1430 648 1493 in
677 1449 726 1493 me
753 1430 813 1494 tuis
841 1432 953 1494 eodem
975 1431 1100 1505 animo,
1130 1451 1194 1515 quo
1217 1431 1311 1494 etiam
1335 1432 1404 1494 eius
1423 1429 1587 1494 familiaris

260 1523 412 1597 Catilina,
434 1524 461 1587 si
483 1524 627 1599 vicisset,
648 1524 772 1588 fuisset.
806 1526 917 1609 ltaque
938 1545 1012 1588 eum
1034 1545 1209 1609 numquam
1229 1544 1250 1588 a
1270 1545 1322 1588 me
1344 1545 1415 1590 esse
1437 1542 1625 1591 accusas-to

258 1615 335 1680 dum
357 1617 481 1700 putavi,
503 1637 566 1681 non
589 1619 661 1700 plus
683 1638 778 1700 quam
800 1618 938 1702 stipitem
960 1619 1067 1693 illum,
1089 1618 1144 1702 qui
1160 1638 1296 1702 quorum
1316 1619 1479 1683 bominum
1493 1625 1587 1693 esset,

257 1714 468 1786 nesciremus,
491 1713 551 1776 uisi
575 1733 609 1775 se
632 1712 779 1795 Ligurem
802 1712 870 1795 ipse
893 1733 963 1777 esse
986 1713 1116 1776 diceret
1161 1711 1246 1787 Quid
1268 1714 1352 1776 enim
1373 1713 1459 1776 bunc
1480 1733 1589 1796 perse·

257 1826 353 1891 quar,
375 1806 530 1890 pecudem
551 1825 587 1868 ac
607 1806 751 1880 beluam,
773 1806 890 1889 pabulo
911 1807 1112 1870 inimicorum
1133 1826 1277 1870 meorum
1294 1814 1326 1870 et
1343 1807 1458 1890 glande
1478 1827 1589 1871 eorru-

255 1904 368 1983 ptumi
401 1900 456 1982 qui
483 1900 510 1964 si
539 1902 655 1973 sensit,
688 1921 753 1983 quo
784 1921 818 1964 se
848 1900 967 1965 scelere
997 1900 1191 1974 devinxerit,
1218 1919 1284 1963 non
1313 1900 1425 1964 dubito
1446 1902 1525 1986 quin
1547 1902 1589 1964 sit

255 1995 469 2058 miserrimus:
497 1996 546 2058 sin
568 1993 727 2057 autemid
750 2013 814 2057 non
836 1993 942 2069 videt,
973 1994 1151 2077 periculum
1182 2001 1293 2058 estne
1315 2015 1350 2058 se
1372 1995 1511 2078 stuporis
1532 2014 1626 2063 ers-ta

255 2088 421 2152 cusationc
442 2087 601 2152 delendat.
644 2085 674 2150 o.
697 2089 827 2152 Accedit
853 2089 963 2162 etiam,
992 2088 1080 2171 quod
1102 2089 1340 2170 exspectatione
1361 2089 1502 2152 omnium
1523 2087 1587 2151 lor·

254 2181 379 2246 tissimo
400 2189 433 2246 et
453 2181 629 2246 clarissimo
650 2183 729 2258 viro,
751 2184 787 2244 Τ.
802 2183 916 2257 Annio,
939 2182 1054 2246 devota
1075 2190 1108 2244 et
1129 2182 1300 2245 constituta
1322 2184 1385 2246 ista
1397 2180 1503 2246 bostis
1517 2201 1587 2244 esse

254 2275 400 2340 videtur:
429 2277 480 2340 cui
503 2295 553 2339 me
574 2277 754 2360 praeripere
775 2259 964 2361 des'ponsam
990 2276 1054 2339 iam
1075 2282 1108 2339 et
1130 2275 1319 2339 destinatam
1341 2273 1486 2349 laudem,
1513 2293 1586 2337 cum

253 2369 326 2451 ipse
350 2371 418 2434 eius
441 2389 537 2453 opera
558 2377 592 2432 et
613 2345 798 2452 dignitatem
819 2378 852 2434 ct
873 2370 1006 2434 salntem
1028 2369 1241 2452 reciperarim,
1258 2368 1353 2432 valde
1368 2377 1417 2432 est
1430 2369 1585 2453 iniquum.

254 2465 307 2526 lV.
328 2464 455 2527 Etenim
477 2471 513 2527 ut
533 2465 567 2526 P.
589 2462 644 2526 ille
668 2465 774 2547 Scipio
797 2472 888 2528 nctus
908 2463 986 2527 mibi
1005 2464 1130 2528 videtur
1148 2464 1188 2526 ad
1209 2464 1372 2526 interitum
1390 2463 1626 2547 exitiumqueso

254 2557 474 2640 Karthaginis,
507 2560 562 2642 qui
595 2557 681 2620 illam
712 2579 730 2621 a
758 2558 864 2621 multis
886 2558 1129 2640 imperatoribus
1151 2558 1328 2630 obsessam,
1361 2563 1585 2640 oppugnatam,

252 2651 458 2725 labefactam,
490 2671 591 2735 paene
614 2659 739 2733 captam
760 2652 933 2735 aliquando
964 2653 1056 2736 quasi
1085 2651 1174 2714 fatali
1195 2650 1334 2715 adventu
1355 2652 1442 2714 solus
1464 2650 1586 2726 evertit,

253 2747 298 2809 sic
322 2747 358 2808 T.
373 2745 497 2809 Annius
519 2745 559 2808 ad
582 2746 669 2809 illam
690 2753 812 2827 pestem
827 2745 1116 2830 comprimendam,
1139 2744 1421 2828 exstinguendam,
1442 2744 1585 2808 funditus

252 2839 423 2904 dolendam
445 2848 537 2904 natus
559 2859 629 2904 csse
651 2839 778 2903 videtur
792 2848 825 2903 et
839 2841 930 2923 quasi
944 2839 1056 2902 divino
1070 2859 1203 2904 munere
1216 2838 1352 2902 donatus
1367 2838 1585 2923 reipublicae.

253 2934 347 2997 Solus
369 2934 424 2996 ille
444 2935 610 3016 cognovit,
633 2953 727 3016 quem
750 2932 789 2995 ad
812 2934 939 2996 modum
954 2941 1110 2996 armatum
1124 2934 1242 3006 civem,
1264 2933 1321 3016 qui
1336 2933 1507 3015 lapidibus,
1529 2933 1624 3016 quise

250 3027 337 3092 ferro
359 3028 441 3092 alios
461 3027 601 3110 fugaret,
623 3029 704 3091 alios
726 3026 813 3090 domi
834 3028 1028 3102 contineret,
1050 3028 1106 3112 qui
1119 3027 1230 3090 urbem
1244 3033 1360 3101 totam,
1383 3027 1440 3111 qui
1455 3027 1584 3102 curiam,

253 3123 309 3204 qui
336 3121 461 3196 lorum,
488 3123 544 3206 qui
574 3122 692 3204 templa
721 3120 829 3186 omnia
856 3121 954 3185 caede
976 3122 1197 3203 incendiisque
1219 3127 1368 3196 terreret,
1401 3140 1468 3184 non
1488 3121 1585 3185 modo

251 3217 354 3292 vinci,
383 3237 494 3280 rerum
521 3218 616 3281 etiam
637 3217 749 3280 vinciri
769 3222 940 3300 oporteret.
982 3213 1013 3278 7.
1036 3216 1118 3279 lluic
1138 3235 1199 3298 ego
1221 3223 1254 3278 et
1275 3215 1330 3280 tali
1351 3221 1384 3279 et
1404 3216 1448 3279 ita
1472 3214 1512 3278 de
1533 3235 1584 3279 me

251 3331 287 3373 ac
310 3312 352 3375 de
373 3311 475 3395 patria
495 3314 608 3376 merito
630 3312 697 3374 viro
719 3330 891 3394 numquam
913 3331 983 3374 mea
999 3311 1164 3374 voluntate
1185 3309 1376 3392 praeripiam
1398 3331 1471 3374 cum
1493 3331 1586 3394 prae·

251 3404 360 3468 sertim
389 3423 495 3477 reum,
523 3406 613 3468 cuius
641 3404 697 3469 ille
726 3405 908 3468 inimicitias
929 3424 994 3468 non
1016 3405 1118 3468 solum
1141 3405 1280 3487 suscepit
1301 3413 1431 3487 propter
1451 3405 1625 3472 salutomao

251 3519 365 3573 meam,
388 3519 496 3562 verum
519 3499 612 3562 etiam
629 3499 790 3583 appetivit
829 3498 891 3562 Sed
907 3499 933 3560 si
948 3499 1044 3562 etiam
1060 3519 1143 3562 nunc
1159 3498 1350 3582 illaqueatus
1364 3499 1427 3561 iam
1442 3499 1585 3564 omnium

252 3593 358 3675 legum
380 3592 545 3676 periculis,
567 3594 707 3657 irretitus
729 3592 803 3655 odio
825 3592 982 3655 bonorum
997 3593 1157 3668 omnium,
1180 3592 1418 3675 exspectatione
1438 3594 1585 3678 supplicii

252 3688 314 3751 iam
337 3706 403 3750 non
425 3685 572 3750 diuturna
594 3686 788 3769 implicatus,
810 3685 930 3749 leretur
950 3695 1057 3750 umen
1077 3687 1238 3751 baesitaus
1260 3685 1348 3751 etin
1363 3706 1415 3750 me
1430 3690 1584 3772 impetum

250 3781 419 3866 impeditus
444 3780 549 3845 iacere
571 3781 754 3856 conabitur,
783 3782 928 3845 resistam
950 3789 983 3844 ct
1008 3788 1063 3844 aut
1085 3783 1278 3846 concedente
1300 3783 1472 3845 autetiam
1494 3782 1585 3844 adiu-

251 3882 343 3939 vante
365 3875 485 3940 llilone
507 3877 575 3940 eius
599 3883 746 3939 conatum
767 3875 929 3939 refutabo:
953 3876 1041 3939 velot
1061 3875 1213 3940 besterna
1227 3875 1290 3950 die,
1310 3896 1382 3939 cum
1397 3876 1473 3940 mibi
1489 3876 1624 3944 sannas

251 3979 358 4034 uceus
380 3970 568 4044 minaretur,
599 3990 677 4034 voce
700 3975 820 4034 tantum
843 3971 932 4052 attigi
956 3971 1061 4052 legum
1081 3971 1207 4034 initium
1229 3979 1263 4034 et
1282 3970 1408 4047 iudicii;
1441 3971 1586 4035 consedit

128 4107 129 4140 ,
251 4063 320 4138 ille,
349 4064 500 4128 conticui.
542 4065 633 4128 Diem
656 4065 808 4139 dixisset,
837 4072 873 4126 ut
901 4065 1034 4128 iecerat:
1065 4064 1211 4128 iecissem
1232 4073 1269 4128 ut
1291 4066 1321 4127 ei
1344 4066 1449 4129 statim
1470 4067 1584 4129 tertius

251 4176 268 4220 a
287 4166 436 4241 praetore
458 4158 526 4223 dies
549 4159 715 4222 diceretur.
751 4161 857 4243 Atque
879 4158 940 4222 boc
963 4160 1009 4222 sie
1035 4159 1218 4222 moderetur
1239 4167 1272 4223 et
1292 4160 1428 4243 cogitet,
1459 4161 1486 4225 si
1508 4180 1595 4223 con··

313 4393 339 4440 l.
357 4391 491 4440 audatiam
507 4393 526 4440 l’
544 4415 571 4427 -
593 4391 820 4444 adulctcmttt'tl’G
838 4419 865 4429 -
884 4394 910 4444 2.
928 4393 1055 4444 coturno·
1071 4395 1121 4443 PG
1138 4419 1172 4430 -
1188 4394 1212 4442 b.
1231 4394 1289 4444 odio
1305 4394 1435 4459 dimotis
1451 4391 1504 4446 om.
1522 4397 1582 4445 P·-

134 4529 136 4548 i
251 4465 352 4529 astus]
370 4466 546 4525 meusPGE3
565 4467 666 4517 carabi
684 4495 712 4504 —
738 4469 777 4517 to.
796 4482 938 4520 ameom.
962 4470 1011 4519 GE
1031 4493 1058 4504 ·-
1082 4471 1122 4519 tt.
1142 4469 1259 4534 emtum]
1277 4471 1455 4520 coracem·
1476 4471 1515 4520 ts.
1533 4471 1586 4533 ipss

251 4555 299 4593 om.
319 4543 370 4592 GE
390 4569 417 4578 -
438 4543 533 4592 decoret
549 4542 578 4592 P¹
596 4565 623 4578 ···
649 4542 967 4606 leprosorumque
983 4547 1015 4596 P²
1032 4571 1059 4580 -
1082 4543 1123 4595 ll.
1140 4545 1278 4595 scamilli
1298 4569 1326 4581 -
1346 4545 1387 4594 lb.
1405 4546 1586 4596 mitteremus

135 4649 138 4680 ·.
251 4619 311 4666 1¹-
333 4617 489 4680 ⁴6.ch
505 4614 579 4674 G¹E;
603 4617 687 4678 occepi
708 4619 739 4666 G²
762 4643 788 4654 ·-
813 4619 1100 4681 conectottooeflll-
1128 4619 1341 4670 ll.cstlcP¹-
1361 4621 1586 4683 remeassem

136 4735 139 4752 ,
252 4692 1585 4758 Pzrecssperoas'mO-bttxcttmnqucw-itcortdoqlas'cPG-opscasomP-bblode·

251 4766 342 4826 {mrem
358 4771 394 4818 P:
413 4767 591 4829 labefactatam
608 4767 730 4819 GEMO.
754 4768 792 4818 Cl.
811 4767 826 4831 5
843 4769 885 4818 60.
905 4795 932 4806 -
952 4769 1113 4819 domoc:
1141 4773 1229 4818 comta
1245 4771 1265 4820 0
1283 4795 1310 4805 -
1328 4769 1370 4820 23.
1388 4771 1585 4836 coetbgsscdom

254 4841 1585 4906 rG-tt.teptcttsc]tcmpsctcscr-tatotnnqsccortmnPtt-ttcsdeP-tsess-

253 4912 409 4980 ddum&-
428 4916 549 4968 illelmi
565 4917 651 4968 PGE:
669 4916 746 4966 lectra
760 4918 799 4974 u:
817 4919 986 4968 viscereo-
999 4920 1142 4971 chcail‘r.
1154 4918 1305 4972 Fabricius:
1322 4922 1468 4983 aaran&
1487 4922 1582 4972 umore

150 5000 153 5015 ¹
254 4988 1581 5059 O-eqolergoGE-etentev.iteom.l>-3⁴.edpatiaitP;oppetlltll-tcloqooetosl'

150 5078 153 5101 ¹
256 5066 335 5116 -38,
354 5067 563 5118 isrstttssPGE
582 5093 609 5103 -
634 5067 1153 5132 mpptctPG1E-3o.rspncocot²¹;
1177 5071 1210 5121 cl.
1229 5085 1257 5135 p.
1275 5071 1333 5132 stt,
1351 5072 1422 5121 2.-
1440 5071 1481 5122 36.
1500 5076 1584 5122 tacens

255 5138 425 5193 (1:0¹me
447 5167 475 5178 -
502 5143 751 5194 mammarm-
775 5143 890 5208 medic]
915 5145 1025 5196 concidit
1047 5157 1111 5195 cum
1127 5146 1580 5210 NaugerioL-bmooticstc:

147 5192 153 5225 ²
255 5219 363 5268 conam
380 5219 401 5269 o
420 5245 448 5254 -
466 5219 560 5270 meat
576 5218 726 5270 nussum:
747 5219 841 5282 scaro
858 5218 907 5269 co
926 5245 951 5258 -·
972 5232 991 5269 a
1003 5225 1123 5284 prasos
1138 5221 1227 5273 mm
1242 5221 1292 5273 cs
1307 5245 1342 5258 -
1357 5221 1389 5288 οι]
1405 5226 1435 5272 ss
1451 5219 1576 5272 numus.
