4009 6159
291 1258 309 1340 ν4

446 585 507 651 996
858 588 1009 653 ORATIO
1031 591 1074 653 ΙΝ
1094 591 1128 653 P.
1150 590 1348 654 varmum

443 758 614 831 fecerisne,
644 758 730 841 quod
759 756 792 819 in
822 757 880 820 bac
909 780 943 821 rc
965 759 1093 841 publica
1113 780 1178 824 nou
1208 758 1439 823 madefactum
1461 765 1763 845 anteanumquam,

445 855 555 918 sedin
577 852 663 916 omni
685 852 834 915 memoria
857 860 905 916 est
927 854 1055 916 omnino
1076 854 1276 918 inauditum?
1305 851 1515 936 appellarisne
1540 854 1683 919 tribunos
1704 856 1760 938 pl.,

443 969 483 1011 ne
512 967 638 1012 cansam
667 946 812 1009 diceres?
842 946 942 1012 levius
969 948 1053 1021 dixi,
1087 968 1278 1031 quamquam
1304 947 1336 1010 id
1357 948 1460 1030 ipsum
1485 956 1569 1012 esset
1589 956 1621 1013 et
1641 971 1762 1016 novum

442 1050 474 1105 et
493 1062 559 1105 non
579 1040 761 1105 ferendum:
786 1040 842 1103 sed
863 1041 1074 1124 appellarisne
1096 1043 1281 1105 nominatim
1300 1049 1421 1126 pestem
1435 1041 1520 1105 illius
1534 1045 1626 1119 anni,
1646 1045 1761 1109 furiam

417 1138 575 1220 opatriae,
598 1142 819 1219 tempestatem
840 1136 886 1198 rei
907 1134 1068 1218 publicae,
1091 1136 1258 1199 Clodium?
1281 1137 1336 1219 qui
1357 1143 1463 1199 tamen
1485 1156 1558 1200 cum
1578 1138 1666 1213 iure,
1682 1126 1761 1203 mam

440 1250 544 1305 more,
567 1250 639 1293 cum
660 1222 815 1312 potestate
837 1229 988 1294 iudicium
1009 1230 1162 1313 impedire
1183 1250 1247 1293 non
1269 1236 1390 1313 posset,
1412 1230 1566 1293 rediitad
1586 1231 1673 1316 illam
1695 1234 1762 1295 vim

440 1333 471 1387 et
492 1325 631 1388 furorem
654 1343 746 1409 suum
768 1323 944 1406 ducemque
967 1345 1000 1385 se
1022 1323 1175 1387 militibus
1196 1325 1260 1387 tuis
1281 1325 1435 1409 praebuit.
1467 1326 1504 1387 ln
1524 1346 1603 1409 quo,
1624 1327 1760 1410 nequid

439 1440 459 1483 a
486 1441 536 1483 me
563 1418 681 1481 dictum
710 1419 742 1480 in
771 1425 802 1479 te
829 1418 934 1501 potius
960 1426 1052 1501 putes
1074 1439 1169 1501 quam
1189 1418 1246 1482 abs
1267 1427 1299 1482 te
1321 1438 1392 1482 esse
1413 1419 1607 1501 quaesitum,
1634 1420 1761 1484 nullum

439 1533 520 1576 onus
541 1514 702 1595 imponam
724 1510 803 1573 mibi
826 1511 1015 1575 testimonii:
1039 1532 1121 1596 quae
1143 1511 1220 1575 mibi
1240 1512 1328 1575 brevi
1351 1520 1490 1596 tempore
1513 1533 1553 1576 ex
1570 1512 1683 1577 eodem
1697 1515 1760 1577 isto

401 1609 509 1672 roloco
532 1607 626 1670 video
649 1625 719 1669 esse
742 1604 892 1679 dicenda,
918 1607 1049 1671 servabo
1071 1614 1166 1690 teque
1188 1625 1251 1669 non
1273 1626 1416 1689 arguam
1438 1606 1512 1681 sed,
1533 1608 1623 1670 utin
1644 1609 1760 1672 ceteris

437 1703 530 1766 rebus
551 1701 629 1776 feei,
652 1700 780 1782 rogabo.
824 1697 875 1761 34.
898 1689 1028 1775 Quaero'
1046 1721 1087 1763 ex
1109 1708 1149 1774 te,
1171 1701 1295 1774 Vatini,
1316 1721 1391 1763 num
1413 1702 1484 1783 quis
1505 1703 1540 1764 in
1556 1700 1616 1764 hac
1630 1703 1759 1767 civitate

437 1804 509 1879 post
537 1797 647 1858 urbem
679 1793 836 1857 conditam
865 1795 1007 1857 tribunos
1029 1793 1071 1878 pl.
1093 1793 1275 1877 appellarit,
1305 1815 1344 1857 ue
1366 1815 1492 1858 causam
1514 1772 1653 1858 diberent
1681 1817 1758 1859 num

437 1893 514 1972 quis¹
538 1910 610 1952 reus
639 1889 671 1951 in
701 1887 838 1951 tribunal
868 1888 916 1950 sui
945 1888 1135 1970 quaesitoris
1157 1887 1332 1951 escenderit
1352 1910 1488 1973 eumque
1509 1889 1541 1951 vi
1563 1889 1757 1955 deturbariti

437 1983 587 2047 subsellia
610 1983 791 2067 dissiparit?
820 2002 916 2045 urnas
938 1982 1110 2044 deiecerit?
1143 2002 1196 2046 eas
1218 1983 1355 2066 denique
1376 2003 1486 2046 omnes
1509 2002 1559 2046 res
1581 1985 1615 2047 in
1636 1984 1755 2049 iudicio

400 2078 643 2141 aodisturbando
674 2077 880 2149 commiserit,
910 2096 1044 2159 quarum
1073 2097 1176 2140 rerum
1206 2096 1300 2140 causa
1326 2076 1444 2139 iudicia
1470 2084 1543 2140 suut
1563 2079 1755 2143 constituta?

437 2174 559 2236 sciasne
581 2180 648 2234 tum
669 2170 788 2254 fugisse
809 2169 1015 2233 Memmium?
1037 2179 1235 2235 accusatores
1254 2192 1325 2235 esse
1345 2181 1416 2234 tuos
1432 2168 1471 2234 dc
1485 2172 1548 2235 tuis
1562 2180 1754 2256 tuorumque

436 2267 580 2331 manibus
603 2267 750 2349 ereptori
772 2265 892 2328 iudices
915 2266 1136 2348 quaestionum
1159 2266 1198 2327 de
1220 2267 1370 2349 proximis
1392 2266 1601 2329 tribunalibus
1616 2288 1686 2331 esse
1700 2268 1753 2330 de·

434 2361 566 2446 pulsos‘.l
595 2363 630 2424 in
650 2359 737 2435 loro,
766 2359 853 2435 lucc,
883 2360 1080 2443 inspectante
1101 2359 1220 2443 populo
1240 2361 1381 2423 Romano
1390 2352 1636 2447 (quaestionem,
1658 2363 1753 2444 magi·

434 2464 566 2533 suasus,
587 2474 710 2518 morem
731 2454 901 2529 maiorum,
924 2454 1027 2537 leges,
1049 2454 1188 2528 iudices,
1209 2474 1315 2530 reum,
1338 2474 1473 2537 poenam
1488 2446 1753 2545 esse-sublatam)

272 2539 292 2557 ”
396 2551 512 2616 achaea
534 2550 640 2614 omnia
663 2550 785 2613 sciasne
807 2549 971 2631 diligentia
993 2549 1026 2611 C.
1041 2549 1180 2611 Memmii
1200 2548 1334 2632 publicis
1356 2549 1471 2613 tabulis
1493 2570 1564 2614 esse
1584 2559 1693 2617 notata
1707 2549 1754 2613 a't·

436 2666 499 2730 que
521 2647 656 2709 testata?
678 2644 781 2728 Atque
804 2642 883 2707 illud
906 2643 1000 2706 etiam
1023 2662 1158 2727 quaero,
1180 2662 1269 2717 cum,
1291 2651 1495 2728 posteaquam
1511 2664 1545 2707 es
1565 2645 1753 2728 postulatus,

433 2762 474 2805 ex
501 2741 658 2824 legatione
686 2738 832 2813 redieris,
865 2758 906 2800 ne
936 2739 1008 2820 quis
1037 2746 1069 2799 te
1090 2737 1208 2800 iudicia
1229 2737 1377 2820 defugere
1399 2739 1615 2815 arbitraretur,
1648 2746 1753 2822 teque,

432 2854 503 2899 cum
525 2834 582 2898 tibi
602 2840 708 2897 utrum
730 2832 829 2896 velles
848 2833 973 2906 liceret,
996 2832 1148 2895 dictitaris
1164 2851 1289 2895 causam
1304 2831 1408 2895 dicere
1421 2833 1585 2897 maluisse:
1609 2834 1664 2917 qui
1679 2854 1753 2897 con·

431 2937 615 2994 sentaneum
648 2928 761 3002 fuerit,
796 2948 866 2991 cnm
894 2926 1061 3009 legationis
1088 2926 1234 3008 perfugio
1260 2928 1306 2989 uti
1336 2927 1508 3002 noluisses,
1541 2928 1752 3013 appellatione

394 3023 663 3107 aeimprobissima
684 3031 715 3086 te
737 3024 778 3086 ad
800 3021 954 3085 auxilium
977 3020 1133 3084 nefarium
1155 3020 1359 3103 confugisset

513 3120 582 3182 XV.
604 3115 656 3181 35.
685 3118 726 3180 Et
747 3119 898 3201 quoniam
927 3114 1095 3197 legationis
1117 3123 1189 3177 tuae
1210 3114 1293 3178 facta
1315 3116 1432 3179 mentio
1455 3124 1517 3191 est,
1547 3116 1620 3181 volo
1641 3118 1751 3182 audire

430 3214 470 3278 de
491 3222 538 3289 tc,
561 3234 624 3298 quo
647 3213 774 3275 tandem
797 3219 923 3273 senatus
946 3210 1091 3273 consulto
1114 3208 1234 3291 legatus
1249 3211 1316 3273 sisi
1342 3211 1390 3272 De
1407 3220 1497 3293 gestu
1514 3212 1657 3295 intelligo
1672 3212 1751 3297 quid

429 3308 641 3391 respondeas:
671 3312 725 3369 tua
753 3306 840 3388 lege,
870 3304 957 3367 dicis.
996 3306 1080 3366 Esne
1102 3304 1198 3386 igitur
1219 3306 1339 3387 patriae
1362 3306 1552 3370 certissimus
1576 3308 1750 3389 parricida?

430 3410 628 3485 spectarasne
650 3400 700 3475 id,
729 3407 765 3462 ut
793 3407 897 3483 patres
920 3398 1090 3480 conscripti
1114 3418 1154 3461 ex
1175 3419 1210 3460 rc
1232 3399 1360 3481 publica
1380 3398 1523 3463 funditus
1545 3401 1750 3463 tollerenturt

392 3510 470 3561 eone
491 3496 552 3559 boc
575 3495 704 3580 quidem
726 3494 849 3557 senatui
871 3493 1088 3576 relinquebas,
1111 3492 1198 3577 quod
1220 3513 1312 3569 uerno
1333 3514 1483 3577 umquam
1503 3493 1635 3568 ademit,
1657 3499 1693 3556 ut
1706 3492 1750 3555 le-

428 3592 494 3675 gati
516 3612 557 3654 ex
579 3590 649 3653 eius
671 3588 790 3651 ordinis
812 3587 997 3649 auctoritate
1019 3587 1199 3669 legarentur
1207 3586 1365 3666 ‘liadeonc
1388 3587 1444 3650 tibi
1465 3589 1628 3651 sordidum
1647 3588 1750 3651 consi-

276 3693 318 3792 li„
428 3686 506 3750 lium
534 3684 696 3769 publicum
723 3684 918 3769 Visstlfflsls
948 3682 1028 3745 adeo
1057 3681 1190 3745 afflictus
1213 3689 1358 3757 senatus,
1386 3682 1466 3745 adeo
1489 3684 1604 3756 misera
1625 3691 1657 3746 et
1677 3702 1750 3766 pro·

495 3947 519 3997 4.
538 3950 613 3997 anua
630 3947 675 3995 GP
691 3942 752 4007 (sod
767 3947 786 3995 P
804 3944 912 4007 amomi:
932 3945 1026 3994 anuo
1046 3971 1074 3980 -
1090 3958 1229 4007 aanpmm
1243 3945 1285 3995 aad
1302 3946 1424 3996 Garatoni
1440 3948 1468 3996 et
1482 3944 1627 4009 Madvigius
1643 3958 1671 4010 p.
1684 3945 1746 3996 bii:

428 4036 566 4085 aaraqaam
582 4026 617 4073 cst
632 4020 674 4070 scd
689 4020 768 4070 PGO
787 4019 843 4081 (sed
859 4018 942 4069 habet
958 4022 976 4070 P
993 4014 1047 4069 Eia
1064 4019 1117 4069 tine
1133 4032 1228 4070 versus
1245 4020 1271 4069 in
1288 4018 1346 4070 loco
1364 4032 1453 4080 eraso,
1477 4020 1523 4084 qui
1539 4018 1651 4085 amplius
1666 4032 1748 4071 onam

427 4100 541 4151 litteram
558 4096 702 4155 habuerat,
720 4096 763 4145 aaa
779 4094 806 4144 in
823 4094 944 4157 sequenti
961 4106 1041 4145 versu
1059 4098 1132 4145 extra
1148 4094 1246 4146 lineam
1262 4095 1466 4160 scriptumest).
1488 4123 1514 4133 -
1533 4096 1558 4145 2.
1575 4096 1696 4147 maneria
1713 4099 1748 4145 cst

364 4171 368 4186 '
428 4173 585 4224 Lambinus:
608 4171 728 4221 monada
748 4171 780 4219 ait
797 4168 838 4232 (ex
853 4170 1003 4233 mercatust)
1027 4170 1106 4221 codd.
1125 4172 1152 4219 et
1168 4171 1197 4220 0.
1225 4169 1263 4220 Gt.
1281 4169 1408 4221 Wesenb.
1427 4170 1541 4221 olima.
1559 4170 1594 4219 ad
1608 4171 1748 4221 &maara

427 4262 454 4312 p.
473 4246 513 4298 45.
533 4272 560 4281 -
580 4246 747 4308 appellarisne
757 4246 898 4296 --diceres
914 4245 996 4297 habet
1011 4247 1032 4296 Α
1047 4273 1074 4283 -
1094 4246 1118 4296 3.
1137 4246 1229 4295 cicera
1245 4258 1313 4295 corr.
1331 4258 1367 4295 m.
1386 4246 1410 4296 2.
1428 4246 1456 4296 in
1472 4247 1563 4297 diceret
1578 4247 1640 4296 G-
1657 4258 1748 4296 souma

426 4326 446 4373 P
463 4349 490 4358 -
511 4322 535 4373 6.
554 4333 611 4372 cam
626 4326 768 4384 tempestate
783 4320 899 4371 iuditium
915 4324 934 4373 P
950 4348 977 4357 —
996 4323 1021 4371 7.
1038 4336 1070 4372 aa
1085 4324 1171 4383 quit„
1187 4324 1221 4380 P;
1240 4334 1299 4386 sup.
1312 4334 1434 4373 rasuram
1450 4336 1469 4371 a
1483 4336 1524 4372 aar
1538 4321 1603 4373 mi
1619 4322 1747 4386 scriptum

428 4400 476 4448 est.
494 4424 528 4435 -
544 4398 568 4447 8.
587 4410 634 4459 aps
649 4401 672 4447 te
688 4396 707 4445 P
725 4424 752 4433 -
772 4396 796 4447 9.
815 4397 934 4458 inponam
949 4399 969 4447 P
987 4424 1015 4432 -
1034 4398 1166 4448 testimoni
1184 4394 1218 4459 a.
1235 4396 1296 4447 mibi
1311 4399 1338 4447 in
1353 4401 1373 4449 P
1390 4410 1449 4462 sup.
1467 4396 1511 4448 lin.
1531 4400 1573 4448 est
1588 4409 1604 4446 a
1620 4397 1686 4447 mi
1702 4410 1747 4447 re·

427 4472 544 4524 centiore
563 4498 590 4509 -
616 4473 656 4521 ti.
675 4472 848 4534 appellarat}
873 4498 899 4509 -
927 4486 1034 4522 aaran
1046 4473 1160 4523 driccam
1175 4471 1257 4523 babet
1273 4474 1294 4522 Α
1313 4499 1341 4508 -
1360 4472 1400 4521 43.
1418 4473 1508 4535 patra
1527 4500 1554 4509 -
1573 4472 1747 4534 nasama

427 4574 455 4585 -·
474 4546 609 4597 mandarit
624 4550 690 4609 ang.
709 4548 808 4597 Maus:
828 4548 948 4597 mactarit
964 4550 999 4607 A;
1019 4549 1156 4599 mandarit
1172 4551 1230 4600 PG.
1249 4547 1287 4599 Ci.
1299 4546 1386 4597 Rutilii
1402 4549 1466 4612 Lup.
1479 4549 1503 4608 1,
1520 4547 1535 4610 g
1553 4547 1592 4609 43,
1604 4546 1657 4598 ubi
1668 4547 1745 4598 codd.

330 4610 335 4621 ’
425 4635 473 4685 pro
490 4620 623 4671 ammonit
639 4620 740 4672 habent
755 4622 879 4671 ewederit
898 4649 925 4659 -
948 4623 1004 4671 vide
1020 4623 1128 4673 turbam
1145 4628 1166 4674 G
1184 4650 1211 4657 -
1235 4622 1276 4674 ti.
1293 4622 1398 4675 aare&
1414 4625 1447 4682 P;
1469 4622 1566 4675 sabe&
1581 4624 1603 4674 A
1620 4650 1648 4659 -
1666 4624 1747 4674 diua·

421 4698 493 4759 pam't
508 4698 597 4746 ΑΡ-
616 4696 729 4746 dacem
745 4698 775 4757 Α,
794 4698 823 4745 ut
838 4696 1001 4747 Hotomanus
1013 4699 1176 4747 coniecerat:
1195 4698 1309 4761 deleam
1325 4700 1374 4748 PG
1387 4724 1415 4736 -
1433 4699 1512 4749 moab
1522 4700 1572 4749 PG
1584 4724 1611 4734 -
1631 4697 1671 4748 lb.
1684 4711 1746 4749 caas-

423 4785 478 4821 ram
494 4774 513 4822 P
529 4798 563 4809 —-
581 4771 620 4821 46.
640 4776 811 4822 αοοιωοιονονπ
827 4774 876 4821 PG
896 4798 923 4807 -
948 4772 987 4823 47.
1006 4773 1051 4822 iud
1067 4788 1199 4838 superscr.
1218 4787 1243 4824 es
1259 4777 1279 4824 G
1298 4774 1368 4837 [binc
1386 4776 1412 4824 in
1430 4774 1489 4824 cod.
1507 4774 1603 4825 Erbrct.
1621 4774 1697 4839 aime)
1715 4798 1743 4811 -

425 4849 464 4898 43.
483 4846 655 4908 pacatam
672 4848 735 4896 G—
754 4845 794 4895 49.
812 4859 881 4897 more
898 4850 960 4897 G-
978 4848 1113 4898 iudicaria
1128 4863 1199 4899 resim
1216 4852 1275 4899 G-
1294 4851 1523 4901 eunomia·
1541 4848 1744 4900 aimardus

422 4922 525 4985 Nepos:
550 4920 615 4984 qaod
632 4920 709 4973 codd.
730 4920 771 4985 (ex
788 4922 869 4985 quam)
890 4949 917 4959 -
941 4923 982 4973 ii.
1000 4937 1031 4974 aa
1048 4924 1111 4991 qais]
1127 4938 1206 4987 aeque
1222 4925 1281 4975 cod.
1300 4924 1363 4985 Ert,
1384 4924 1456 4989 quod
1470 4938 1503 4974 ac
1518 4925 1574 4986 quei
1589 4925 1702 4989 Hauptio
1718 4928 1744 4975 in

425 4996 541 5048 Observa.
559 4998 626 5048 cria.
644 5009 671 5060 p.
690 4995 722 5046 li
739 4995 843 5046 videtur
859 4996 950 5047 tuisse.
965 5023 992 5033 -
1012 4997 1182 5049 arbararctor
1197 5000 1258 5051 edd.
1268 5016 1273 5050 :
1293 5001 1430 5051 mitratur
1440 5004 1460 5052 P
1469 5003 1504 5061 G;
1522 4999 1557 5051 de
1569 5014 1621 5065 qua
1632 4998 1744 5052 lectione

422 5087 447 5123 v.
467 5073 528 5125 adn.
547 5072 573 5124 in
591 5072 634 5123 ed.
653 5083 714 5121 mea
730 5072 799 5136 lips.
818 5085 844 5136 p.
864 5072 920 5123 408.
940 5098 968 5107 -
994 5073 1036 5123 23.
1058 5074 1131 5125 cellar
1150 5080 1235 5125 mnan
1252 5079 1273 5125 G
1293 5102 1326 5113 —-
1351 5076 1424 5127 licere
1441 5078 1491 5127 PG
1515 5103 1542 5112 —
1559 5077 1609 5129 aa.
1627 5075 1745 5138 armabo

421 5160 508 5208 sama
524 5149 543 5198 P
561 5174 588 5183 -
608 5147 649 5198 26.
668 5146 723 5195 volo
739 5149 804 5198 PG:
821 5148 877 5197 uota
893 5149 968 5198 aliam
984 5150 1045 5208 503
1072 5149 1105 5200 cl.
1124 5150 1208 5201 blada.
1227 5164 1254 5216 p.
1272 5153 1329 5203 523.
1348 5180 1382 5189 -
1397 5154 1437 5204 27.
1456 5153 1483 5202 S.
1502 5151 1529 5202 0.
1547 5154 1567 5202 Ρ
1586 5177 1613 5187 -
1631 5152 1743 5216 iataltwo

422 5225 471 5274 PG
487 5250 521 5260 -
537 5223 578 5273 29.
596 5227 755 5285 spectarasne
770 5224 787 5273 S
804 5223 831 5271 et
846 5222 900 5274 Pal.
918 5226 946 5275 a:
971 5226 1122 5286 spaeram
1136 5227 1187 5276 PG
1201 5254 1235 5263 -
1254 5228 1289 5278 .P.
1307 5227 1334 5278 0.
1352 5231 1372 5278 P
1391 5254 1418 5267 -
1437 5227 1477 5279 344.
1494 5232 1524 5277 at
1539 5225 1743 5292 epau-aaa-

421 5302 509 5349 reatar
525 5296 644 5351 habete
663 5324 689 5336 -
709 5298 750 5349 34.
768 5297 908 5362 bannitur
923 5299 1015 5352 Lamb.
1035 5302 1102 5352 coni.
1122 5326 1149 5338 -
1168 5301 1209 5353 32.
1227 5301 1343 5368 maetas
1357 5305 1385 5353 P.
