4009 6159
386 568 469 637 ilia
721 569 872 635 osiuio
894 569 973 634 Piso
995 571 1032 633 Τ.
1053 568 1178 634 ANNIO
1200 569 1356 635 MILONE

383 743 440 806 sed
462 741 584 815 dicam,
605 745 642 802 ut
662 741 779 815 sentio,
801 740 930 804 iudices.
963 740 1063 803 Nimis
1085 739 1182 804 multa
1201 739 1312 804 audire
1327 747 1482 821 coguntur
1495 759 1600 824 neque
1614 739 1706 804 aliter

382 836 486 900 iacere
514 841 648 918 possunt
676 835 716 908 ii,
747 834 861 918 quibus
892 842 956 898 tota
985 835 1152 899 commissa
1174 842 1222 897 est
1242 853 1294 896 res
1322 833 1458 917 publica.
1503 833 1705 908 Quinetiam

225 927 246 1036 ἑ
380 929 442 992 iuit
462 927 639 992 audiendus
661 948 747 1014 popa
767 929 908 991 Licinius
930 930 1038 991 nescio
1054 929 1108 1012 qui
1125 929 1164 991 de
1181 929 1266 992 circo
1281 928 1429 1002 maximo,
1452 947 1560 992 servos
1578 928 1705 992 Milonis

380 1023 466 1105 apud
489 1044 524 1086 se
548 1022 652 1085 ebrios
674 1023 773 1086 iactos
803 1022 863 1084 sibi
886 1023 1047 1086 confessos
1070 1041 1140 1086 esse
1162 1022 1202 1084 de
1224 1019 1439 1085 interficiendo
1461 1022 1609 1106 Pompeio
1633 1042 1706 1086 cou-

356 1117 521 1195 iiurasse;
543 1116 659 1179 deinde
681 1125 794 1199 postea
815 1137 850 1179 se
872 1116 977 1199 gladio
1000 1136 1183 1200 percussum
1206 1135 1277 1179 esse
1298 1115 1337 1177 ab
1359 1135 1425 1179 uno
1440 1116 1480 1178 de
1501 1116 1581 1192 illis,
1603 1135 1644 1178 ne
1658 1116 1707 1177 in-

380 1211 509 1274 dicaret.
545 1210 697 1293 Pompeio
719 1212 751 1273 in
773 1210 882 1273 hortos
903 1210 1079 1285 nuntiarit3
1101 1229 1247 1274 arcessor
1267 1209 1301 1270 in
1323 1209 1451 1293 primis;
1475 1209 1515 1272 de
1536 1210 1706 1272 amicorum

380 1305 537 1368 sententia
558 1323 625 1366 rem
647 1303 749 1366 desert
769 1302 810 1366 ad
832 1311 986 1366 senatum.
1024 1305 1094 1366 Non
1117 1310 1257 1386 poteram
1279 1305 1312 1365 in
1334 1303 1420 1366 illius
1439 1303 1501 1366 mei
1523 1302 1706 1386 patriaeque

256 1403 264 1425 ¹
381 1397 520 1462 custodis
541 1405 628 1461 40040
650 1398 833 1480 suspicione
853 1417 918 1460 non
940 1405 1027 1461 metu
1049 1397 1237 1470 exanimari,
1261 1396 1316 1460 sed
1340 1397 1475 1460 mirabar
1495 1405 1599 1460 tamen
1621 1394 1706 1459 credi

233 1433 256 1537 b
381 1488 499 1576 popae,
520 1491 754 1556 contessionem
775 1511 939 1555 servorum
961 1490 1080 1565 audiri,
1109 1491 1224 1552 vulnus
1245 1491 1277 1552 in
1301 1491 1416 1565 latere,
1439 1489 1525 1574 quod
1547 1509 1605 1554 acu
1628 1507 1708 1572 pun·

343 1594 465 1649 lictum
493 1585 668 1660 videretur,
701 1604 760 1668 pro
789 1586 854 1648 ictu
877 1584 1060 1667 gladiatoris
1081 1583 1216 1666 probari.
1260 1581 1310 1646 66.
1334 1586 1466 1659 Verum,
1495 1593 1532 1647 ut
1552 1583 1706 1664 intelligo,

381 1678 512 1743 cavebat
539 1680 639 1761 magis
668 1680 837 1760 Pompeius
867 1696 961 1762 quam
991 1677 1137 1751 timebat,
1167 1696 1232 1739 non
1254 1695 1291 1740 ea
1314 1678 1434 1753 solum,
1464 1697 1545 1761 quae
1566 1673 1707 1740 timenda

381 1782 486 1848 erant,
509 1771 565 1836 sed
588 1771 709 1845 omnia,
736 1791 778 1834 ne
799 1792 854 1835 vos
876 1770 997 1855 aliquid
1021 1771 1183 1833 timeretis.
1227 1769 1415 1855 oppugnata
1436 1771 1550 1835 domus
1573 1769 1607 1832 C.
1630 1768 1708 1832 Cae-

238 1871 259 1964 ὗ
345 1940 349 1948 ,
381 1867 477 1940 saris,
506 1865 672 1929 clarissimi
694 1872 726 1928 et
747 1863 909 1928 tortissimi
933 1865 1009 1960 viri,
1040 1884 1097 1946 per
1118 1864 1232 1927 multas
1254 1865 1356 1928 noctis
1379 1865 1472 1928 horas
1495 1864 1706 1928 nuntiabatur.

333 1978 342 2022 .¹
382 1962 482 2023 Nemo
503 1958 646 2022 audierat
667 1966 730 2022 tam
751 1958 868 2021 celebri
890 1959 978 2032 loco,
1000 1977 1094 2021 nemo
1120 1966 1279 2032 senserat;
1301 1966 1405 2022 tamen
1421 1958 1614 2023 audiebatur.
1636 1960 1707 2021 Non

328 2025 522 2137 'tepoteram
537 2051 593 2115 Cn.
608 2051 803 2134 Pompeium,
825 2052 1094 2133 praestantissima
1108 2052 1223 2114 virtute
1240 2053 1356 2136 rigum,
1379 2053 1521 2116 timidum
1537 2051 1707 2135 suspicari;

383 2145 580 2228 diligentiam
601 2152 667 2209 tota
688 2164 723 2206 re
744 2143 871 2228 publica
892 2153 1039 2228 suscepta
1061 2145 1190 2208 nimiam
1213 2146 1331 2208 nullam
1353 2147 1511 2229 putabam.
1546 2149 1708 2229 Frequen-

382 2240 505 2303 tissimo
526 2245 639 2302 senatu
660 2258 762 2322 nuper
782 2240 815 2302 in
840 2238 990 2321 Capitolio
1014 2247 1140 2302 senator
1157 2240 1301 2302 inventus
1316 2248 1379 2314 est,
1402 2241 1457 2324 qui
1473 2240 1621 2304 Milonem
1635 2259 1708 2303 cum

383 2334 446 2397 telo
468 2351 539 2396 esse
561 2332 687 2396 diceret.
724 2331 861 2395 Nudarit
882 2353 916 2396 se
937 2335 970 2395 in
993 2333 1192 2396 sanctissimo
1215 2333 1350 2417 templo,
1382 2335 1531 2417 quoniam
1552 2333 1617 2396 vita
1637 2331 1708 2395 talis

383 2433 417 2490 et
445 2427 524 2490 ciris
551 2434 584 2489 et
612 2426 671 2488 viri
701 2423 794 2490 fidem
816 2446 881 2489 non
901 2426 1058 2500 iaciebat,
1087 2433 1180 2490 uteo
1203 2435 1328 2491 tacente
1349 2447 1401 2490 res
1421 2429 1492 2511 ipsa
1512 2428 1708 2511 loqueretur.

345 2520 482 2583 mxxv.
505 2517 556 2582 67.
579 2520 693 2583 Omnia
719 2519 798 2584 falsa
819 2528 915 2603 atque
937 2519 1090 2584 insidiose
1113 2517 1183 2583 licta
1206 2528 1367 2604 comperta
1389 2528 1471 2584 sunt.
1509 2520 1532 2602 †
1555 2520 1633 2586 Cum
1661 2527 1708 2583 ta-

382 2633 456 2677 men
477 2614 505 2678 si
525 2613 676 2677 metuitur
698 2614 792 2677 etiam
813 2633 898 2676 nuuc
920 2614 1012 2687 Milo,
1035 2633 1098 2677 uon
1120 2614 1182 2676 iam
1205 2615 1265 2678 hoc
1281 2613 1466 2678 Clodianum
1485 2615 1603 2678 crimen
1617 2615 1708 2677 time·

382 2727 467 2781 mus,
489 2707 546 2770 sed
567 2714 652 2779 tuas,
675 2707 730 2770 Cn.
752 2709 899 2793 Pompei,
921 2741 963 2756 -
985 2717 1017 2771 te
1039 2708 1121 2770 enim
1143 2709 1206 2773 iam
1223 2711 1365 2792 appello,
1388 2719 1420 2773 et
1434 2731 1472 2774 ea
1487 2731 1580 2787 voce,
1602 2719 1637 2774 ui
1657 2730 1707 2773 me

383 2800 533 2865 exaudire
555 2802 674 2884 possis,
694 2838 736 2850 -
758 2810 844 2875 tuas,
866 2811 950 2877 tuas,
972 2803 1117 2884 inquam,
1139 2804 1334 2886 suspiciones
1357 2803 1635 2886 perhorrescimus.
1673 2804 1705 2865 Si

382 2895 533 2959 Milonem
554 2895 661 2969 times,
684 2895 711 2958 si
732 2895 818 2958 hunc
840 2897 879 2958 de
900 2905 954 2959 tua
974 2897 1039 2959 rita
1060 2895 1179 2960 nefarie
1202 2904 1257 2960 aut
1279 2917 1362 2960 nunc
1384 2897 1522 2980 cogitare
1540 2906 1596 2961 aut
1617 2896 1707 2960 moli-

345 2995 449 3080 404οω
470 2989 642 3072 aliquando
663 2989 785 3072 aliquid
807 2981 961 3073 putas,isi
982 2990 1093 3054 ltaliae
1117 2983 1317 3076 dilectuslut
1338 2991 1495 3054 nonnulli
1514 2992 1707 3075 conquisito-

382 3100 433 3144 res
454 3084 499 3145 tui
521 3080 716 3157 dictitenunt,
733 3074 774 3165 (si
796 3082 874 3145 baec
895 3104 998 3160 arma,
1028 3085 1054 3146 si
1078 3085 1274 3166 Capitolinae
1298 3083 1457 3158 cohortes,
1486 3084 1512 3148 si
1545 3084 1707 3157 excubiae,

268 3162 289 3232 »3
328 3179 333 3189 ’
383 3179 410 3241 si
433 3175 574 3258 vigiliae,
603 3176 630 3239 si
652 3176 767 3239 dilecta
796 3177 1070 3273 iurentnquuae
1093 3185 1181 3272 tuum
1203 3197 1319 3260 corpus
1342 3176 1534 3260 domumque
1556 3176 1706 3251 custodit,

186 3278 300 3392 ὦ(
383 3279 494 3334 contra
513 3269 641 3334 Milonis
662 3269 954 3353 impetumlarmata
977 3269 1145 3361 estlatque
1171 3270 1225 3334 illa
1246 3272 1353 3334 omnia
1375 3272 1407 3333 in
1430 3273 1515 3335 bunc
1537 3272 1707 3335 nnumin·

382 3364 508 3439 stituta,
529 3369 655 3448 parata,
676 3362 799 3426 intenta
819 3371 1042 3448 sunt,[magna
1063 3366 1095 3428 in
1117 3365 1347 3448 hoclccrtclsis
1369 3372 1402 3429 et
1422 3365 1617 3430 incredibilis
1638 3366 1707 3430 ani·

235 3458 294 3536 ‘J‘
330 3471 451 3522 'mmus
474 3465 506 3521 et
525 3476 590 3520 non
611 3458 707 3519 unius
729 3457 789 3519 viri
810 3458 893 3521 uires
922 3466 1018 3542 atque
1041 3478 1117 3542 opes
1139 3445 1336 3558 iudicantur)
1366 3459 1392 3521 si
1415 3455 1600 3542 quidemlin
1621 3460 1706 3523 hunc

266 3583 283 3614 s.
310 3513 322 3635 l
382 3572 479 3616 unum
513 3557 543 3614 et
573 3550 862 3633 praestantissimus
892 3551 956 3614 dux
987 3552 1106 3616 electus
1136 3558 1168 3615 et
1196 3559 1262 3616 tota
1291 3573 1342 3614 res
1364 3553 1489 3637 publica
1509 3561 1627 3618 armata
1648 3551 1705 3640 esd

231 3634 316 3705 ft*
382 3643 433 3707 68.
456 3643 518 3707 Sed
541 3644 612 3726 quis
639 3663 704 3706 non
732 3643 882 3726 intelligit
901 3663 1011 3708 omnes
1033 3644 1090 3710 tibi
1114 3647 1160 3707 rei
1182 3647 1328 3730 publicae
1350 3655 1454 3730 partes
1477 3633 1641 3730 aegras‘et
1661 3648 1706 3712 la-

381 3740 508 3812 bantes,
528 3745 566 3801 ut
586 3757 639 3801 eas
660 3737 710 3800 his
731 3737 826 3800 arnus
848 3757 976 3829 sanarep
998 3745 1031 3801 et
1052 3735 1267 3814 confirmares,
1290 3760 1360 3803 esse
1379 3741 1586 3804 commissasl
1610 3739 1704 3816 Quod

382 3833 410 3896 si
433 3831 522 3896 locus
542 3830 653 3894 Miloni
675 3830 767 3894 datus
789 3839 890 3908 esset,
919 3832 1085 3916 probasset
1106 3832 1248 3915 proiecto
1271 3833 1327 3896 tibi
1350 3833 1428 3916 ipsi,
1457 3834 1615 3899 neminem
1637 3853 1705 3896 um·

448 4068 471 4116 t.
489 4068 613 4130 coguntur
629 4064 718 4114 audire
734 4063 753 4114 E
772 4063 859 4126 (solus)
885 4092 911 4101 —
935 4067 960 4116 i.
978 4067 1014 4115 iii
1030 4067 1050 4116 T
1067 4093 1093 4102 -
1115 4068 1179 4130 osio
1194 4067 1271 4117 etiam
1286 4067 1334 4130 fuit
1351 4066 1398 4122 ed.
1412 4067 1530 4118 Iuntina:
1554 4069 1614 4132 quia
1630 4069 1705 4121 ctiam

380 4145 457 4208 merit
471 4142 551 4199 ΤΕ8;
570 4140 630 4202 quia
646 4141 721 4190 edom
737 4141 770 4189 ait
785 4140 893 4192 codices
910 4139 1044 4206 plerique,
1063 4143 1103 4192 cai
1118 4143 1259 4206 (Pompeio)
1272 4143 1346 4192 etiam
1361 4143 1436 4206 satuit
1447 4144 1591 4209 Madvigius
1606 4147 1704 4209 (Opera.

381 4221 454 4271 acad.
472 4219 517 4268 044.
534 4230 562 4281 p.
575 4215 642 4278 328).
662 4241 689 4251 -
708 4215 733 4265 3.
752 4228 839 4266 aarum
854 4216 947 4267 TE-
964 4216 988 4267 4.
1007 4230 1056 4268 esse
1072 4231 1097 4267 ss
1114 4216 1307 4268 delambinus.
1323 4244 1350 4254 -
1366 4218 1479 4280 pmupeio
1495 4220 1560 4271 TE:
1579 4221 1623 4272 00.
1636 4222 1706 4271 Pons·

379 4297 529 4360 004080-
547 4295 572 4344 5.
586 4291 697 4341 dequS
710 4317 737 4326 -
757 4291 781 4341 8.
794 4293 939 4342 combinari
955 4293 1014 4342 E·
1028 4292 1052 4343 0.
1067 4291 1157 4355 popae]
1173 4293 1401 4353 pompaeiumE-
1416 4294 1456 4343 40.
1471 4293 1576 4356 moissi
1592 4295 1706 4345 EiiSet

381 4368 555 4421 membranae
572 4365 666 4417 Modii:
690 4366 778 4428 putari
795 4367 814 4416 T
833 4391 860 4400 -
883 4367 996 4431 40404090
1013 4367 1033 4416 Τ
1051 4395 1078 4404 -
1098 4368 1138 4418 48.
1157 4368 1242 4416 orauiu
1257 4369 1321 4418 TE:
1340 4368 1440 4418 omnivm
1456 4369 1487 4430 S;
1506 4370 1606 4420 domim
1621 4371 1706 4420 mucio

382 4446 444 4496 0-
460 4459 507 4495 cos
522 4442 618 4505 0440044
634 4439 718 4491 TES:
737 4440 958 4501 0440ιά040000-
978 4440 1016 4506 C.]
1034 4443 1138 4492 048-
1157 4443 1198 4492 46.
1212 4442 1365 4506 diltpeaticm
1378 4456 1427 4506 pro
1443 4449 1706 4510 tourepaaeepu

382 4521 417 4579 ὓς
441 4520 595 4583 diligentiam
613 4517 1003 4578 praemoneremus
1021 4518 1048 4566 04
1065 4515 1225 4568 Gulielmius.
1243 4545 1276 4554 —
1296 4518 1336 4568 48.
1354 4518 1387 4582 ae]
1404 4519 1446 4569 sed
1461 4519 1481 4568 E
1500 4545 1528 4557 ·-
1548 4520 1587 4571 48.
1605 4521 1706 4586 0410404

382 4595 399 4644 S
417 4620 445 4630 -
463 4596 505 4644 80.
522 4591 641 4642 cadom
656 4590 746 4650 TES;
771 4590 891 4640 invidiose
906 4588 959 4640 duo
975 4589 1054 4640 codd.
1067 4593 1299 4654 ingomarsinisni.
1314 4620 1341 4630 -
1360 4600 1424 4645 aaut.
1442 4609 1500 4645 cum
1515 4599 1598 4648 400000
1613 4600 1635 4648 si
1651 4601 1703 4650 cet.

382 4670 469 4719 TES:
487 4672 552 4717 suat.
571 4666 642 4729 Quod
657 4664 679 4713 si
694 4669 777 4714 tomen
788 4667 839 4714 cet.
859 4665 879 4714 0
896 4676 956 4713 cum
974 4665 1017 4715 ud.
1036 4665 1204 4718 Lambiniana
1222 4681 1246 4719 a.
1261 4669 1338 4728 ⁴58l;
1356 4675 1428 4731 sunu
1445 4675 1599 4722 cantamen
1615 4675 1705 4723 metui·

381 4748 424 4792 tar
438 4743 515 4792 etiam
528 4751 595 4791 0000
609 4739 679 4789 44440.
697 4741 754 4789 Noa
770 4739 929 4802 Madvigium
946 4745 1017 4802 aaut,
1035 4755 1092 4792 mem
1107 4748 1189 4792 tomen
1205 4745 1240 4792 sic
1255 4745 1374 4793 metatur
1390 4745 1466 4794 etium
1481 4757 1548 4795 assic
1561 4747 1630 4798 Milo.
1647 4749 1705 4799 Noc
1810 4803 1813 4808 ,

382 4817 447 4867 Lud.
465 4819 558 4875 ianus;
584 4819 649 4864 mat.
668 4814 818 4865 00404000
833 4816 1043 4864 metuiturctiam
1058 4829 1125 4865 nurse
1139 4816 1224 4866 litio?
1246 4817 1299 4867 Noc
1317 4831 1368 4867 uon
1388 4818 1441 4868 tam
1461 4819 1506 4870 boc
1522 4825 1704 4886 --periom-

381 4893 489 4942 m:
513 4896 541 4940 to
555 4891 578 4940 si
592 4890 711 4940 ildonea
726 4890 831 4941 Bakius.
850 4916 878 4926 —
897 4891 939 4940 st.
957 4890 1035 4941 etiam
1051 4902 1104 4941 om.
1123 4891 1142 4941 T
1158 4917 1192 4929 -
1207 4891 1529 4954 discumberemus
1543 4897 1700 4950 habetn—

381 4964 602 5017 iamlsoc'l'ES:
628 4965 791 5026 amisos,
817 4965 1017 5016 00040040-
1036 4967 1245 5030 qootidlonwuil
1264 4995 1290 5004 —
1314 4967 1495 5020 284040οω.
1516 4973 1562 5024 SA
1581 4999 1609 5009 --
1628 4977 1701 5025 etl:

382 5053 436 5090 om.
454 5039 568 5090 TES-
586 5038 627 5089 83.
646 5039 818 5089 acoudirsli:
840 5040 1019 5090 00400888
1038 5066 1065 5076 -
1084 5038 1196 5092 alterum
1212 5047 1269 5092 tuas
1285 5055 1337 5094 om.
1356 5045 1404 5095 84
1420 5049 1703 5110 -ssspuionesiisa

384 5141 412 5152 —
430 5114 472 5165 25.
490 5113 668 5164 diuciusTE:
694 5113 860 5164 4404000080
883 5141 911 5150 -
938 5114 979 5164 86.
997 5115 1160 5165 conluctari·
1183 5142 1210 5152 -
1236 5119 1278 5168 27.
1296 5119 1386 5170 dilecta
1407 5120 1469 5170 TE:
1496 5121 1588 5172 delecto
1608 5121 1654 5173 80
1673 5149 1701 5160 -

381 5189 424 5248 ia.
442 5192 507 5239 certe
520 5189 548 5238 io
563 5188 609 5238 400
624 5188 644 5238 Ε
662 5185 750 5250 (solus)
763 5214 791 5225 -
810 5187 850 5237 30.
868 5189 1014 5240 inaccessa
1029 5191 1110 5240 Tus:
1128 5191 1272 5244 4004000400
1286 5195 1306 5244 0
1319 5217 1346 5231 -·
1365 5193 1406 5247 38.
1418 5195 1565 5262 4040440004
1578 5225 1605 5236 -
1623 5198 1703 5251 onais

382 5264 626 5328 T-partui-
645 5261 952 5316 tidoaamttmtiii:
975 5263 1214 5319 Milooilocsuso.
