4009 6159
724 604 799 670 co.
819 605 955 671 v-vr.
982 603 1028 689 ps
1051 600 1198 668 u-to.
1542 590 1624 657 troo

303 800 387 843 mum
408 777 507 841 fuisso
529 794 723 850 sermonem,
752 794 804 837 me
824 773 998 849 Parilibus,
1020 776 1076 859 qui
1097 774 1165 838 dies
1186 773 1285 837 bodie
1304 780 1369 848 est,
1391 793 1462 837 cum
1482 770 1623 835 fascibus

301 875 536 938 descensumm.
572 871 608 932 ln
629 869 769 953 aliquem
789 867 884 931 credo
904 868 966 931 boc
987 867 1192 949 gladiatorem
1214 875 1269 931 aut
1289 867 1442 931 latronem
1464 872 1519 929 aut
1539 862 1623 927 Cati-

300 968 397 1030 linam
418 984 490 1028 esse
510 964 673 1037 collatum,
699 981 764 1024 nou
786 963 819 1025 in
842 983 931 1036 eum,
964 963 1019 1045 qui
1049 982 1090 1025 ue
1112 962 1190 1048 quid
1211 962 1275 1025 tale
1295 962 1329 1024 in
1350 982 1384 1024 re
1406 960 1533 1044 publica
1554 954 1621 1021 lieri

298 1069 407 1145 posset
428 1058 575 1122 effecerit.
610 1059 659 1118 An
680 1076 757 1137 epo,
780 1057 835 1139 qui
852 1056 1017 1119 Catilinam
1031 1055 1111 1119 baec
1125 1055 1306 1119 molientem
1321 1054 1511 1128 sustulerim,
1534 1071 1622 1115 ever-

299 1156 407 1229 terim,
429 1151 607 1225 afflixerim,
629 1150 700 1233 ipse
714 1150 901 1213 exsisterem
916 1156 1046 1231 repente
1062 1150 1219 1213 Catilina‘l
1243 1148 1365 1225 Quibus
1380 1148 1529 1231 auspiciis
1543 1147 1646 1209 istoso

297 1247 398 1311 fasces
411 1266 511 1329 augur
524 1245 724 1327 acciperem?
744 1250 901 1327 quatenus
917 1244 1089 1306 babereml
1112 1244 1163 1306 cui
1179 1242 1358 1307 traderem?
1381 1242 1620 1324 Quemquamne

297 1342 395 1405 luisse
427 1348 490 1402 4444
522 1338 710 1402 sceleratum
738 1337 793 1419 qui
823 1337 885 1399 boc
911 1336 1065 1419 lingeret,
1100 1344 1162 1400 tam
1190 1336 1344 1400 furiosum
1373 1336 1429 1420 qni
1454 1335 1620 1399 crederoti

279 1420 386 1535 (Unde
408 1434 505 1516 igitur
523 1432 585 1494 ista
606 1431 743 1514 suspicio
765 1430 815 1492 vel
836 1430 942 1512 potius
964 1430 1049 1492 unde
1071 1431 1131 1519 iste
1153 1408 1278 1515 sermo)
1320 1431 1371 1492 Vl.
1394 1426 1446 1492 i5.
1469 1429 1564 1503 Cum,
1586 1434 1622 1491 ut
1744 1430 1769 1511 J

297 1529 402 1602 scitis,
432 1526 495 1589 boc
523 1515 629 1587 triduo
658 1524 710 1589 vel
731 1525 907 1607 quadriduo
928 1524 1026 1586 tristis
1048 1542 1067 1586 a
1089 1526 1210 1588 Mutina
1230 1523 1490 1598 summoueret,
1521 1524 1622 1588 indati

296 1623 416 1686 laetitia
436 1627 532 1704 atque
554 1618 724 1681 insolentia
745 1617 833 1699 impii
856 1618 941 1680 cives
962 1637 1061 1681 unum
1083 1638 1118 1681 se
1140 1618 1313 1691 inlocum,
1335 1618 1375 1681 ad
1390 1618 1476 1682 illam
1491 1620 1660 1693 curiam,to

296 1716 438 1800 partibus
459 1714 567 1798 potius
589 1714 655 1775 suis
677 1731 771 1795 quam
792 1713 838 1774 rei
854 1711 998 1795 publicae
1012 1711 1186 1786 infelicem,
1209 1712 1450 1795 congregabant
1486 1711 1533 1773 lbi
1549 1732 1620 1774 cum

297 1810 429 1874 consilia
451 1808 570 1872 inirent
592 1806 632 1869 de
654 1804 751 1868 caede
773 1813 879 1868 nostra
900 1805 1158 1890 partirenturque
1179 1807 1261 1869 inter
1275 1826 1325 1879 se,
1348 1806 1404 1889 qui
1421 1804 1620 1890 Capitolium,

297 1904 352 1988 qni
373 1909 490 1975 444444,
520 1902 575 1984 qui
597 1898 683 1963 urbis
706 1906 811 1981 portas
833 1906 1042 1981 occuparent,
1071 1899 1113 1961 ad
1134 1919 1184 1963 me
1206 1918 1394 1963 concursum
1415 1899 1554 1963 iutunrm
1576 1898 1622 1960 ci·

296 1998 401 2061 vitatis
423 1994 585 2079 putabant
621 1992 715 2068 Quod
737 1999 774 2053 ut
794 2011 866 2054 cum
887 1991 1007 2055 invidia
1029 2012 1099 2055 mea
1119 1990 1209 2057 lieret
1229 1999 1262 2057 et
1283 2001 1319 2057 nt
1340 2012 1411 2055 cum
1427 1992 1511 2057 vitae
1525 1992 1620 2055 etiam

295 2088 453 2172 periculo,
475 2087 590 2150 lamam
612 2086 705 2148 istam
726 2083 859 2149 fascium
882 2083 1131 2169 dissipaverunt;
1152 2084 1253 2150 fasces
1274 2086 1335 2170 ipsi
1357 2087 1397 2150 ed
1420 2104 1470 2150 444
1485 2082 1657 2149 delatoriis

294 2183 432 2245 fuerunt
471 2180 565 2255 Quod
594 2199 664 2243 cum
694 2185 780 2241 esset
800 2179 891 2260 quasi
914 2198 984 2242 mea
1005 2180 1167 2243 voluntate
1187 2180 1323 2256 iactum,
1349 2188 1416 2244 tum
1437 2179 1471 2243 in
1492 2198 1542 2241 me
1564 2177 1621 2241 im·

294 2283 387 2359 petus
409 2273 638 2337 conductorum
661 2272 825 2334 bominum
847 2274 939 2355 qnasi
959 2274 994 2335 in
1017 2282 1185 2358 tyrannum
1205 2277 1391 2357 parabatur3
1414 2292 1455 2337 ox
1470 2291 1534 2357 quo
1550 2289 1621 2334 cae-

294 2368 351 2431 des
374 2378 458 2431 esset
479 2376 617 2430 restrum
639 2366 780 2430 omnium
803 2373 982 2429 consecuta.
1024 2366 1114 2441 Quae
1142 2386 1193 2431 res
1223 2368 1387 2449 patefecit,
1418 2374 1523 2452 patres
1545 2385 1621 2429 oon·

295 2463 422 2545 scripti,
444 2461 502 2523 sed
523 2479 583 2523 suo
604 2467 748 2541 tompore
770 2460 867 2521 totius
887 2457 980 2523 buius
1002 2458 1132 2523 sceleris
1145 2458 1217 2524 tous
1231 2461 1399 2543 aperietur.
1442 2457 1494 2543 td.
1508 2460 1620 2543 Itaque

293 2559 326 2621 P.
349 2556 502 2641 Apuleius
532 2554 677 2617 tribunus
706 2552 761 2636 pl.,
791 2572 932 2616 meorum
953 2553 1096 2617 omnium
1116 2552 1321 2617 consiliorum
1342 2554 1657 2637 periculorumquero
1685 2569 1695 2630 t
1726 2530 1750 2621 l

1688 2633 1693 2646 Ι

293 2652 357 2715 iam
377 2650 451 2713 inde
473 2669 493 2714 a
514 2641 681 2711 consulatu
702 2666 774 2711 meo
796 2647 903 2753 teptis,
932 2646 1092 2719 conscius,
1122 2647 1259 2722 adiutor,
1288 2648 1430 2711 dolorem
1450 2646 1533 2711 ferro
1555 2667 1619 2711 nou
1686 2655 1689 2668 '

358 2895 383 2945 4.
400 2893 448 2959 me]
465 2906 496 2944 44
512 2895 546 2943 44
564 2918 591 2928 -
617 2891 740 2941 Parilibus
762 2892 772 2939 4
790 2888 836 2953 ((44
855 2890 953 2954 quibus
970 2903 995 2939 v.
1015 2890 1083 2941 rest.
1102 2903 1128 2954 p.
1147 2888 1205 2939 237.
1224 2886 1289 2940 Plio.
1307 2892 1338 2941 N.
1357 2888 1388 2941 ll.
1407 2888 1500 2950 llVlll,
1517 2889 1558 2951 25,
1577 2890 1618 2940 66.

292 2970 363 3033 xlx,
381 2971 411 3032 s,
428 2967 485 3030 eti:
508 2982 555 3031 per
570 2968 626 3017 idota
643 2966 757 3029 quintiles
776 2965 896 3027 (4444444444
911 2967 935 3027 u)
953 2962 1052 3023 ubiv3
1075 2964 1156 3027 pridie
1174 2964 1273 3015 Vinalia
1290 2966 1310 3015 0
1328 2978 1388 3016 cum
1406 2964 1551 3026 Ferrrario,
1575 2964 1620 3029 qui

293 3047 373 3097 etlam
387 3041 508 3108 postridie
522 3043 612 3094 Palilia
627 3042 812 3107 proposuerat.
838 3041 992 3090 lectionem
1009 3051 1025 3089 a
1042 3038 1119 3091 nobis
1135 3041 1272 3105 receptam
1290 3041 1378 3091 44444444
1393 3038 1617 3091 Pseudo-Coruu-

291 3124 334 3173 tus
351 3122 385 3173 ad
403 3124 474 3172 Pers.
493 3120 546 3169 Sat.
565 3119 588 3179 l,
607 3118 640 3168 ii
657 3130 683 3182 p.
701 3114 750 3168 344
768 3115 811 3165 ed.
829 3114 929 3165 lebnii:
952 3114 981 3165 Si
997 3114 1116 3165 Palilia
1132 3114 1205 3177 dicit,
1228 3117 1293 3167 dicm
1309 3117 1368 3167 dicit
1383 3128 1483 3165 44444444
1498 3117 1525 3167 in
1541 3116 1620 3165 borso-

290 3198 438 3256 4444414444,
460 3207 525 3256 quoe
543 3193 638 3256 peperit
659 3193 760 3242 tomum
782 3195 805 3241 44
826 3190 970 3251 aunuum,
994 3203 1102 3253 quorum
1126 3192 1272 3241 munionem
1294 3192 1474 3257 campedonici
1494 3192 1578 3241 Cicero
1594 3191 1621 3241 io

291 3272 431 3334 Philippicis
446 3270 481 3319 sic
497 3272 680 3318 comoscmorct.
702 3266 795 3328 (Locus
813 3266 869 3329 ipse
887 3262 1039 3325 intercidit.)
1058 3262 1220 3323 Emendatio,
1239 3278 1319 3329 quam
1338 3265 1397 3316 cod.
1415 3264 1620 3329 'tegernseensis

293 3346 481 3412 suppeditavit,
507 3342 566 3393 loco
584 3353 690 3405 quoque
708 3339 833 3405 epistolae
852 3338 886 3389 ad
903 3339 937 3390 li.
951 3340 1061 3389 Brutum
1079 3340 1104 3399 1,
1124 3340 1147 3399 3,
1166 3340 1181 3389 2
1199 3340 1340 3403 stabilitur,
1368 3340 1414 3391 ubi
1431 3340 1532 3402 contio,
1551 3353 1619 3404 quae

291 3422 377 3488 pridie
398 3417 487 3469 babitu
509 3416 683 3479 Cicerooique
703 3412 841 3478 gratulatio
864 3413 931 3464 lacta
955 3416 999 3465 esi
1014 3420 1047 3473 44.
1066 3427 1146 3479 supra
1164 3416 1179 3479 5
1199 3417 1229 3465 ii
1246 3418 1311 3480 4444.
1333 3428 1373 3467 444
1388 3418 1441 3467 Gai.
1458 3418 1520 3467 Mai.
1538 3416 1620 3469 444444

292 3498 398 3554 diuitum
424 3492 516 3545 Parilia
536 3494 627 3543 444444
653 3492 761 3554 postero
784 3490 827 3540 die
852 3491 909 3540 4444
930 3503 959 3541 xi
978 3491 1036 3541 lici.
1059 3493 1121 3543 lici.
1147 3492 1367 3555 celebrabantur,
1395 3494 1440 3559 qul
1464 3492 1520 3544 dice
1546 3491 1620 3543 urbis

292 3574 391 3623 Romae
413 3566 505 3619 4444444
527 3564 691 3625 habebatur;
714 3578 741 3614 v.
758 3563 831 3616 Plinii
852 3566 910 3615 Nat.
929 3566 994 3617 Hist.
1013 3566 1108 3628 XVlll,
1126 3568 1172 3629 66,
1191 3568 1206 3632 5
1224 3568 1280 3619 tit.
1300 3595 1327 3605 -
1347 3570 1389 3632 qui
1406 3568 1448 3620 bis
1465 3568 1573 3618 habeti
1591 3594 1618 3603 -

291 3646 316 3697 2.
335 3644 503 3694 duem
518 3641 530 3691 4
546 3666 574 3676 -
599 3641 625 3689 io
641 3653 694 3690 om.
714 3640 762 3699 iv;
787 3640 821 3690 de
839 3638 952 3691 lectione
974 3645 1034 3705 post
1049 3641 1157 3703 aliquem
1174 3644 1200 3693 in
1217 3644 1251 3693 iv
1268 3644 1336 3695 conl.
1355 3658 1436 3709 supra
1453 3641 1486 3693 ad
1504 3657 1530 3708 p.
1545 3640 1618 3701 4404,

290 3720 332 3772 48.
353 3746 380 3758 -
399 3720 445 3769 boc
461 3730 514 3768 om.
532 3718 544 3765 t
560 3740 589 3752 -
612 3715 640 3765 lo
655 3716 820 3779 pisdiotorem
836 3716 845 3764 i
866 3741 893 3751 -
916 3714 940 3765 3.
958 3715 1085 3765 corumpi
1101 3718 1212 3782 scripsi:
1235 3720 1391 3771 4444444444
1407 3722 1431 3774 t:
1455 3719 1620 3769 roruuiiotum

291 3795 325 3854 b;
342 3792 482 3845 4444444444
497 3793 546 3852 4ος
566 3790 696 3841 4444444444
710 3803 741 3850 v;
764 3791 896 3854 confictam
911 3802 941 3851 4,
959 3792 990 3842 nt
1006 3792 1075 3842 coni.
1094 3792 1221 3845 Muretus.
1235 3819 1263 3831 -·
1281 3808 1363 3845 conss
1378 3797 1405 3845 is
1422 3798 1445 3852 t;
1462 3806 1513 3845 oon
1527 3791 1619 3843 444444

293 3900 321 3912 ..
339 3869 364 3923 s.
380 3882 452 3933 pour
466 3871 491 3928 4;
506 3868 584 3932 pouit
599 3868 607 3918 i
625 3894 653 3905 -
675 3881 712 3919 oe
728 3880 773 3932 spo
788 3867 918 3917 Faernus:
941 3879 977 3917 ors
991 3872 1020 3917 44
1034 3879 1079 3930 opo
1097 3868 1150 3917 mei
1168 3871 1195 3919 et
1212 3870 1246 3925 0;
1265 3873 1307 3922 ost
1323 3873 1413 3923 444444
1428 3874 1457 3919 ut
1479 3870 1505 3921 in
1525 3870 1537 3920 t
1558 3880 1617 3933 sup.

290 3944 336 3998 lin.
354 3944 404 3997 sed
426 3957 465 4009 pr.
484 3957 521 3996 m.
542 3970 569 3981 -
595 3943 702 3995 tolioom
722 3942 783 3992 4.-
810 3942 856 3992 boc
876 3942 884 3991 i
903 3968 931 3977 -
958 3943 982 3992 u.
1001 3941 1136 4007 4414444444
1158 3955 1172 3991 4
1193 3970 1220 3981 -
1247 3946 1389 3997 ecculm
1406 3946 1548 3997 bianutius:
1571 3958 1618 3995 ec·

290 4020 383 4071 44444444
406 4020 459 4069 mel
482 4044 509 4054 -
533 4017 677 4080 istocsocis
699 4018 757 4066 l-
782 4016 806 4067 6.
825 4016 943 4079 quatinus
962 4015 1025 4065 obt
1048 4042 1074 4051 —
1099 4017 1223 4067 iorderam
1246 4021 1303 4069 t-
1332 4032 1512 4083 queosqucmos
1534 4032 1562 4081 a,
1590 4020 1619 4069 ut

291 4097 360 4146 coni.
378 4095 513 4146 Ferrarius
529 4093 598 4153 (coll.
617 4107 645 4159 p.
659 4095 735 4145 lione.
748 4092 823 4143 Com.
843 4090 911 4156 flii:
930 4104 1072 4154 quosquam
1089 4106 1120 4143 oo
1136 4093 1180 4156 (od
1192 4096 1272 4159 corr.)
1285 4095 1316 4156 b;
1336 4107 1490 4158 quamquam
1505 4108 1550 4145 osc
1567 4096 1616 4154 tv;

291 4182 437 4232 4444444444
458 4171 547 4231 opinor
569 4169 684 4219 oeci-
708 4167 732 4218 t.
749 4167 880 4231 [44444444]
901 4168 949 4230 ruit
967 4170 989 4228 t,
1015 4166 1073 4217 tort.
1093 4181 1125 4218 ex
1141 4170 1241 4232 [4444444
1259 4196 1287 4209 -
1311 4172 1354 4233 qui
1368 4171 1414 4219 ltcc
1428 4170 1570 4221 4444444444
1589 4196 1616 4208 -

291 4244 315 4293 s.
328 4242 394 4291 uude
409 4246 470 4306 post
482 4244 567 4306 potius
581 4244 657 4295 omi
676 4270 704 4281 -
721 4243 746 4293 e.
764 4242 810 4307 cei]
827 4243 868 4293 usi
882 4242 966 4304 444444
982 4244 1008 4299 t:
1024 4242 1065 4293 uel
1080 4245 1272 4308 muniremus
1288 4245 1495 4309 ρυηο4444444)44;
1513 4246 1619 4299 444444

291 4319 332 4368 usi
347 4331 510 4369 uomitan-
529 4315 674 4382 wndffduii
690 4321 713 4376 t;
732 4319 866 4382 quotnduo
878 4318 932 4367 mei
948 4316 1006 4369 rell.
1019 4319 1078 4369 eto
1091 4344 1120 4357 -
1139 4320 1179 4371 40.
1194 4320 1265 4371 illem
1280 4321 1376 4381 suriam
1392 4317 1484 4373 ab¹-
1502 4324 1619 4385 sapar-

291 4393 356 4445 tidus
371 4392 461 4443 lllotz:
487 4395 551 4445 iuris
566 4392 618 4457 (vei
633 4396 705 4457 444444
723 4396 747 4453 4;
774 4393 871 4443 uultu
891 4390 995 4453 abio,
1022 4392 1072 4445 sed
1091 4394 1135 4444 bic
1151 4406 1213 4445 cunr
1231 4396 1317 4447 crucis
1334 4396 1417 4466 signo.
1444 4398 1620 4449 coniecerunt

291 4467 335 4520 4144
350 4468 456 4531 dubus,
478 4468 626 4530 4444444444,
647 4468 720 4519 rebus
737 4469 784 4533 (sic
800 4468 832 4519 tl.
850 4466 1054 4531 weardenburg
1073 4468 1100 4519 in
1117 4470 1205 4532 opusc.
1223 4475 1289 4521 4444.
1308 4470 1423 4523 liarlemi
1440 4472 1504 4523 ista
1525 4486 1552 4537 p.
1570 4472 1618 4523 443

291 4548 320 4595 44
341 4546 403 4610 posi
423 4555 486 4595 eum
501 4543 597 4595 4444444
618 4544 645 4594 in
664 4543 723 4594 Vor.
741 4544 817 4593 tecit
835 4544 858 4605 l,
877 4556 904 4607 p.
921 4544 973 4606 ti.)
992 4570 1020 4581 -
1047 4545 1086 4594 sui
1103 4546 1114 4595 4
1132 4572 1158 4583 -
1176 4559 1202 4607 p.
1221 4559 1244 4595 r.
1264 4546 1272 4594 i
1289 4570 1317 4583 ·-
1340 4547 1377 4597 u.
1396 4548 1499 4599 44444444
1515 4547 1616 4601 abir:

291 4619 421 4687 4444444444
436 4618 475 4669 40
494 4644 521 4655 -
539 4618 580 4669 43.
598 4623 683 4668 rostro
699 4620 831 4669 Faernus:
848 4618 929 4668 tortio
944 4620 1012 4679 mel;
1031 4621 1125 4679 Ostiam
1136 4623 1165 4671 Α.
1179 4622 1221 4672 W.
1235 4622 1330 4685 Zumpt
1345 4622 1370 4673 in
1384 4628 1513 4675 4444444444.
1526 4624 1555 4674 ds
1566 4624 1617 4674 Cic.

291 4696 326 4746 od
341 4696 414 4745 Brut.
432 4696 484 4743 cet.
501 4692 572 4755 epist.
591 4690 684 4754 tlierol.
703 4692 775 4755 itit)
794 4706 820 4757 p.
838 4691 880 4753 34,
898 4694 953 4743 not.
970 4694 996 4743 4.
1017 4720 1045 4731 -
1063 4697 1103 4747 43.
1122 4698 1268 4758 comperiat
1284 4699 1295 4747 4
1312 4722 1340 4735 ·-
1356 4698 1471 4759 4444444444
1487 4711 1541 4751 om.
1560 4700 1571 4749 t
1587 4723 1614 4734 -

292 4769 550 4822 4444444444-
573 4771 675 4819 444-
699 4772 767 4819 stul
789 4780 818 4819 a:
840 4768 910 4823 utt;
932 4768 1050 4829 etiv0;
1072 4771 1416 4833 ot--ssemtom.b¹-
1435 4775 1615 4825 44444444-

291 4842 1617 4908 444444444444-4444444-44444444-46.44444444.444444-44444444.4-44444-

290 4928 371 4972 rouro
393 4922 504 4971 44444444
522 4917 603 4970 abit
624 4920 717 4981 (munic
733 4918 776 4980 bl:
799 4918 910 4967 44444444
924 4923 1036 4969 minen
1052 4922 1097 4971 40
1116 4946 1142 4957 -
1163 4922 1279 4985 patefeci
1299 4923 1351 4975 mei
1368 4924 1427 4987 (sed
1443 4920 1615 4985 b¹potefoci):

287 4997 430 5060 putescito
447 5006 509 5046 cum
526 4994 604 5045 codd.
624 4994 744 5045 fenarii.
762 5006 843 5055 «quoe
859 4996 901 5044 444
918 5006 1010 5045 accus.
1030 4999 1114 5046 neutr.
1133 4994 1219 5061 plur.;
1242 4998 1309 5049 liaeo
1325 4997 1432 5051 consilia
1450 4997 1618 5048 adversario·

291 5086 352 5123 rum
364 5072 453 5123 omnia
469 5082 514 5122 444
530 5072 597 5135 ipsa,
615 5069 642 5120 id
654 5069 726 5132 quod
742 5070 894 5128 detumeat,
912 5067 1096 5119 monilestavit.
1115 5069 1197 5133 Vulgo
1211 5074 1316 5133 44444444
1327 5077 1355 5123 44
1370 5061 1461 5125 contra
1479 5071 1534 5122 Cic.
1552 5084 1618 5123 con-

291 5147 461 5200 suetudinem
478 5148 505 5197 et
521 5158 601 5211 prava
618 5146 774 5196 4444444444.»
793 5142 943 5205 Oratelli).
960 5168 988 5178 -
1007 5143 1048 5193 49.
1065 5144 1115 5206 ssd]
1132 5147 1223 5207 quodi
1242 5174 1268 5185 -
1286 5149 1361 5199 totius
1377 5148 1410 5199 b:
1428 5148 1551 5208 uuupuo
1566 5146 1617 5210 (to-

291 5222 378 5286 44444.)
394 5221 485 5282 altr,
503 5223 533 5271 nt
548 5218 648 5284 aliquid
665 5219 796 5271 excidisse
813 5219 942 5271 videatur.
956 5242 984 5255 -
1002 5219 1145 5280 operiretur
1161 5224 1172 5271 t
1190 5248 1217 5259 -
1235 5223 1276 5274 444.
1294 5225 1321 5275 Ρ.
1339 5224 1439 5275 omui
1457 5248 1485 5259 -
1503 5221 1616 5284 apuleia

290 5296 381 5349 abta:
395 5296 510 5360 Appio
524 5296 607 5347 -44,
621 5294 976 5348 torui-indescocaab:
994 5296 1136 5361 toccum,
1152 5298 1399 5363 siopomenon.
1413 5297 1443 5347 iv
1457 5297 1611 5349 -stodii
