4009 6159
433 591 517 660 4050
746 595 898 663 ORATIO
918 597 999 704 b'liO
1018 597 1056 663 Ι..
1077 595 1279 663 00thwa
1300 596 1431 662 BAIAEO

258 755 317 810 ·*'’'
433 764 472 828 de
493 757 851 862 uelamentis,(t[¹fil.0·
872 753 1096 849 Voconiulde
1117 766 1284 831 mulierum
1302 766 1546 843 hereditatibus;
1565 767 1747 833 mnumera-

432 859 510 922 biles
532 859 611 924 aliae
632 860 718 943 leges
741 861 779 924 de
802 860 887 925 civili
908 861 976 924 iure
998 869 1072 925 sunt
1092 861 1191 924 lataez
1213 879 1292 944 quas
1312 859 1417 923 Latini
1438 860 1623 935 voluerunt,
1644 861 1746 926 adsci-

431 959 558 1016 verunt:
587 953 656 1037 ipsa
684 954 821 1038 denique
848 953 944 1030 Iulia,
972 974 1036 1038 qua
1061 954 1131 1038 lege
1158 954 1266 1018 civitas
1288 962 1336 1018 eat
1355 955 1450 1019 sociis
1471 961 1503 1018 et
1523 955 1643 1018 Latinis
1664 955 1748 1029 dats,

306 1091 308 1096 ,
433 1045 487 1132 qui
508 1045 600 1112 fundi
621 1048 729 1131 populi
750 1048 825 1114 facti
846 1068 912 1112 non
927 1055 1041 1124 essent,
1063 1048 1220 1113 civitatem
1233 1067 1297 1110 non
1311 1047 1472 1113 baberent.
1502 1048 1539 1110 ln
1556 1068 1621 1132 quo
1636 1069 1749 1133 magna

407 1140 592 1204 oeontentio
614 1141 864 1206 Heracliensium
886 1148 918 1205 et
936 1141 1214 1224 Neapolitanorum
1236 1139 1313 1216 luit,
1334 1162 1406 1205 8848
1426 1161 1539 1224 magna
1559 1162 1634 1224 pars
1653 1143 1748 1208 iniis

273 1227 307 1332 Is
431 1235 610 1300 civitatibus
631 1236 767 1301 oederis
790 1237 839 1301 sui
868 1236 1045 1301 libertatem
1065 1235 1184 1299 civitati
1207 1235 1385 1298 anteferret.
1418 1237 1579 1300 Postremo
1600 1237 1681 1312 baec
1698 1237 1749 1302 ris

431 1336 481 1391 est
500 1329 591 1393 istius
613 1337 645 1393 et
664 1331 742 1396 iuris
764 1340 796 1395 et
815 1331 918 1406 verbi,
945 1338 982 1394 ut
1010 1328 1100 1394 fundi
1129 1328 1239 1412 populi
1268 1326 1421 1393 benefimo
1449 1340 1574 1404 nostro,
1604 1351 1669 1394 non
1691 1351 1749 1396 suo

431 1421 500 1484 iure
521 1418 607 1488 liant.
650 1419 701 1487 22.
724 1424 801 1489 Cum
822 1424 941 1508 aliquid
957 1424 1095 1507 populus
1111 1423 1271 1486 Romanus
1285 1424 1393 1497 iussit,
1415 1422 1447 1484 id
1462 1422 1490 1486 si
1504 1430 1554 1487 est
1567 1424 1637 1488 eius
1651 1425 1750 1499 modi,

430 1523 467 1578 ut
488 1517 676 1600 quibusdam
697 1519 825 1602 populis
846 1517 913 1582 aire
934 1517 1104 1582 foederatis
1125 1516 1193 1578 sire
1215 1515 1322 1580 liberis
1343 1516 1588 1599 permittendum
1610 1537 1681 1582 esse
1702 1519 1750 1582 ri-

395 1609 558 1685 44488484,
579 1616 616 1674 ut
635 1619 774 1676 statuant
794 1612 856 1697 ipsi
876 1633 942 1676 non
964 1611 1003 1672 de
1025 1610 1157 1684 nostris,
1178 1609 1235 1674 sed
1256 1611 1296 1673 de
1315 1610 1384 1674 suis
1405 1610 1510 1685 rebus,
1532 1631 1597 1694 quo
1619 1613 1690 1675 iure
1702 1613 1750 1676 uti

431 1703 544 1780 velint,
573 1711 653 1781 turm,
679 1713 784 1770 utrum
811 1706 902 1770 fundi
929 1704 1002 1770 iacti
1025 1704 1089 1770 sint
1110 1723 1151 1766 an
1173 1723 1253 1779 non,
1280 1704 1496 1786 quaerendum
1517 1724 1588 1769 esse
1608 1707 1749 1772 videtur:

432 1800 472 1863 de
492 1805 598 1880 nostra
619 1820 694 1864 vero
716 1821 751 1864 re
773 1801 915 1885 publiea,
945 1799 985 1864 de
1007 1806 1117 1877 nostro
1138 1798 1288 1881 imperio,
1313 1798 1352 1862 de
1372 1797 1489 1878 nostris
1508 1798 1618 1874 bellis,
1642 1800 1682 1864 de
1703 1800 1750 1864 ri-

432 1894 546 1969 ctnrin,
569 1893 609 1958 de
631 1893 732 1960 salute
753 1894 870 1959 fundos
892 1893 1028 1979 populos
1050 1890 1117 1956 lieri
1139 1893 1318 1956 noluerunt.
1353 1892 1409 1954 lx.
1431 1892 1545 1976 utqui,
1567 1894 1595 1956 si
1615 1897 1750 1979 imperu-

433 1988 553 2052 toribus
582 1989 713 2063 nostris,
746 1989 774 2053 si
802 1990 942 2063 senatui,
973 1989 1000 2050 si
1029 1986 1150 2071 populo
1178 1987 1319 2051 Romano
1349 2005 1415 2048 non
1445 1984 1553 2050 licebit
1579 1988 1751 2071 propositis

396 2090 424 2137 44
432 2081 580 2166 praemiis
611 2081 724 2147 elicere
754 2102 795 2146 ex
826 2082 1006 2148 civitatibus
1035 2082 1196 2145 sociorum
1222 2087 1317 2164 atqua
1346 2079 1517 2144 amicorum
1544 2079 1751 2144 fortissimum

432 2182 526 2258 atque
548 2175 702 2258 optimum
723 2197 881 2261 quemque
903 2177 943 2241 nd
965 2174 1131 2240 subeunda
1146 2194 1205 2257 pro
1220 2174 1321 2238 salute
1336 2182 1445 2238 nostre
1459 2174 1610 2257 pericula,
1630 2195 1752 2239 summa

380 2269 385 2282 '
432 2268 568 2334 utilitate
589 2271 785 2356 tumaxime
806 2291 900 2356 saepe
920 2271 1078 2355 praesidio
1099 2269 1284 2353 periculosis
1304 2276 1400 2351 atque
1421 2269 1542 2351 asperis
1559 2269 1751 2352 temporibus

433 2362 604 2426 carendum
624 2364 716 2429 nobis
737 2367 806 2428 erit.
849 2362 900 2429 23.
923 2365 1003 2440 Sed,
1029 2384 1086 2447 par
1107 2363 1185 2427 deos
1206 2362 1414 2426 immortaleal
1447 2377 1531 2452 qpap
1551 2369 1601 2426 est
1620 2363 1680 2426 iata
1700 2382 1753 2427 so·

433 2454 545 2531 uictas,
573 2477 653 2540 quae
675 2458 830 2534 amicitia,
860 2458 947 2544 quod
968 2457 1096 2532 foedus,
1119 2463 1155 2520 ut
1174 2465 1229 2521 aut
1249 2464 1356 2520 nostra
1378 2455 1487 2520 civitae
1508 2455 1665 2519 arentin
1686 2457 1752 2520 suis

395 2550 583 2632 topericulis
599 2539 801 2618 'Massiliensi
828 2559 1078 2638 propugnatore,
1107 2558 1214 2615 careat
1243 2550 1413 2625 Gaditano,
1441 2557 1547 2613 eareat
1568 2549 1751 2631 Saguntino,

433 2651 504 2719 aut,
526 2645 554 2708 si
576 2647 648 2730 quis
671 2666 713 2710 ex
733 2647 773 2710 iis
794 2648 921 2730 populis
944 2648 985 2710 sit
1001 2653 1143 2719 exortus,
1166 2645 1221 2729 qni
1235 2649 1360 2707 nostros
1375 2644 1472 2707 duces
1490 2643 1610 2708 auxilio
1623 2643 1752 2716 laboris,

433 2748 625 2804 commeatus
646 2739 787 2824 periculo
810 2761 867 2804 auo
891 2741 1022 2814 iuverit,
1044 2740 1099 2824 qui
1119 2760 1193 2802 cum
1214 2738 1305 2802 boote
1325 2745 1433 2802 nostro
1447 2737 1622 2802 comminus
1635 2737 1670 2800 in
1683 2737 1751 2800 acie

434 2853 529 2918 saepe
551 2837 715 2919 pugnant,
739 2837 794 2920 qui
817 2856 852 2900 se
874 2855 969 2918 saepe
991 2835 1064 2899 telis
1084 2834 1239 2907 bostium,
1260 2831 1316 2917 qui
1338 2832 1534 2896 dimicationi
1547 2831 1675 2914 capitis,
1696 2833 1752 2915 qui

433 2930 527 2992 morti
557 2930 725 3004 obiecerit,
756 2929 844 2994 nulla
871 2930 1053 2994 conditione
1077 2928 1172 2994 buius
1192 2927 1327 2991 civitatis
1354 2925 1501 3008 praemiis
1522 2922 1605 2989 affici
1626 2924 1751 3009 possiti

393 3018 484 3086 8444.
504 3024 632 3090 Etenim
651 3027 686 3088 in
707 3025 858 3108 populum
879 3025 1056 3088 Romanurn
1078 3042 1172 3106 praue
1193 3030 1257 3095 est,
1288 3040 1353 3084 non
1382 3039 1477 3103 posse
1506 3020 1552 3083 uti
1580 3020 1676 3084 sociis
1697 3039 1752 3082 ex-

433 3118 558 3184 cellenti
581 3121 695 3184 virtute
717 3119 885 3204 praeditis,
906 3121 960 3201 qui
980 3117 1083 3182 velint
1104 3136 1177 3180 cum
1198 3115 1346 3199 periculis
1366 3115 1483 3179 nostris
1504 3132 1562 3176 sua
1580 3113 1753 3176 communi·

433 3232 522 3277 care:
545 3217 579 3278 in
601 3215 705 3278 socios
726 3233 802 3277 vero
823 3213 909 3297 ipsos
931 3213 1018 3275 etin
1040 3231 1115 3286 eos,
1137 3210 1176 3274 de
1199 3209 1315 3293 quibus
1336 3208 1474 3291 spinum
1500 3206 1677 3271 foederatos
1705 3206 1753 3268 in·

432 3307 585 3371 iuriosum
615 3315 647 3370 et
675 3307 938 3372 contumeliosum
966 3314 1032 3380 eat,
1058 3305 1097 3369 iis
1124 3304 1271 3387 praemiis
1293 3309 1326 3366 et
1351 3302 1391 3365 iis
1410 3300 1586 3366 bonoribus
1606 3299 1753 3365 exclusos

245 3401 280 3504 3
289 3407 390 3506 (3⁸5²
434 3421 503 3466 esse
532 3401 731 3465 fidelissimos
761 3409 794 3465 et
821 3399 1096 3472 coniunctissimos
1124 3397 1245 3471 socios,
1272 3415 1354 3484 quac
1383 3402 1512 3479 pateant
1531 3392 1753 3479 stipendiariis,

396 3502 562 3579 upateant
586 3493 745 3570 hostibus,
777 3501 906 3579 pateant
935 3512 1031 3578 saepe
1059 3493 1170 3557 servis.
1212 3493 1291 3554 Nam
1319 3489 1541 3572 stipendiarios
1570 3508 1612 3551 ex
1638 3486 1753 3562 birico,

435 3589 559 3665 Sicilia,
581 3587 739 3665 Sardinia,
769 3587 882 3653 ceteris
903 3587 1072 3673 provinciis
1100 3584 1217 3649 multos
1245 3583 1371 3649 civitate
1392 3582 1528 3647 donatos
1547 3581 1692 3646 ridemus
1712 3589 1753 3655 et,

436 3683 491 3770 qui
512 3681 620 3746 bostcs
641 3683 682 3747 ad
704 3691 828 3748 nostros
849 3683 1055 3766 imperotores
1076 3677 1289 3765 perfugissent
1308 3685 1343 3741 et
1361 3696 1476 3760 magno
1490 3677 1563 3740 usui
1583 3676 1630 3740 rei
1649 3674 1753 3758 publi-

435 3798 491 3842 cae
512 3784 640 3840 nostrae
660 3777 812 3853 luissent,
833 3778 951 3842 scimus
972 3775 1097 3840 civitate
1118 3793 1188 3837 esce
1210 3772 1360 3847 donatos,
1382 3789 1490 3835 servos
1505 3770 1652 3854 danique,
1664 3766 1753 3852 (qno-

434 3891 504 3934 rum
527 3870 595 3945 ius,
615 3869 758 3946 fortuna,
782 3871 923 3935 conditio
945 3869 1055 3955 infima
1076 3856 1143 3955 est)
1166 3867 1248 3930 bene
1270 3865 1311 3927 da
1331 3885 1365 3928 re
1387 3864 1514 3948 publica
1534 3863 1662 3928 meritos
1683 3883 1754 3948 par-

396 3981 529 4048 oesaepe
550 3964 714 4040 libertate,
732 3965 767 4029 id
789 3973 838 4030 est
858 3965 985 4030 civitate
1006 3961 1135 4047 publice
1157 3959 1269 4024 donari
1291 3956 1486 4024 videbamus.

232 3885 295 3960 mi-

501 4248 525 4298 4.
542 4247 645 4308 tulitque
661 4242 943 4308 pammenius&
962 4242 1018 4292 48444
1034 4239 1245 4303 puocoalusE-
1264 4239 1288 4289 2.
1307 4237 1521 4288 8848888444-
1539 4236 1755 4288 &mactamus

436 4318 812 4386 c;et.p.788,tt.2t.27.
833 4344 860 4354 -
879 4317 1083 4381 ltrlbtsPG-
1102 4318 1127 4370 8.
1145 4315 1477 4370 cumulem-cuatus.
1495 4315 1529 4372 1³3
1553 4312 1656 4362 84844848
1677 4311 1707 4362 (3¹
1726 4337 1753 4347 -

435 4399 460 4450 o.
476 4397 562 4460 populi
578 4394 636 4447 G¹E
654 4421 681 4432 —
701 4397 742 4446 44.
759 4395 857 4445 uiduae
877 4393 1015 4458 Rumpflus
1038 4395 1135 4458 (Prope.
1154 4393 1217 4444 Gtu.
1235 4405 1259 4441 a.
1278 4389 1350 4452 48444
1373 4393 1401 4441 et
1420 4403 1477 4440 var.
1495 4387 1556 4439 lect
1573 4386 1752 4450 Naugeriana:

434 4473 548 4524 84488448
565 4471 623 4522 CO.
650 4469 689 4521 ct.
707 4483 762 4520 var.
781 4467 840 4519 lect.
859 4481 887 4532 p.
905 4465 979 4528 4038,
991 4467 1033 4518 34.
1052 4468 1124 4528 4049,
1142 4469 1183 4519 48.
1201 4467 1275 4527 tuot,
1292 4466 1332 4516 43.
1347 4491 1374 4502 -
1395 4465 1435 4517 43.
1453 4469 1482 4515 84
1497 4463 1552 4526 outa
1567 4458 1756 4524 macometica

435 4543 494 4598 P¹E
513 4573 540 4584 -
564 4544 604 4596 44.
621 4545 761 4608 populoque
778 4545 879 4594 ,44888
895 4544 956 4593 Ρ-
974 4545 1150 4613 4884888444
1165 4544 1185 4593 Ρ
1202 4567 1229 4578 -
1248 4542 1288 4590 tl.
1305 4540 1450 4602 periculosis
1464 4534 1624 4600 Madvigius:
1639 4533 1756 4598 periculis

437 4624 472 4682 (33
489 4621 647 4686 iupcricutta
663 4621 724 4670 0-
743 4620 783 4672 48.
801 4617 954 4669 immortates
969 4619 1086 4669 om.GE
1104 4643 1133 4655 -
1150 4617 1192 4667 44.
1210 4616 1242 4665 its
1258 4627 1324 4666 uos:
1344 4613 1381 4663 lu'a
1396 4615 1429 4672 Pl
1446 4613 1495 4662 44444
1511 4611 1589 4662 (4440
1604 4636 1631 4647 -
1649 4609 1754 4669 asscito,

435 4697 536 4758 labore,
559 4700 698 4748 8848848848
722 4693 875 4746 Lenrbinus.
899 4718 928 4728 -
958 4693 999 4743 22.
1023 4693 1160 4743 8884484884
1184 4692 1248 4741 PG:
1278 4689 1471 4740 88880880-
1497 4685 1756 4750 supraposui:

438 4786 538 4837 -eepa
560 4785 585 4823 se
605 4771 656 4822 GE
675 4797 702 4808 -
725 4769 864 4821 44488848
882 4765 1015 4818 eda-
1038 4763 1524 4827 emur-tuscanorum
1544 4765 1580 4811 84
1601 4759 1753 4823 larome:

437 4847 776 4913 Eumae-·prcoao—
798 4843 914 4908 488484
935 4841 1074 4892 484441-
1095 4838 1380 4891 summussos
1399 4865 1425 4872 -
1449 4833 1756 4898 484448488844484444

437 4925 500 4975 PG:
518 4917 843 4985 uspamluutusso
860 4945 888 4956 -
912 4918 954 4968 40.
972 4915 1158 4977 conituactiel‘3
1180 4913 1388 4964 coniunctostil}
1406 4939 1434 4949 -
1451 4909 1756 4976 stipendariis--stipeu-

437 4999 523 5050 dorioa
544 4999 593 5050 GE
615 5023 643 5034 —
667 4995 708 5047 30.
731 4996 845 5045 acml’:
868 4991 1117 5044 8884846440-
1140 4988 1340 5054 88148644-
1362 4985 1759 5051 summanr-emo

438 5072 525 5126 rc¹n
543 5098 571 5110 -
595 5067 856 5124 4488884844-
881 5071 984 5120 meaos
1004 5079 1056 5118 uu
1076 5067 1171 5117 ua·
1195 5064 1516 5128 3448888888-
1541 5060 1708 5127 spamus
1727 5083 1755 5096 -

439 5151 479 5201 84.
497 5149 619 5204 44484844.
636 5150 669 5204 Ρ;
692 5145 830 5197 libertum
846 5145 904 5196 (3¹ss
926 5167 954 5180 -
978 5143 1005 5194 44
1020 5139 1064 5205 cat]
1079 5140 1145 5191 4488
1161 5140 1218 5204 (per
1234 5139 1430 5204 compendium)
1448 5141 1482 5199 63
1499 5137 1592 5189 444488
1607 5138 1628 5189 Ε
1646 5162 1673 5174 -
1692 5137 1759 5188 8484-

438 5229 514 5276 484848
531 5225 561 5276 (44
577 5250 606 5260 -
630 5221 835 5286 publicadooarc'
854 5217 927 5272 P2E:
951 5217 1067 5282 publicae
1085 5216 1177 5266 488884
1196 5214 1239 5272 P¹;
1265 5215 1357 5265 488844
1373 5213 1470 5277 publiea
1489 5213 1581 5265 488844
1602 5215 1645 5276 (³¹3
1668 5210 1759 5264 488884

437 5300 534 5368 publico
549 5295 581 5356 c'
599 5326 625 5336 -
643 5296 787 5357 4444448444
802 5296 840 5350 C:
856 5295 968 5347 8448884
983 5305 1048 5346 cnm
1063 5290 1169 5345 duobus
1185 5290 1265 5343 codd.
1282 5292 1385 5344 Oxonn.
1402 5287 1606 5342 8444888080.
