<?xml version="1.0" encoding="UTF-8"?>
<!DOCTYPE html PUBLIC "-//W3C//DTD XHTML 1.0 Transitional//EN"
    "http://www.w3.org/TR/xhtml1/DTD/xhtml1-transitional.dtd">
<html xmlns="http://www.w3.org/1999/xhtml" xml:lang="en" lang="en">
 <head>
  <title>
</title>
<meta http-equiv="Content-Type" content="text/html;charset=utf-8" />
  <meta name='ocr-system' content='tesseract 3.04.00' />
  <meta name='ocr-capabilities' content='ocr_page ocr_carea ocr_par ocr_line ocrx_word'/>
</head>
<body>
  <div class='ocr_page' id='page_1' title='image "./mtulliiciceroni01baitgoog_0402.png"; bbox 0 0 4009 6159; ppageno 0'>
   <div class='ocr_carea' id='block_1_1' title="bbox 704 602 1612 699">
    <p class='ocr_par' dir='ltr' id='par_1_1' title="bbox 704 602 1612 699">
     <span class='ocr_line' id='line_1_1' title="bbox 704 602 1612 699; baseline -0.008 -21"><span class='ocrx_word' id='word_1_1' title='bbox 704 612 779 678; x_wconf 78' lang='lat' dir='ltr'><strong>Car.</strong></span> <span class='ocrx_word' id='word_1_2' title='bbox 799 613 969 678; x_wconf 81' lang='lat' dir='ltr'><strong>xl-xli</strong></span> <span class='ocrx_word' id='word_1_3' title='bbox 995 609 1043 699; x_wconf 65' lang='lat' dir='ltr'><strong>§S</strong></span> <span class='ocrx_word' id='word_1_4' title='bbox 1063 610 1208 680; x_wconf 78' lang='lat' dir='ltr'><strong>att-35.</strong></span> <span class='ocrx_word' id='word_1_5' title='bbox 1530 602 1612 672; x_wconf 76' lang='lat' dir='ltr'><strong>tile</strong></span> 
     </span>
    </p>
   </div>
   <div class='ocr_carea' id='block_1_2' title="bbox 291 779 1812 1616">
    <p class='ocr_par' dir='ltr' id='par_1_2' title="bbox 293 779 1612 868">
     <span class='ocr_line' id='line_1_2' title="bbox 293 779 1612 868; baseline -0.006 -18"><span class='ocrx_word' id='word_1_6' title='bbox 293 786 457 850; x_wconf 76' lang='lat' dir='ltr'><strong>daverunt.</strong></span> <span class='ocrx_word' id='word_1_7' title='bbox 490 783 550 847; x_wconf 82' lang='lat' dir='ltr'><strong>libi</strong></span> <span class='ocrx_word' id='word_1_8' title='bbox 571 803 645 868; x_wconf 92' lang='lat' dir='ltr'><strong>ergo</strong></span> <span class='ocrx_word' id='word_1_9' title='bbox 666 782 721 847; x_wconf 90' lang='lat' dir='ltr'><strong>ille</strong></span> <span class='ocrx_word' id='word_1_10' title='bbox 742 786 834 848; x_wconf 83' lang='lat' dir='ltr'><strong>moal</strong></span> <span class='ocrx_word' id='word_1_11' title='bbox 853 784 909 848; x_wconf 91' lang='lat' dir='ltr'><strong>ubi</strong></span> <span class='ocrx_word' id='word_1_12' title='bbox 928 783 1125 849; x_wconf 88' lang='lat' dir='ltr'><strong>consuetudo</strong></span> <span class='ocrx_word' id='word_1_13' title='bbox 1145 783 1355 849; x_wconf 79' lang='lat' dir='ltr'><strong>iudiciorum:</strong></span> <span class='ocrx_word' id='word_1_14' title='bbox 1376 780 1432 846; x_wconf 92' lang='lat' dir='ltr'><strong>ubi</strong></span> <span class='ocrx_word' id='word_1_15' title='bbox 1446 779 1612 865; x_wconf 75' lang='lat' dir='ltr'><strong>exemplat</strong></span> 
     </span>
    </p>

    <p class='ocr_par' dir='ltr' id='par_1_3' title="bbox 293 875 1613 963">
     <span class='ocr_line' id='line_1_3' title="bbox 293 875 1613 963; baseline -0.003 -21"><span class='ocrx_word' id='word_1_16' title='bbox 293 877 431 942; x_wconf 90' lang='lat' dir='ltr'><strong>Soletis</strong></span> <span class='ocrx_word' id='word_1_17' title='bbox 453 875 559 940; x_wconf 91' lang='lat' dir='ltr'><strong>dicere</strong></span> <span class='ocrx_word' id='word_1_18' title='bbox 582 879 615 941; x_wconf 91' lang='lat' dir='ltr'><strong>in</strong></span> <span class='ocrx_word' id='word_1_19' title='bbox 637 897 727 952; x_wconf 90' lang='lat' dir='ltr'><strong>eum,</strong></span> <span class='ocrx_word' id='word_1_20' title='bbox 757 877 813 961; x_wconf 94' lang='lat' dir='ltr'><strong>qui</strong></span> <span class='ocrx_word' id='word_1_21' title='bbox 834 879 1000 962; x_wconf 88' lang='lat' dir='ltr'><strong>pecuniam</strong></span> <span class='ocrx_word' id='word_1_22' title='bbox 1022 878 1158 962; x_wconf 88' lang='lat' dir='ltr'><strong>redegit,</strong></span> <span class='ocrx_word' id='word_1_23' title='bbox 1184 879 1239 963; x_wconf 91' lang='lat' dir='ltr'><strong>qui</strong></span> <span class='ocrx_word' id='word_1_24' title='bbox 1260 879 1293 942; x_wconf 94' lang='lat' dir='ltr'><strong>in</strong></span> <span class='ocrx_word' id='word_1_25' title='bbox 1314 876 1419 952; x_wconf 92' lang='lat' dir='ltr'><strong>illum,</strong></span> <span class='ocrx_word' id='word_1_26' title='bbox 1441 875 1532 939; x_wconf 89' lang='lat' dir='ltr'><strong>euius</strong></span> <span class='ocrx_word' id='word_1_27' title='bbox 1553 893 1613 938; x_wconf 90' lang='lat' dir='ltr'><strong>no-</strong></span> 
     </span>
    </p>

    <p class='ocr_par' dir='ltr' id='par_1_4' title="bbox 292 966 1612 1057">
     <span class='ocr_line' id='line_1_4' title="bbox 292 966 1612 1057; baseline -0.004 -22"><span class='ocrx_word' id='word_1_28' title='bbox 292 972 379 1036; x_wconf 92' lang='lat' dir='ltr'><strong>mine</strong></span> <span class='ocrx_word' id='word_1_29' title='bbox 401 990 439 1034; x_wconf 90' lang='lat' dir='ltr'><strong>ea</strong></span> <span class='ocrx_word' id='word_1_30' title='bbox 459 971 593 1054; x_wconf 90' lang='lat' dir='ltr'><strong>pecunia</strong></span> <span class='ocrx_word' id='word_1_31' title='bbox 614 970 824 1053; x_wconf 76' lang='lat' dir='ltr'><strong>redigeretur,</strong></span> <span class='ocrx_word' id='word_1_32' title='bbox 846 991 911 1035; x_wconf 90' lang='lat' dir='ltr'><strong>non</strong></span> <span class='ocrx_word' id='word_1_33' title='bbox 926 972 1062 1035; x_wconf 71' lang='lat' dir='ltr'><strong>dixerit?</strong></span> <span class='ocrx_word' id='word_1_34' title='bbox 1098 969 1150 1036; x_wconf 78' lang='grc'><strong>32.</strong></span> <span class='ocrx_word' id='word_1_35' title='bbox 1171 971 1237 1057; x_wconf 77' lang='lat' dir='ltr'><strong>A&#39;ge</strong></span> <span class='ocrx_word' id='word_1_36' title='bbox 1259 972 1287 1034; x_wconf 88' lang='lat' dir='ltr'><strong>si</strong></span> <span class='ocrx_word' id='word_1_37' title='bbox 1308 971 1345 1046; x_wconf 89' lang='lat' dir='ltr'><strong>is,</strong></span> <span class='ocrx_word' id='word_1_38' title='bbox 1367 970 1423 1052; x_wconf 94' lang='lat' dir='ltr'><strong>qui</strong></span> <span class='ocrx_word' id='word_1_39' title='bbox 1440 989 1506 1033; x_wconf 93' lang='lat' dir='ltr'><strong>non</strong></span> <span class='ocrx_word' id='word_1_40' title='bbox 1520 966 1612 1041; x_wconf 85' lang='lat' dir='ltr'><strong>dixit,</strong></span> 
     </span>
    </p>

    <p class='ocr_par' dir='ltr' id='par_1_5' title="bbox 292 1064 1613 1148">
     <span class='ocr_line' id='line_1_5' title="bbox 292 1064 1613 1148; baseline -0.005 -18"><span class='ocrx_word' id='word_1_41' title='bbox 292 1064 384 1136; x_wconf 88' lang='lat' dir='ltr'><strong>solet,</strong></span> <span class='ocrx_word' id='word_1_42' title='bbox 406 1065 543 1128; x_wconf 79' lang='lat' dir='ltr'><strong>etiamne</strong></span> <span class='ocrx_word' id='word_1_43' title='bbox 564 1065 592 1127; x_wconf 89' lang='lat' dir='ltr'><strong>is</strong></span> <span class='ocrx_word' id='word_1_44' title='bbox 606 1064 705 1138; x_wconf 87' lang='lat' dir='ltr'><strong>solet,</strong></span> <span class='ocrx_word' id='word_1_45' title='bbox 729 1064 784 1148; x_wconf 94' lang='lat' dir='ltr'><strong>qui</strong></span> <span class='ocrx_word' id='word_1_46' title='bbox 805 1064 967 1129; x_wconf 85' lang='lat' dir='ltr'><strong>landavitl</strong></span> <span class='ocrx_word' id='word_1_47' title='bbox 989 1065 1092 1130; x_wconf 91' lang='lat' dir='ltr'><strong>lsdem</strong></span> <span class='ocrx_word' id='word_1_48' title='bbox 1114 1067 1246 1131; x_wconf 88' lang='lat' dir='ltr'><strong>testibus</strong></span> <span class='ocrx_word' id='word_1_49' title='bbox 1266 1072 1297 1129; x_wconf 92' lang='lat' dir='ltr'><strong>et</strong></span> <span class='ocrx_word' id='word_1_50' title='bbox 1311 1064 1440 1148; x_wconf 89' lang='lat' dir='ltr'><strong>quidem</strong></span> <span class='ocrx_word' id='word_1_51' title='bbox 1454 1083 1517 1126; x_wconf 94' lang='lat' dir='ltr'><strong>non</strong></span> <span class='ocrx_word' id='word_1_52' title='bbox 1538 1077 1613 1144; x_wconf 90' lang='lat' dir='ltr'><strong>pro·</strong></span> 
     </span>
    </p>

    <p class='ocr_par' dir='ltr' id='par_1_6' title="bbox 292 1157 1637 1244">
     <span class='ocr_line' id='line_1_6' title="bbox 292 1157 1637 1244; baseline -0.004 -23"><span class='ocrx_word' id='word_1_53' title='bbox 292 1157 411 1231; x_wconf 89' lang='lat' dir='ltr'><strong>ductis,</strong></span> <span class='ocrx_word' id='word_1_54' title='bbox 433 1158 489 1221; x_wconf 89' lang='lat' dir='ltr'><strong>sed</strong></span> <span class='ocrx_word' id='word_1_55' title='bbox 510 1157 602 1221; x_wconf 88' lang='lat' dir='ltr'><strong>dictis</strong></span> <span class='ocrx_word' id='word_1_56' title='bbox 624 1159 749 1221; x_wconf 91' lang='lat' dir='ltr'><strong>testium</strong></span> <span class='ocrx_word' id='word_1_57' title='bbox 772 1159 927 1234; x_wconf 90' lang='lat' dir='ltr'><strong>recitatis,</strong></span> <span class='ocrx_word' id='word_1_58' title='bbox 949 1160 1041 1243; x_wconf 90' lang='lat' dir='ltr'><strong>quasi</strong></span> <span class='ocrx_word' id='word_1_59' title='bbox 1062 1160 1275 1244; x_wconf 83' lang='lat' dir='ltr'><strong>praeiudicata</strong></span> <span class='ocrx_word' id='word_1_60' title='bbox 1295 1179 1347 1222; x_wconf 90' lang='lat' dir='ltr'><strong>res</strong></span> <span class='ocrx_word' id='word_1_61' title='bbox 1368 1157 1408 1224; x_wconf 91' lang='lat' dir='ltr'><strong>ad</strong></span> <span class='ocrx_word' id='word_1_62' title='bbox 1428 1158 1486 1222; x_wconf 89' lang='lat' dir='ltr'><strong>bas</strong></span> <span class='ocrx_word' id='word_1_63' title='bbox 1502 1170 1637 1220; x_wconf 85' lang='lat' dir='ltr'><strong>oausasn</strong></span> 
     </span>
    </p>

    <p class='ocr_par' dir='ltr' id='par_1_7' title="bbox 291 1242 1812 1431">
     <span class='ocr_line' id='line_1_7' title="bbox 292 1242 1812 1338; baseline -0.003 -24"><span class='ocrx_word' id='word_1_64' title='bbox 292 1251 406 1315; x_wconf 90' lang='lat' dir='ltr'><strong>delerri</strong></span> <span class='ocrx_word' id='word_1_65' title='bbox 437 1252 528 1316; x_wconf 86' lang='lat' dir='ltr'><strong>solet.</strong></span> <span class='ocrx_word' id='word_1_66' title='bbox 570 1244 704 1332; x_wconf 66' lang='lat' dir='ltr'><strong>xilla:</strong></span> <span class='ocrx_word' id='word_1_67' title='bbox 731 1253 776 1314; x_wconf 91' lang='lat' dir='ltr'><strong>ait</strong></span> <span class='ocrx_word' id='word_1_68' title='bbox 797 1251 892 1314; x_wconf 92' lang='lat' dir='ltr'><strong>etiam</strong></span> <span class='ocrx_word' id='word_1_69' title='bbox 913 1272 1003 1314; x_wconf 91' lang='lat' dir='ltr'><strong>mens</strong></span> <span class='ocrx_word' id='word_1_70' title='bbox 1023 1251 1187 1316; x_wconf 85' lang='lat' dir='ltr'><strong>familiaris</strong></span> <span class='ocrx_word' id='word_1_71' title='bbox 1209 1260 1241 1317; x_wconf 90' lang='lat' dir='ltr'><strong>et</strong></span> <span class='ocrx_word' id='word_1_72' title='bbox 1261 1242 1471 1334; x_wconf 86' lang='lat' dir='ltr'><strong>necessarius)</strong></span> <span class='ocrx_word' id='word_1_73' title='bbox 1482 1250 1612 1337; x_wconf 84' lang='lat' dir='ltr'><strong>eandem</strong></span> <span class='ocrx_word' id='word_1_74' title='bbox 1713 1253 1812 1338; x_wconf 47' lang='lat' dir='ltr'><strong>„fl-{v</strong></span> 
     </span>
     <span class='ocr_line' id='line_1_8' title="bbox 291 1338 1615 1431; baseline -0.005 -21"><span class='ocrx_word' id='word_1_75' title='bbox 291 1365 417 1410; x_wconf 87' lang='lat' dir='ltr'><strong>eausam</strong></span> <span class='ocrx_word' id='word_1_76' title='bbox 438 1345 662 1409; x_wconf 76' lang='lat' dir='ltr'><strong>Alexandrinis</strong></span> <span class='ocrx_word' id='word_1_77' title='bbox 689 1338 805 1420; x_wconf 67' lang='lat' dir='ltr'><strong>luisse,</strong></span> <span class='ocrx_word' id='word_1_78' title='bbox 834 1366 891 1408; x_wconf 89' lang='lat' dir='ltr'><strong>cur</strong></span> <span class='ocrx_word' id='word_1_79' title='bbox 911 1345 1076 1409; x_wconf 86' lang='lat' dir='ltr'><strong>laudarent</strong></span> <span class='ocrx_word' id='word_1_80' title='bbox 1097 1346 1282 1421; x_wconf 88' lang='lat' dir='ltr'><strong>Gabinium,</strong></span> <span class='ocrx_word' id='word_1_81' title='bbox 1307 1367 1389 1431; x_wconf 90' lang='lat' dir='ltr'><strong>quae</strong></span> <span class='ocrx_word' id='word_1_82' title='bbox 1411 1343 1488 1408; x_wconf 92' lang='lat' dir='ltr'><strong>mibi</strong></span> <span class='ocrx_word' id='word_1_83' title='bbox 1508 1342 1615 1416; x_wconf 84' lang='lat' dir='ltr'><strong>luerit,</strong></span> 
     </span>
    </p>

    <p class='ocr_par' dir='ltr' id='par_1_8' title="bbox 292 1434 1615 1616">
     <span class='ocr_line' id='line_1_9' title="bbox 292 1434 1615 1514; baseline -0.003 -12"><span class='ocrx_word' id='word_1_84' title='bbox 292 1459 349 1503; x_wconf 90' lang='lat' dir='ltr'><strong>cur</strong></span> <span class='ocrx_word' id='word_1_85' title='bbox 378 1460 451 1502; x_wconf 91' lang='lat' dir='ltr'><strong>eum</strong></span> <span class='ocrx_word' id='word_1_86' title='bbox 481 1438 694 1502; x_wconf 84' lang='lat' dir='ltr'><strong>defenderem.</strong></span> <span class='ocrx_word' id='word_1_87' title='bbox 731 1438 821 1513; x_wconf 87' lang='lat' dir='ltr'><strong>Mihi,</strong></span> <span class='ocrx_word' id='word_1_88' title='bbox 853 1437 886 1500; x_wconf 86' lang='lat' dir='ltr'><strong>C.</strong></span> <span class='ocrx_word' id='word_1_89' title='bbox 907 1440 1052 1514; x_wconf 91' lang='lat' dir='ltr'><strong>Memmi,</strong></span> <span class='ocrx_word' id='word_1_90' title='bbox 1081 1459 1176 1503; x_wconf 90' lang='lat' dir='ltr'><strong>causa</strong></span> <span class='ocrx_word' id='word_1_91' title='bbox 1197 1438 1386 1503; x_wconf 91' lang='lat' dir='ltr'><strong>delendendi</strong></span> <span class='ocrx_word' id='word_1_92' title='bbox 1409 1436 1532 1502; x_wconf 88' lang='lat' dir='ltr'><strong>Gabinii</strong></span> <span class='ocrx_word' id='word_1_93' title='bbox 1553 1434 1615 1498; x_wconf 84' lang='lat' dir='ltr'><strong>luit</strong></span> 
     </span>
     <span class='ocr_line' id='line_1_10' title="bbox 293 1532 1614 1616; baseline -0.003 -20"><span class='ocrx_word' id='word_1_94' title='bbox 293 1532 508 1596; x_wconf 75' lang='lat' dir='ltr'><strong>reconciliatio</strong></span> <span class='ocrx_word' id='word_1_95' title='bbox 529 1534 663 1614; x_wconf 87' lang='lat' dir='ltr'><strong>gratiae:</strong></span> <span class='ocrx_word' id='word_1_96' title='bbox 684 1553 790 1616; x_wconf 92' lang='lat' dir='ltr'><strong>neque</strong></span> <span class='ocrx_word' id='word_1_97' title='bbox 812 1552 863 1594; x_wconf 89' lang='lat' dir='ltr'><strong>me</strong></span> <span class='ocrx_word' id='word_1_98' title='bbox 887 1552 961 1596; x_wconf 92' lang='lat' dir='ltr'><strong>vero</strong></span> <span class='ocrx_word' id='word_1_99' title='bbox 983 1535 1122 1616; x_wconf 91' lang='lat' dir='ltr'><strong>paenitet</strong></span> <span class='ocrx_word' id='word_1_100' title='bbox 1143 1533 1292 1598; x_wconf 83' lang='lat' dir='ltr'><strong>mortales</strong></span> <span class='ocrx_word' id='word_1_101' title='bbox 1313 1532 1510 1604; x_wconf 89' lang='lat' dir='ltr'><strong>inimicitias,</strong></span> <span class='ocrx_word' id='word_1_102' title='bbox 1532 1550 1614 1593; x_wconf 90' lang='lat' dir='ltr'><strong>sem-</strong></span> 
     </span>
    </p>
   </div>
   <div class='ocr_carea' id='block_1_3' title="bbox 194 1622 1651 1711">
    <p class='ocr_par' dir='ltr' id='par_1_9' title="bbox 194 1622 1651 1711">
     <span class='ocr_line' id='line_1_11' title="bbox 194 1622 1651 1711; baseline 0 -22"><span class='ocrx_word' id='word_1_103' title='bbox 194 1690 198 1700; x_wconf 72' lang='lat'><strong>,</strong></span> <span class='ocrx_word' id='word_1_104' title='bbox 291 1627 431 1711; x_wconf 84' lang='lat' dir='ltr'><strong>piternas</strong></span> <span class='ocrx_word' id='word_1_105' title='bbox 452 1626 606 1690; x_wconf 89' lang='lat' dir='ltr'><strong>amicitias</strong></span> <span class='ocrx_word' id='word_1_106' title='bbox 627 1625 753 1689; x_wconf 89' lang='lat' dir='ltr'><strong>babere.</strong></span> <span class='ocrx_word' id='word_1_107' title='bbox 785 1623 837 1688; x_wconf 87' lang='grc'><strong>33.</strong></span> <span class='ocrx_word' id='word_1_108' title='bbox 858 1627 937 1688; x_wconf 89' lang='lat' dir='ltr'><strong>Nam</strong></span> <span class='ocrx_word' id='word_1_109' title='bbox 958 1627 986 1689; x_wconf 93' lang='lat' dir='ltr'><strong>si</strong></span> <span class='ocrx_word' id='word_1_110' title='bbox 1007 1646 1058 1689; x_wconf 93' lang='lat' dir='ltr'><strong>me</strong></span> <span class='ocrx_word' id='word_1_111' title='bbox 1080 1627 1211 1690; x_wconf 88' lang='lat' dir='ltr'><strong>invitum</strong></span> <span class='ocrx_word' id='word_1_112' title='bbox 1227 1635 1336 1710; x_wconf 87' lang='lat' dir='ltr'><strong>putas,</strong></span> <span class='ocrx_word' id='word_1_113' title='bbox 1358 1646 1399 1691; x_wconf 95' lang='lat' dir='ltr'><strong>ne</strong></span> <span class='ocrx_word' id='word_1_114' title='bbox 1415 1626 1470 1689; x_wconf 88' lang='lat' dir='ltr'><strong>Cn.</strong></span> <span class='ocrx_word' id='word_1_115' title='bbox 1485 1622 1614 1707; x_wconf 91' lang='lat' dir='ltr'><strong>Pompei</strong></span> <span class='ocrx_word' id='word_1_116' title='bbox 1624 1642 1651 1689; x_wconf 78' lang='lat' dir='ltr'><strong>:o</strong></span> 
     </span>
    </p>
   </div>
   <div class='ocr_carea' id='block_1_4' title="bbox 291 1715 1655 3387">
    <p class='ocr_par' dir='ltr' id='par_1_10' title="bbox 291 1715 1655 3387">
     <span class='ocr_line' id='line_1_12' title="bbox 291 1715 1616 1804; baseline -0.002 -22"><span class='ocrx_word' id='word_1_117' title='bbox 291 1721 431 1783; x_wconf 88' lang='lat' dir='ltr'><strong>animum</strong></span> <span class='ocrx_word' id='word_1_118' title='bbox 461 1719 673 1794; x_wconf 76' lang='lat' dir='ltr'><strong>offenderem,</strong></span> <span class='ocrx_word' id='word_1_119' title='bbox 703 1718 884 1804; x_wconf 73' lang='lat' dir='ltr'><strong>defendisse</strong></span> <span class='ocrx_word' id='word_1_120' title='bbox 914 1715 1084 1803; x_wconf 86' lang='lat' dir='ltr'><strong>[causum],</strong></span> <span class='ocrx_word' id='word_1_121' title='bbox 1113 1727 1145 1783; x_wconf 92' lang='lat' dir='ltr'><strong>et</strong></span> <span class='ocrx_word' id='word_1_122' title='bbox 1173 1719 1262 1784; x_wconf 90' lang='lat' dir='ltr'><strong>illum</strong></span> <span class='ocrx_word' id='word_1_123' title='bbox 1288 1727 1321 1784; x_wconf 92' lang='lat' dir='ltr'><strong>et</strong></span> <span class='ocrx_word' id='word_1_124' title='bbox 1340 1740 1391 1784; x_wconf 89' lang='lat' dir='ltr'><strong>me</strong></span> <span class='ocrx_word' id='word_1_125' title='bbox 1412 1718 1616 1784; x_wconf 87' lang='lat' dir='ltr'><strong>vehementer</strong></span> 
     </span>
     <span class='ocr_line' id='line_1_13' title="bbox 291 1813 1617 1899; baseline -0.001 -24"><span class='ocrx_word' id='word_1_126' title='bbox 291 1815 428 1898; x_wconf 89' lang='lat' dir='ltr'><strong>ignoras.</strong></span> <span class='ocrx_word' id='word_1_127' title='bbox 463 1814 573 1897; x_wconf 88' lang='lat' dir='ltr'><strong>Neque</strong></span> <span class='ocrx_word' id='word_1_128' title='bbox 596 1813 680 1876; x_wconf 90' lang='lat' dir='ltr'><strong>enim</strong></span> <span class='ocrx_word' id='word_1_129' title='bbox 700 1814 869 1899; x_wconf 87' lang='lat' dir='ltr'><strong>Pompeius</strong></span> <span class='ocrx_word' id='word_1_130' title='bbox 891 1832 942 1876; x_wconf 89' lang='lat' dir='ltr'><strong>me</strong></span> <span class='ocrx_word' id='word_1_131' title='bbox 962 1832 1020 1876; x_wconf 90' lang='lat' dir='ltr'><strong>sua</strong></span> <span class='ocrx_word' id='word_1_132' title='bbox 1041 1832 1136 1877; x_wconf 87' lang='lat' dir='ltr'><strong>causa</strong></span> <span class='ocrx_word' id='word_1_133' title='bbox 1151 1813 1324 1898; x_wconf 89' lang='lat' dir='ltr'><strong>quidquam</strong></span> <span class='ocrx_word' id='word_1_134' title='bbox 1344 1814 1448 1878; x_wconf 83' lang='lat' dir='ltr'><strong>tacere</strong></span> <span class='ocrx_word' id='word_1_135' title='bbox 1463 1813 1617 1876; x_wconf 90' lang='lat' dir='ltr'><strong>voluisset</strong></span> 
     </span>
     <span class='ocr_line' id='line_1_14' title="bbox 291 1906 1615 1990; baseline -0.002 -20"><span class='ocrx_word' id='word_1_136' title='bbox 291 1907 440 1982; x_wconf 86' lang='lat' dir='ltr'><strong>invitum,</strong></span> <span class='ocrx_word' id='word_1_137' title='bbox 462 1926 569 1990; x_wconf 93' lang='lat' dir='ltr'><strong>neque</strong></span> <span class='ocrx_word' id='word_1_138' title='bbox 591 1926 661 1990; x_wconf 90' lang='lat' dir='ltr'><strong>ego,</strong></span> <span class='ocrx_word' id='word_1_139' title='bbox 684 1908 734 1970; x_wconf 92' lang='lat' dir='ltr'><strong>cui</strong></span> <span class='ocrx_word' id='word_1_140' title='bbox 755 1908 897 1970; x_wconf 93' lang='lat' dir='ltr'><strong>omnium</strong></span> <span class='ocrx_word' id='word_1_141' title='bbox 912 1907 1027 1972; x_wconf 90' lang='lat' dir='ltr'><strong>civium</strong></span> <span class='ocrx_word' id='word_1_142' title='bbox 1048 1906 1175 1971; x_wconf 90' lang='lat' dir='ltr'><strong>libertas</strong></span> <span class='ocrx_word' id='word_1_143' title='bbox 1190 1907 1351 1973; x_wconf 89' lang='lat' dir='ltr'><strong>carissima</strong></span> <span class='ocrx_word' id='word_1_144' title='bbox 1365 1906 1492 1981; x_wconf 87' lang='lat' dir='ltr'><strong>fuisset,</strong></span> <span class='ocrx_word' id='word_1_145' title='bbox 1513 1924 1615 1969; x_wconf 91' lang='lat' dir='ltr'><strong>meam</strong></span> 
     </span>
     <span class='ocr_line' id='line_1_15' title="bbox 291 1999 1616 2085; baseline -0.003 -21"><span class='ocrx_word' id='word_1_146' title='bbox 291 2001 506 2084; x_wconf 88' lang='lat' dir='ltr'><strong>proiecissem.</strong></span> <span class='ocrx_word' id='word_1_147' title='bbox 540 2001 617 2072; x_wconf 86' lang='lat' dir='ltr'><strong>Nec,</strong></span> <span class='ocrx_word' id='word_1_148' title='bbox 643 2020 738 2085; x_wconf 88' lang='lat' dir='ltr'><strong>qnam</strong></span> <span class='ocrx_word' id='word_1_149' title='bbox 760 2000 816 2064; x_wconf 90' lang='lat' dir='ltr'><strong>diu</strong></span> <span class='ocrx_word' id='word_1_150' title='bbox 837 1999 1071 2065; x_wconf 87' lang='lat' dir='ltr'><strong>inimicissimus</strong></span> <span class='ocrx_word' id='word_1_151' title='bbox 1087 2000 1220 2064; x_wconf 87' lang='lat' dir='ltr'><strong>Gabinio</strong></span> <span class='ocrx_word' id='word_1_152' title='bbox 1240 2000 1303 2076; x_wconf 83' lang='lat' dir='ltr'><strong>fui,</strong></span> <span class='ocrx_word' id='word_1_153' title='bbox 1322 2021 1389 2064; x_wconf 91' lang='lat' dir='ltr'><strong>non</strong></span> <span class='ocrx_word' id='word_1_154' title='bbox 1409 1999 1616 2064; x_wconf 89' lang='lat' dir='ltr'><strong>amicissimus</strong></span> 
     </span>
     <span class='ocr_line' id='line_1_16' title="bbox 291 2093 1655 2178; baseline -0.001 -21"><span class='ocrx_word' id='word_1_155' title='bbox 291 2095 369 2157; x_wconf 91' lang='lat' dir='ltr'><strong>mibi</strong></span> <span class='ocrx_word' id='word_1_156' title='bbox 391 2093 558 2178; x_wconf 89' lang='lat' dir='ltr'><strong>Pompeius</strong></span> <span class='ocrx_word' id='word_1_157' title='bbox 579 2094 655 2159; x_wconf 85' lang='lat' dir='ltr'><strong>luit:</strong></span> <span class='ocrx_word' id='word_1_158' title='bbox 679 2115 755 2171; x_wconf 92' lang='lat' dir='ltr'><strong>nec,</strong></span> <span class='ocrx_word' id='word_1_159' title='bbox 777 2103 985 2178; x_wconf 90' lang='lat' dir='ltr'><strong>posteaquam</strong></span> <span class='ocrx_word' id='word_1_160' title='bbox 1007 2093 1092 2157; x_wconf 89' lang='lat' dir='ltr'><strong>illius</strong></span> <span class='ocrx_word' id='word_1_161' title='bbox 1107 2093 1293 2158; x_wconf 89' lang='lat' dir='ltr'><strong>auctoritate</strong></span> <span class='ocrx_word' id='word_1_162' title='bbox 1309 2113 1378 2158; x_wconf 91' lang='lat' dir='ltr'><strong>eam</strong></span> <span class='ocrx_word' id='word_1_163' title='bbox 1393 2094 1466 2159; x_wconf 90' lang='lat' dir='ltr'><strong>dedi</strong></span> <span class='ocrx_word' id='word_1_164' title='bbox 1481 2093 1616 2168; x_wconf 91' lang='lat' dir='ltr'><strong>veniam,</strong></span> <span class='ocrx_word' id='word_1_165' title='bbox 1625 2110 1655 2158; x_wconf 81' lang='lat' dir='ltr'><strong>a:</strong></span> 
     </span>
     <span class='ocr_line' id='line_1_17' title="bbox 292 2186 1617 2272; baseline -0.001 -21"><span class='ocrx_word' id='word_1_166' title='bbox 292 2208 387 2272; x_wconf 84' lang='lat' dir='ltr'><strong>qnam</strong></span> <span class='ocrx_word' id='word_1_167' title='bbox 418 2186 531 2261; x_wconf 91' lang='lat' dir='ltr'><strong>debui,</strong></span> <span class='ocrx_word' id='word_1_168' title='bbox 562 2186 738 2272; x_wconf 85' lang='lat' dir='ltr'><strong>quidquem</strong></span> <span class='ocrx_word' id='word_1_169' title='bbox 765 2187 912 2252; x_wconf 88' lang='lat' dir='ltr'><strong>simulate</strong></span> <span class='ocrx_word' id='word_1_170' title='bbox 941 2188 1004 2269; x_wconf 82' lang='lat' dir='ltr'><strong>egi,</strong></span> <span class='ocrx_word' id='word_1_171' title='bbox 1037 2207 1079 2250; x_wconf 90' lang='lat' dir='ltr'><strong>ne</strong></span> <span class='ocrx_word' id='word_1_172' title='bbox 1107 2207 1179 2251; x_wconf 93' lang='lat' dir='ltr'><strong>oum</strong></span> <span class='ocrx_word' id='word_1_173' title='bbox 1208 2207 1279 2252; x_wconf 88' lang='lat' dir='ltr'><strong>mea</strong></span> <span class='ocrx_word' id='word_1_174' title='bbox 1300 2189 1432 2272; x_wconf 83' lang='lat' dir='ltr'><strong>perfidia</strong></span> <span class='ocrx_word' id='word_1_175' title='bbox 1452 2188 1499 2252; x_wconf 92' lang='lat' dir='ltr'><strong>illi</strong></span> <span class='ocrx_word' id='word_1_176' title='bbox 1521 2188 1617 2252; x_wconf 89' lang='lat' dir='ltr'><strong>etiarn</strong></span> 
     </span>
     <span class='ocr_line' id='line_1_18' title="bbox 291 2279 1616 2365; baseline -0.002 -20"><span class='ocrx_word' id='word_1_177' title='bbox 291 2282 353 2365; x_wconf 91' lang='lat' dir='ltr'><strong>ipsi</strong></span> <span class='ocrx_word' id='word_1_178' title='bbox 382 2281 534 2356; x_wconf 83' lang='lat' dir='ltr'><strong>facerem,</strong></span> <span class='ocrx_word' id='word_1_179' title='bbox 563 2280 616 2344; x_wconf 93' lang='lat' dir='ltr'><strong>cui</strong></span> <span class='ocrx_word' id='word_1_180' title='bbox 645 2279 831 2344; x_wconf 86' lang='lat' dir='ltr'><strong>beneficium</strong></span> <span class='ocrx_word' id='word_1_181' title='bbox 860 2281 1035 2355; x_wconf 87' lang='lat' dir='ltr'><strong>dedissem,</strong></span> <span class='ocrx_word' id='word_1_182' title='bbox 1066 2281 1224 2345; x_wconf 88' lang='lat' dir='ltr'><strong>iniuriam.</strong></span> <span class='ocrx_word' id='word_1_183' title='bbox 1259 2285 1338 2346; x_wconf 89' lang='lat' dir='ltr'><strong>Nam</strong></span> <span class='ocrx_word' id='word_1_184' title='bbox 1367 2303 1432 2348; x_wconf 93' lang='lat' dir='ltr'><strong>non</strong></span> <span class='ocrx_word' id='word_1_185' title='bbox 1454 2281 1616 2346; x_wconf 89' lang='lat' dir='ltr'><strong>redeundo</strong></span> 
     </span>
     <span class='ocr_line' id='line_1_19' title="bbox 291 2373 1617 2460; baseline 0 -22"><span class='ocrx_word' id='word_1_186' title='bbox 291 2375 325 2438; x_wconf 93' lang='lat' dir='ltr'><strong>in</strong></span> <span class='ocrx_word' id='word_1_187' title='bbox 346 2373 478 2457; x_wconf 91' lang='lat' dir='ltr'><strong>gratiam</strong></span> <span class='ocrx_word' id='word_1_188' title='bbox 502 2393 574 2437; x_wconf 93' lang='lat' dir='ltr'><strong>cum</strong></span> <span class='ocrx_word' id='word_1_189' title='bbox 596 2373 723 2439; x_wconf 90' lang='lat' dir='ltr'><strong>inimico</strong></span> <span class='ocrx_word' id='word_1_190' title='bbox 745 2394 810 2439; x_wconf 93' lang='lat' dir='ltr'><strong>non</strong></span> <span class='ocrx_word' id='word_1_191' title='bbox 830 2374 987 2439; x_wconf 75' lang='lat' dir='ltr'><strong>violabam</strong></span> <span class='ocrx_word' id='word_1_192' title='bbox 1010 2374 1210 2458; x_wconf 88' lang='lat' dir='ltr'><strong>Pompeium:</strong></span> <span class='ocrx_word' id='word_1_193' title='bbox 1239 2377 1266 2441; x_wconf 88' lang='lat' dir='ltr'><strong>si</strong></span> <span class='ocrx_word' id='word_1_194' title='bbox 1294 2397 1352 2460; x_wconf 90' lang='lat' dir='ltr'><strong>per</strong></span> <span class='ocrx_word' id='word_1_195' title='bbox 1376 2397 1448 2442; x_wconf 91' lang='lat' dir='ltr'><strong>eum</strong></span> <span class='ocrx_word' id='word_1_196' title='bbox 1469 2376 1617 2441; x_wconf 89' lang='lat' dir='ltr'><strong>reductus</strong></span> 
     </span>
     <span class='ocr_line' id='line_1_20' title="bbox 292 2467 1618 2556; baseline -0.001 -25"><span class='ocrx_word' id='word_1_197' title='bbox 292 2468 446 2533; x_wconf 90' lang='lat' dir='ltr'><strong>insidiose</strong></span> <span class='ocrx_word' id='word_1_198' title='bbox 468 2467 639 2544; x_wconf 87' lang='lat' dir='ltr'><strong>redissem,</strong></span> <span class='ocrx_word' id='word_1_199' title='bbox 660 2488 711 2531; x_wconf 90' lang='lat' dir='ltr'><strong>me</strong></span> <span class='ocrx_word' id='word_1_200' title='bbox 733 2469 852 2532; x_wconf 90' lang='lat' dir='ltr'><strong>scilicet</strong></span> <span class='ocrx_word' id='word_1_201' title='bbox 872 2469 1023 2543; x_wconf 82' lang='lat' dir='ltr'><strong>maxime,</strong></span> <span class='ocrx_word' id='word_1_202' title='bbox 1046 2469 1103 2534; x_wconf 91' lang='lat' dir='ltr'><strong>sed</strong></span> <span class='ocrx_word' id='word_1_203' title='bbox 1124 2470 1268 2552; x_wconf 86' lang='lat' dir='ltr'><strong>proxime</strong></span> <span class='ocrx_word' id='word_1_204' title='bbox 1282 2470 1371 2534; x_wconf 93' lang='lat' dir='ltr'><strong>illum</strong></span> <span class='ocrx_word' id='word_1_205' title='bbox 1387 2490 1515 2556; x_wconf 90' lang='lat' dir='ltr'><strong>quoque</strong></span> <span class='ocrx_word' id='word_1_206' title='bbox 1528 2467 1618 2532; x_wconf 84' lang='lat' dir='ltr'><strong>lefol-</strong></span> 
     </span>
     <span class='ocr_line' id='line_1_21' title="bbox 291 2557 1654 2628; baseline 0.003 -4"><span class='ocrx_word' id='word_1_207' title='bbox 291 2563 409 2626; x_wconf 85' lang='lat' dir='ltr'><strong>lissem.</strong></span> <span class='ocrx_word' id='word_1_208' title='bbox 451 2557 502 2623; x_wconf 79' lang='grc'><strong>34.</strong></span> <span class='ocrx_word' id='word_1_209' title='bbox 524 2563 566 2624; x_wconf 76' lang='lat' dir='ltr'><strong>a:</strong></span> <span class='ocrx_word' id='word_1_210' title='bbox 595 2560 635 2624; x_wconf 90' lang='lat' dir='ltr'><strong>de</strong></span> <span class='ocrx_word' id='word_1_211' title='bbox 668 2581 718 2626; x_wconf 91' lang='lat' dir='ltr'><strong>me</strong></span> <span class='ocrx_word' id='word_1_212' title='bbox 751 2563 949 2626; x_wconf 90' lang='lat' dir='ltr'><strong>omittamus:</strong></span> <span class='ocrx_word' id='word_1_213' title='bbox 981 2562 1023 2625; x_wconf 88' lang='lat' dir='ltr'><strong>ad</strong></span> <span class='ocrx_word' id='word_1_214' title='bbox 1049 2563 1282 2627; x_wconf 79' lang='lat' dir='ltr'><strong>Alexandrinos</strong></span> <span class='ocrx_word' id='word_1_215' title='bbox 1308 2566 1387 2628; x_wconf 85' lang='lat' dir='ltr'><strong>istos</strong></span> <span class='ocrx_word' id='word_1_216' title='bbox 1414 2572 1654 2628; x_wconf 85' lang='lat' dir='ltr'><strong>revertamur.ao</strong></span> 
     </span>
     <span class='ocr_line' id='line_1_22' title="bbox 291 2654 1617 2740; baseline 0.001 -21"><span class='ocrx_word' id='word_1_217' title='bbox 291 2655 386 2732; x_wconf 86' lang='lat' dir='ltr'><strong>Quod</strong></span> <span class='ocrx_word' id='word_1_218' title='bbox 407 2655 526 2720; x_wconf 90' lang='lat' dir='ltr'><strong>habent</strong></span> <span class='ocrx_word' id='word_1_219' title='bbox 547 2655 603 2719; x_wconf 87' lang='lat' dir='ltr'><strong>osi</strong></span> <span class='ocrx_word' id='word_1_220' title='bbox 626 2675 724 2740; x_wconf 90' lang='lat' dir='ltr'><strong>quam</strong></span> <span class='ocrx_word' id='word_1_221' title='bbox 746 2655 926 2720; x_wconf 87' lang='lat' dir='ltr'><strong>audaciaml</strong></span> <span class='ocrx_word' id='word_1_222' title='bbox 948 2654 1044 2721; x_wconf 90' lang='lat' dir='ltr'><strong>Modo</strong></span> <span class='ocrx_word' id='word_1_223' title='bbox 1064 2657 1153 2720; x_wconf 89' lang='lat' dir='ltr'><strong>vobis</strong></span> <span class='ocrx_word' id='word_1_224' title='bbox 1176 2657 1423 2740; x_wconf 75' lang='lat' dir='ltr'><strong>inspectantibus</strong></span> <span class='ocrx_word' id='word_1_225' title='bbox 1444 2658 1478 2720; x_wconf 91' lang='lat' dir='ltr'><strong>in</strong></span> <span class='ocrx_word' id='word_1_226' title='bbox 1499 2657 1617 2720; x_wconf 90' lang='lat' dir='ltr'><strong>iudicio</strong></span> 
     </span>
     <span class='ocr_line' id='line_1_23' title="bbox 292 2748 1617 2835; baseline -0.001 -22"><span class='ocrx_word' id='word_1_227' title='bbox 292 2749 419 2814; x_wconf 87' lang='lat' dir='ltr'><strong>Gabinii</strong></span> <span class='ocrx_word' id='word_1_228' title='bbox 449 2749 542 2812; x_wconf 92' lang='lat' dir='ltr'><strong>tertio</strong></span> <span class='ocrx_word' id='word_1_229' title='bbox 575 2768 704 2832; x_wconf 90' lang='lat' dir='ltr'><strong>quoque</strong></span> <span class='ocrx_word' id='word_1_230' title='bbox 732 2748 829 2813; x_wconf 91' lang='lat' dir='ltr'><strong>verbo</strong></span> <span class='ocrx_word' id='word_1_231' title='bbox 851 2750 1086 2813; x_wconf 80' lang='lat' dir='ltr'><strong>excitabantur:</strong></span> <span class='ocrx_word' id='word_1_232' title='bbox 1117 2751 1274 2833; x_wconf 74' lang='lat' dir='ltr'><strong>negabant</strong></span> <span class='ocrx_word' id='word_1_233' title='bbox 1294 2751 1461 2835; x_wconf 90' lang='lat' dir='ltr'><strong>pecuniam</strong></span> <span class='ocrx_word' id='word_1_234' title='bbox 1483 2749 1617 2813; x_wconf 87' lang='lat' dir='ltr'><strong>Gabinio</strong></span> 
     </span>
     <span class='ocr_line' id='line_1_24' title="bbox 295 2841 1617 2926; baseline -0.004 -18"><span class='ocrx_word' id='word_1_235' title='bbox 295 2841 410 2908; x_wconf 86' lang='lat' dir='ltr'><strong>datam.</strong></span> <span class='ocrx_word' id='word_1_236' title='bbox 443 2842 641 2906; x_wconf 85' lang='lat' dir='ltr'><strong>Recitabatur</strong></span> <span class='ocrx_word' id='word_1_237' title='bbox 654 2844 825 2906; x_wconf 89' lang='lat' dir='ltr'><strong>identidem</strong></span> <span class='ocrx_word' id='word_1_238' title='bbox 841 2843 970 2926; x_wconf 87' lang='lat' dir='ltr'><strong>Pompei</strong></span> <span class='ocrx_word' id='word_1_239' title='bbox 986 2843 1213 2918; x_wconf 88' lang='lat' dir='ltr'><strong>testimonium,</strong></span> <span class='ocrx_word' id='word_1_240' title='bbox 1227 2863 1334 2926; x_wconf 90' lang='lat' dir='ltr'><strong>regem</strong></span> <span class='ocrx_word' id='word_1_241' title='bbox 1349 2845 1389 2909; x_wconf 94' lang='lat' dir='ltr'><strong>ad</strong></span> <span class='ocrx_word' id='word_1_242' title='bbox 1404 2865 1438 2908; x_wconf 91' lang='lat' dir='ltr'><strong>se</strong></span> <span class='ocrx_word' id='word_1_243' title='bbox 1453 2841 1617 2926; x_wconf 82' lang='lat' dir='ltr'><strong>scripsisse</strong></span> 
     </span>
     <span class='ocr_line' id='line_1_25' title="bbox 292 2934 1617 3020; baseline -0.003 -20"><span class='ocrx_word' id='word_1_244' title='bbox 292 2938 412 3000; x_wconf 91' lang='lat' dir='ltr'><strong>nullam</strong></span> <span class='ocrx_word' id='word_1_245' title='bbox 434 2938 601 3020; x_wconf 92' lang='lat' dir='ltr'><strong>pecuniam</strong></span> <span class='ocrx_word' id='word_1_246' title='bbox 618 2936 752 3000; x_wconf 91' lang='lat' dir='ltr'><strong>Gabinio</strong></span> <span class='ocrx_word' id='word_1_247' title='bbox 772 2938 833 3000; x_wconf 91' lang='lat' dir='ltr'><strong>nisi</strong></span> <span class='ocrx_word' id='word_1_248' title='bbox 853 2938 885 3000; x_wconf 92' lang='lat' dir='ltr'><strong>in</strong></span> <span class='ocrx_word' id='word_1_249' title='bbox 901 2957 966 3000; x_wconf 87' lang='lat' dir='ltr'><strong>rem</strong></span> <span class='ocrx_word' id='word_1_250' title='bbox 981 2938 1147 3000; x_wconf 89' lang='lat' dir='ltr'><strong>militarem</strong></span> <span class='ocrx_word' id='word_1_251' title='bbox 1164 2937 1278 3000; x_wconf 91' lang='lat' dir='ltr'><strong>datam.</strong></span> <span class='ocrx_word' id='word_1_252' title='bbox 1313 2940 1401 3000; x_wconf 76' lang='lat' dir='ltr'><strong>«Non</strong></span> <span class='ocrx_word' id='word_1_253' title='bbox 1418 2944 1480 3011; x_wconf 90' lang='lat' dir='ltr'><strong>est,</strong></span> <span class='ocrx_word' id='word_1_254' title='bbox 1502 2934 1617 3019; x_wconf 88' lang='lat' dir='ltr'><strong>inquit,</strong></span> 
     </span>
     <span class='ocr_line' id='line_1_26' title="bbox 291 3029 1653 3114; baseline 0.001 -21"><span class='ocrx_word' id='word_1_255' title='bbox 291 3038 358 3094; x_wconf 91' lang='lat' dir='ltr'><strong>tum</strong></span> <span class='ocrx_word' id='word_1_256' title='bbox 386 3029 610 3105; x_wconf 82' lang='lat' dir='ltr'><strong>Alexandrinis</strong></span> <span class='ocrx_word' id='word_1_257' title='bbox 643 3031 778 3093; x_wconf 88' lang='lat' dir='ltr'><strong>testibus</strong></span> <span class='ocrx_word' id='word_1_258' title='bbox 810 3031 991 3094; x_wconf 89' lang='lat' dir='ltr'><strong>creditum.r</strong></span> <span class='ocrx_word' id='word_1_259' title='bbox 1031 3030 1115 3106; x_wconf 89' lang='lat' dir='ltr'><strong>Quid</strong></span> <span class='ocrx_word' id='word_1_260' title='bbox 1138 3034 1271 3114; x_wconf 76' lang='lat' dir='ltr'><strong>posteat</strong></span> <span class='ocrx_word' id='word_1_261' title='bbox 1307 3031 1470 3094; x_wconf 73' lang='lat' dir='ltr'><strong>:Creditur</strong></span> <span class='ocrx_word' id='word_1_262' title='bbox 1498 3048 1653 3097; x_wconf 76' lang='lat' dir='ltr'><strong>nunciat</strong></span> 
     </span>
     <span class='ocr_line' id='line_1_27' title="bbox 294 3122 1615 3208; baseline -0.001 -21"><span class='ocrx_word' id='word_1_263' title='bbox 294 3123 397 3200; x_wconf 86' lang='lat' dir='ltr'><strong>Quam</strong></span> <span class='ocrx_word' id='word_1_264' title='bbox 419 3124 461 3186; x_wconf 95' lang='lat' dir='ltr'><strong>ob</strong></span> <span class='ocrx_word' id='word_1_265' title='bbox 483 3126 573 3187; x_wconf 80' lang='lat' dir='ltr'><strong>remi</strong></span> <span class='ocrx_word' id='word_1_266' title='bbox 596 3124 700 3200; x_wconf 72' lang='lat' dir='ltr'><strong>«Quia</strong></span> <span class='ocrx_word' id='word_1_267' title='bbox 714 3143 799 3186; x_wconf 92' lang='lat' dir='ltr'><strong>nuuc</strong></span> <span class='ocrx_word' id='word_1_268' title='bbox 812 3125 914 3200; x_wconf 92' lang='lat' dir='ltr'><strong>aiunt,</strong></span> <span class='ocrx_word' id='word_1_269' title='bbox 936 3123 1023 3208; x_wconf 94' lang='lat' dir='ltr'><strong>quod</strong></span> <span class='ocrx_word' id='word_1_270' title='bbox 1038 3134 1113 3188; x_wconf 95' lang='lat' dir='ltr'><strong>tunc</strong></span> <span class='ocrx_word' id='word_1_271' title='bbox 1126 3125 1313 3208; x_wconf 72' lang='lat' dir='ltr'><strong>negabant:</strong></span> <span class='ocrx_word' id='word_1_272' title='bbox 1350 3122 1401 3188; x_wconf 89' lang='lat'><strong>35.</strong></span> <span class='ocrx_word' id='word_1_273' title='bbox 1418 3124 1501 3201; x_wconf 86' lang='lat' dir='ltr'><strong>Quid</strong></span> <span class='ocrx_word' id='word_1_274' title='bbox 1516 3126 1615 3205; x_wconf 84' lang='lat' dir='ltr'><strong>ergol</strong></span> 
     </span>
     <span class='ocr_line' id='line_1_28' title="bbox 292 3216 1617 3301; baseline -0.002 -18"><span class='ocrx_word' id='word_1_275' title='bbox 292 3220 353 3283; x_wconf 89' lang='lat' dir='ltr'><strong>ista</strong></span> <span class='ocrx_word' id='word_1_276' title='bbox 376 3216 517 3280; x_wconf 86' lang='lat' dir='ltr'><strong>conditio</strong></span> <span class='ocrx_word' id='word_1_277' title='bbox 539 3225 588 3281; x_wconf 88' lang='lat' dir='ltr'><strong>est</strong></span> <span class='ocrx_word' id='word_1_278' title='bbox 608 3219 754 3292; x_wconf 90' lang='lat' dir='ltr'><strong>testium,</strong></span> <span class='ocrx_word' id='word_1_279' title='bbox 776 3227 824 3292; x_wconf 93' lang='lat' dir='ltr'><strong>ut,</strong></span> <span class='ocrx_word' id='word_1_280' title='bbox 847 3219 961 3301; x_wconf 89' lang='lat' dir='ltr'><strong>quibus</strong></span> <span class='ocrx_word' id='word_1_281' title='bbox 978 3218 1133 3281; x_wconf 89' lang='lat' dir='ltr'><strong>creditum</strong></span> <span class='ocrx_word' id='word_1_282' title='bbox 1154 3221 1278 3283; x_wconf 88' lang='lat' dir='ltr'><strong>nonsit</strong></span> <span class='ocrx_word' id='word_1_283' title='bbox 1296 3218 1494 3301; x_wconf 78' lang='lat' dir='ltr'><strong>negantibus,</strong></span> <span class='ocrx_word' id='word_1_284' title='bbox 1515 3216 1617 3281; x_wconf 88' lang='lat' dir='ltr'><strong>isdem</strong></span> 
     </span>
     <span class='ocr_line' id='line_1_29' title="bbox 291 3302 1616 3387; baseline 0 -12"><span class='ocrx_word' id='word_1_285' title='bbox 291 3302 437 3375; x_wconf 67' lang='lat' dir='ltr'><strong>credatur</strong></span> <span class='ocrx_word' id='word_1_286' title='bbox 458 3311 637 3374; x_wconf 78' lang='lat' dir='ltr'><strong>aientibus?</strong></span> <span class='ocrx_word' id='word_1_287' title='bbox 658 3315 713 3386; x_wconf 80' lang='lat' dir='ltr'><strong>At,</strong></span> <span class='ocrx_word' id='word_1_288' title='bbox 735 3311 763 3375; x_wconf 90' lang='lat' dir='ltr'><strong>si</strong></span> <span class='ocrx_word' id='word_1_289' title='bbox 785 3332 892 3376; x_wconf 88' lang='lat' dir='ltr'><strong>vemm</strong></span> <span class='ocrx_word' id='word_1_290' title='bbox 914 3318 989 3376; x_wconf 90' lang='lat' dir='ltr'><strong>tunc</strong></span> <span class='ocrx_word' id='word_1_291' title='bbox 1011 3314 1208 3377; x_wconf 87' lang='lat' dir='ltr'><strong>severissima</strong></span> <span class='ocrx_word' id='word_1_292' title='bbox 1228 3313 1331 3377; x_wconf 78' lang='lat' dir='ltr'><strong>fronte</strong></span> <span class='ocrx_word' id='word_1_293' title='bbox 1347 3311 1509 3387; x_wconf 83' lang='lat' dir='ltr'><strong>dixerunt,</strong></span> <span class='ocrx_word' id='word_1_294' title='bbox 1531 3331 1616 3375; x_wconf 94' lang='lat' dir='ltr'><strong>nunc</strong></span> 
     </span>
    </p>
   </div>
   <div class='ocr_carea' id='block_1_5' title="bbox 289 3579 1620 4997">
    <p class='ocr_par' dir='ltr' id='par_1_11' title="bbox 289 3579 1620 4997">
     <span class='ocr_line' id='line_1_30' title="bbox 358 3579 1618 3645; baseline 0 -13"><span class='ocrx_word' id='word_1_295' title='bbox 358 3582 382 3632; x_wconf 91' lang='grc'><strong>4.</strong></span> <span class='ocrx_word' id='word_1_296' title='bbox 399 3581 440 3631; x_wconf 84' lang='lat' dir='ltr'><strong>itte</strong></span> <span class='ocrx_word' id='word_1_297' title='bbox 455 3579 576 3630; x_wconf 85' lang='lat' dir='ltr'><strong>Ernestio</strong></span> <span class='ocrx_word' id='word_1_298' title='bbox 593 3582 758 3644; x_wconf 88' lang='lat' dir='ltr'><strong>suspectum.</strong></span> <span class='ocrx_word' id='word_1_299' title='bbox 777 3605 805 3616; x_wconf 97' lang='lat'><em>-</em></span> <span class='ocrx_word' id='word_1_300' title='bbox 829 3580 854 3630; x_wconf 74' lang='lat'><strong>2.</strong></span> <span class='ocrx_word' id='word_1_301' title='bbox 873 3581 954 3632; x_wconf 83' lang='grc'><strong>4444444</strong></span> <span class='ocrx_word' id='word_1_302' title='bbox 969 3579 1012 3632; x_wconf 86' lang='lat' dir='ltr'><strong>vel</strong></span> <span class='ocrx_word' id='word_1_303' title='bbox 1029 3582 1089 3633; x_wconf 83' lang='lat' dir='ltr'><strong>solat</strong></span> <span class='ocrx_word' id='word_1_304' title='bbox 1104 3583 1126 3634; x_wconf 82' lang='lat' dir='ltr'><strong>t:</strong></span> <span class='ocrx_word' id='word_1_305' title='bbox 1143 3582 1235 3634; x_wconf 79' lang='lat' dir='ltr'><strong>codd:</strong></span> <span class='ocrx_word' id='word_1_306' title='bbox 1260 3583 1350 3634; x_wconf 80' lang='lat' dir='ltr'><strong>:oletm</strong></span> <span class='ocrx_word' id='word_1_307' title='bbox 1365 3583 1388 3634; x_wconf 81' lang='lat' dir='ltr'><strong>i:</strong></span> <span class='ocrx_word' id='word_1_308' title='bbox 1403 3583 1423 3634; x_wconf 95' lang='lat'>0</span> <span class='ocrx_word' id='word_1_309' title='bbox 1441 3608 1468 3617; x_wconf 99' lang='lat'>-</span> <span class='ocrx_word' id='word_1_310' title='bbox 1485 3582 1618 3645; x_wconf 80' lang='lat' dir='ltr'><strong>pecuniam</strong></span> 
     </span>
     <span class='ocr_line' id='line_1_31' title="bbox 292 3655 1617 3722; baseline -0.002 -12"><span class='ocrx_word' id='word_1_311' title='bbox 292 3659 352 3721; x_wconf 79' lang='lat' dir='ltr'><strong>Gl‘ll</strong></span> <span class='ocrx_word' id='word_1_312' title='bbox 364 3671 395 3706; x_wconf 92' lang='lat' dir='ltr'><strong>v:</strong></span> <span class='ocrx_word' id='word_1_313' title='bbox 412 3655 520 3717; x_wconf 80' lang='lat' dir='ltr'><strong>pecunia</strong></span> <span class='ocrx_word' id='word_1_314' title='bbox 537 3656 557 3705; x_wconf 85' lang='lat' dir='ltr'>C</span> <span class='ocrx_word' id='word_1_315' title='bbox 575 3679 602 3691; x_wconf 91' lang='lat'><strong>-·</strong></span> <span class='ocrx_word' id='word_1_316' title='bbox 621 3655 716 3718; x_wconf 77' lang='lat' dir='ltr'><strong>redegit</strong></span> <span class='ocrx_word' id='word_1_317' title='bbox 731 3656 891 3718; x_wconf 78' lang='lat' dir='ltr'><strong>Naugerius:</strong></span> <span class='ocrx_word' id='word_1_318' title='bbox 910 3669 964 3708; x_wconf 83' lang='lat' dir='ltr'><strong>om.</strong></span> <span class='ocrx_word' id='word_1_319' title='bbox 983 3658 1051 3718; x_wconf 89' lang='lat' dir='ltr'><strong>CG;</strong></span> <span class='ocrx_word' id='word_1_320' title='bbox 1071 3657 1129 3710; x_wconf 89' lang='lat' dir='ltr'><strong>lort.</strong></span> <span class='ocrx_word' id='word_1_321' title='bbox 1148 3659 1191 3721; x_wconf 83' lang='lat' dir='ltr'><strong>qui</strong></span> <span class='ocrx_word' id='word_1_322' title='bbox 1207 3659 1286 3722; x_wconf 81' lang='lat' dir='ltr'><strong>coegit</strong></span> <span class='ocrx_word' id='word_1_323' title='bbox 1298 3659 1431 3720; x_wconf 72' lang='lat' dir='ltr'><strong>nouatum</strong></span> <span class='ocrx_word' id='word_1_324' title='bbox 1448 3686 1476 3697; x_wconf 87' lang='lat'>-</span> <span class='ocrx_word' id='word_1_325' title='bbox 1495 3659 1555 3722; x_wconf 80' lang='lat' dir='ltr'><strong>quio</strong></span> <span class='ocrx_word' id='word_1_326' title='bbox 1571 3660 1617 3710; x_wconf 87' lang='lat' dir='ltr'><strong>ES</strong></span> 
     </span>
     <span class='ocr_line' id='line_1_32' title="bbox 292 3729 1617 3797; baseline 0.002 -15"><span class='ocrx_word' id='word_1_327' title='bbox 292 3734 315 3782; x_wconf 85' lang='lat' dir='ltr'>v</span> <span class='ocrx_word' id='word_1_328' title='bbox 332 3735 360 3784; x_wconf 89' lang='lat' dir='ltr'><strong>et</strong></span> <span class='ocrx_word' id='word_1_329' title='bbox 375 3731 392 3784; x_wconf 86' lang='lat' dir='ltr'><strong>l</strong></span> <span class='ocrx_word' id='word_1_330' title='bbox 409 3733 473 3783; x_wconf 78' lang='lat'><strong>011.</strong></span> <span class='ocrx_word' id='word_1_331' title='bbox 493 3757 520 3768; x_wconf 96' lang='lat'><em>-</em></span> <span class='ocrx_word' id='word_1_332' title='bbox 543 3729 568 3780; x_wconf 79' lang='lat'><strong>3.</strong></span> <span class='ocrx_word' id='word_1_333' title='bbox 586 3729 608 3779; x_wconf 85' lang='grc'><strong>44</strong></span> <span class='ocrx_word' id='word_1_334' title='bbox 623 3730 651 3779; x_wconf 83' lang='lat' dir='ltr'><strong>id</strong></span> <span class='ocrx_word' id='word_1_335' title='bbox 666 3731 683 3780; x_wconf 90' lang='lat' dir='ltr'>S</span> <span class='ocrx_word' id='word_1_336' title='bbox 709 3755 736 3766; x_wconf 97' lang='lat'>-</span> <span class='ocrx_word' id='word_1_337' title='bbox 758 3731 784 3780; x_wconf 80' lang='lat' dir='ltr'><strong>n.</strong></span> <span class='ocrx_word' id='word_1_338' title='bbox 801 3731 908 3797; x_wconf 71' lang='lat' dir='ltr'><strong>tertiano]</strong></span> <span class='ocrx_word' id='word_1_339' title='bbox 929 3745 1016 3784; x_wconf 79' lang='lat' dir='ltr'><strong>eorem:</strong></span> <span class='ocrx_word' id='word_1_340' title='bbox 1031 3731 1123 3784; x_wconf 89' lang='lat' dir='ltr'><strong>maluit</strong></span> <span class='ocrx_word' id='word_1_341' title='bbox 1139 3735 1275 3794; x_wconf 81' lang='lat' dir='ltr'><strong>Garatoni,</strong></span> <span class='ocrx_word' id='word_1_342' title='bbox 1299 3739 1397 3787; x_wconf 82' lang='grc'><strong>44444444</strong></span> <span class='ocrx_word' id='word_1_343' title='bbox 1416 3734 1558 3790; x_wconf 88' lang='lat' dir='ltr'><strong>Patricius:</strong></span> <span class='ocrx_word' id='word_1_344' title='bbox 1583 3745 1617 3785; x_wconf 88' lang='lat' dir='ltr'><strong>an</strong></span> 
     </span>
     <span class='ocr_line' id='line_1_33' title="bbox 292 3805 1618 3873; baseline 0.002 -17"><span class='ocrx_word' id='word_1_345' title='bbox 292 3810 390 3860; x_wconf 77' lang='grc'><strong>44444444</strong></span> <span class='ocrx_word' id='word_1_346' title='bbox 405 3806 493 3871; x_wconf 88' lang='lat' dir='ltr'><strong>glossa</strong></span> <span class='ocrx_word' id='word_1_347' title='bbox 511 3806 571 3872; x_wconf 71' lang='lat' dir='ltr'><strong>est?</strong></span> <span class='ocrx_word' id='word_1_348' title='bbox 588 3829 616 3840; x_wconf 90' lang='lat'>-</span> <span class='ocrx_word' id='word_1_349' title='bbox 632 3805 784 3867; x_wconf 83' lang='lat' dir='ltr'><strong>preiodieati</strong></span> <span class='ocrx_word' id='word_1_350' title='bbox 801 3808 818 3856; x_wconf 88' lang='lat' dir='ltr'>S</span> <span class='ocrx_word' id='word_1_351' title='bbox 836 3834 864 3844; x_wconf 96' lang='lat'><em>-</em></span> <span class='ocrx_word' id='word_1_352' title='bbox 883 3809 907 3858; x_wconf 84' lang='grc'><strong>6.</strong></span> <span class='ocrx_word' id='word_1_353' title='bbox 926 3809 1036 3871; x_wconf 73' lang='lat' dir='ltr'><strong>conteni</strong></span> <span class='ocrx_word' id='word_1_354' title='bbox 1052 3809 1086 3866; x_wconf 84' lang='lat' dir='ltr'><strong>E:</strong></span> <span class='ocrx_word' id='word_1_355' title='bbox 1109 3810 1206 3873; x_wconf 70' lang='lat' dir='ltr'><strong>adseri</strong></span> <span class='ocrx_word' id='word_1_356' title='bbox 1221 3809 1370 3861; x_wconf 85' lang='lat' dir='ltr'><strong>Turnebus.</strong></span> <span class='ocrx_word' id='word_1_357' title='bbox 1396 3812 1459 3861; x_wconf 87' lang='lat' dir='ltr'><strong>Post</strong></span> <span class='ocrx_word' id='word_1_358' title='bbox 1477 3809 1537 3860; x_wconf 83' lang='lat' dir='ltr'><strong>solet</strong></span> <span class='ocrx_word' id='word_1_359' title='bbox 1553 3811 1573 3860; x_wconf 92' lang='grc'>0</span> <span class='ocrx_word' id='word_1_360' title='bbox 1590 3811 1618 3860; x_wconf 85' lang='grc'><strong>44</strong></span> 
     </span>
     <span class='ocr_line' id='line_1_34' title="bbox 292 3880 1617 3946; baseline -0.002 -11"><span class='ocrx_word' id='word_1_361' title='bbox 292 3883 366 3935; x_wconf 82' lang='lat' dir='ltr'><strong>illota</strong></span> <span class='ocrx_word' id='word_1_362' title='bbox 383 3881 451 3933; x_wconf 89' lang='lat' dir='ltr'><strong>mele</strong></span> <span class='ocrx_word' id='word_1_363' title='bbox 469 3881 573 3944; x_wconf 88' lang='lat' dir='ltr'><strong>signum</strong></span> <span class='ocrx_word' id='word_1_364' title='bbox 590 3880 800 3943; x_wconf 83' lang='lat' dir='ltr'><strong>interrogationis</strong></span> <span class='ocrx_word' id='word_1_365' title='bbox 816 3881 868 3932; x_wconf 85' lang='lat' dir='ltr'><strong>iam</strong></span> <span class='ocrx_word' id='word_1_366' title='bbox 885 3883 1036 3933; x_wconf 87' lang='lat' dir='ltr'><strong>aTurnebo</strong></span> <span class='ocrx_word' id='word_1_367' title='bbox 1054 3881 1188 3935; x_wconf 88' lang='lat' dir='ltr'><strong>sublatum</strong></span> <span class='ocrx_word' id='word_1_368' title='bbox 1204 3882 1313 3934; x_wconf 87' lang='lat' dir='ltr'><strong>babent.</strong></span> <span class='ocrx_word' id='word_1_369' title='bbox 1332 3883 1415 3944; x_wconf 79' lang='lat' dir='ltr'><strong>«Quid</strong></span> <span class='ocrx_word' id='word_1_370' title='bbox 1429 3882 1525 3935; x_wconf 90' lang='lat' dir='ltr'><strong>clarius</strong></span> <span class='ocrx_word' id='word_1_371' title='bbox 1537 3895 1617 3946; x_wconf 88' lang='lat' dir='ltr'><strong>quem</strong></span> 
     </span>
     <span class='ocr_line' id='line_1_35' title="bbox 292 3955 1617 4024; baseline -0.002 -15"><span class='ocrx_word' id='word_1_372' title='bbox 292 3956 404 4010; x_wconf 84' lang='lat' dir='ltr'><strong>&#39;lollium</strong></span> <span class='ocrx_word' id='word_1_373' title='bbox 425 3956 529 4018; x_wconf 88' lang='lat' dir='ltr'><strong>dicere,</strong></span> <span class='ocrx_word' id='word_1_374' title='bbox 553 3969 612 4006; x_wconf 87' lang='lat' dir='ltr'><strong>rem</strong></span> <span class='ocrx_word' id='word_1_375' title='bbox 634 3955 842 4020; x_wconf 82' lang='lat' dir='ltr'><strong>praeiudicatum</strong></span> <span class='ocrx_word' id='word_1_376' title='bbox 859 3958 977 4022; x_wconf 91' lang='lat' dir='ltr'><strong>quodam</strong></span> <span class='ocrx_word' id='word_1_377' title='bbox 994 3959 1075 4009; x_wconf 92' lang='lat' dir='ltr'><strong>modo</strong></span> <span class='ocrx_word' id='word_1_378' title='bbox 1093 3971 1125 4008; x_wconf 84' lang='lat' dir='ltr'><strong>ex</strong></span> <span class='ocrx_word' id='word_1_379' title='bbox 1142 3959 1279 4024; x_wconf 88' lang='lat' dir='ltr'><strong>superiore</strong></span> <span class='ocrx_word' id='word_1_380' title='bbox 1297 3959 1504 4024; x_wconf 88' lang='lat' dir='ltr'><strong>repetundarum</strong></span> <span class='ocrx_word' id='word_1_381' title='bbox 1521 3957 1617 4008; x_wconf 83' lang='lat' dir='ltr'><strong>iudicio</strong></span> 
     </span>
     <span class='ocr_line' id='line_1_36' title="bbox 293 4031 1617 4098; baseline -0.002 -14"><span class='ocrx_word' id='word_1_382' title='bbox 293 4033 327 4084; x_wconf 89' lang='lat' dir='ltr'><strong>ad</strong></span> <span class='ocrx_word' id='word_1_383' title='bbox 343 4034 395 4084; x_wconf 86' lang='lat' dir='ltr'><strong>boc</strong></span> <span class='ocrx_word' id='word_1_384' title='bbox 413 4045 478 4094; x_wconf 76' lang='lat' dir='ltr'><strong>«qao</strong></span> <span class='ocrx_word' id='word_1_385' title='bbox 493 4045 524 4082; x_wconf 86' lang='lat' dir='ltr'><strong>ec</strong></span> <span class='ocrx_word' id='word_1_386' title='bbox 536 4031 646 4094; x_wconf 75' lang='grc'><strong>44444444</strong></span> <span class='ocrx_word' id='word_1_387' title='bbox 658 4033 814 4093; x_wconf 70' lang='lat' dir='ltr'><strong>pomonam·</strong></span> <span class='ocrx_word' id='word_1_388' title='bbox 831 4031 929 4083; x_wconf 84' lang='lat' dir='ltr'><strong>deterri</strong></span> <span class='ocrx_word' id='word_1_389' title='bbox 946 4032 1033 4084; x_wconf 89' lang='lat' dir='ltr'><strong>solere</strong></span> <span class='ocrx_word' id='word_1_390' title='bbox 1051 4048 1083 4084; x_wconf 83' lang='lat' dir='ltr'><strong>er</strong></span> <span class='ocrx_word' id='word_1_391' title='bbox 1105 4035 1221 4098; x_wconf 81' lang='lat' dir='ltr'><strong>itaquae</strong></span> <span class='ocrx_word' id='word_1_392' title='bbox 1240 4036 1321 4085; x_wconf 88' lang='lat' dir='ltr'><strong>testes</strong></span> <span class='ocrx_word' id='word_1_393' title='bbox 1341 4036 1367 4085; x_wconf 91' lang='lat' dir='ltr'><strong>in</strong></span> <span class='ocrx_word' id='word_1_394' title='bbox 1384 4033 1426 4085; x_wconf 90' lang='lat' dir='ltr'><strong>illo</strong></span> <span class='ocrx_word' id='word_1_395' title='bbox 1443 4034 1539 4084; x_wconf 87' lang='lat' dir='ltr'><strong>iudicio</strong></span> <span class='ocrx_word' id='word_1_396' title='bbox 1556 4035 1617 4083; x_wconf 87' lang='lat' dir='ltr'><strong>ante</strong></span> 
     </span>
     <span class='ocr_line' id='line_1_37' title="bbox 292 4106 1617 4173; baseline -0.002 -13"><span class='ocrx_word' id='word_1_397' title='bbox 292 4109 418 4167; x_wconf 85' lang='lat' dir='ltr'><strong>dixerint,</strong></span> <span class='ocrx_word' id='word_1_398' title='bbox 436 4109 465 4157; x_wconf 90' lang='lat' dir='ltr'><strong>ut</strong></span> <span class='ocrx_word' id='word_1_399' title='bbox 481 4121 515 4157; x_wconf 91' lang='lat' dir='ltr'><strong>ne</strong></span> <span class='ocrx_word' id='word_1_400' title='bbox 532 4106 712 4172; x_wconf 85' lang='lat' dir='ltr'><strong>producentur</strong></span> <span class='ocrx_word' id='word_1_401' title='bbox 728 4107 836 4170; x_wconf 89' lang='lat' dir='ltr'><strong>quidem</strong></span> <span class='ocrx_word' id='word_1_402' title='bbox 853 4109 964 4169; x_wconf 90' lang='lat' dir='ltr'><strong>iterum,</strong></span> <span class='ocrx_word' id='word_1_403' title='bbox 987 4108 1037 4160; x_wconf 90' lang='lat' dir='ltr'><strong>sed</strong></span> <span class='ocrx_word' id='word_1_404' title='bbox 1060 4122 1153 4160; x_wconf 90' lang='lat' dir='ltr'><strong>eorum</strong></span> <span class='ocrx_word' id='word_1_405' title='bbox 1176 4111 1326 4160; x_wconf 88' lang='lat' dir='ltr'><strong>testimonla</strong></span> <span class='ocrx_word' id='word_1_406' title='bbox 1343 4123 1375 4160; x_wconf 86' lang='lat' dir='ltr'><strong>ex</strong></span> <span class='ocrx_word' id='word_1_407' title='bbox 1393 4109 1488 4160; x_wconf 86' lang='lat' dir='ltr'><strong>tabulis</strong></span> <span class='ocrx_word' id='word_1_408' title='bbox 1507 4106 1617 4173; x_wconf 88' lang='lat' dir='ltr'><strong>puhlicis</strong></span> 
     </span>
     <span class='ocr_line' id='line_1_38' title="bbox 292 4182 1618 4250; baseline 0 -16"><span class='ocrx_word' id='word_1_409' title='bbox 292 4185 464 4236; x_wconf 67' lang='lat' dir='ltr'><strong>recitentur..</strong></span> <span class='ocrx_word' id='word_1_410' title='bbox 485 4183 622 4232; x_wconf 73' lang='lat' dir='ltr'><strong>(iurarem.</strong></span> <span class='ocrx_word' id='word_1_411' title='bbox 642 4209 669 4218; x_wconf 94' lang='lat'><em>-</em></span> <span class='ocrx_word' id='word_1_412' title='bbox 688 4183 712 4232; x_wconf 88' lang='grc'><strong>’4.</strong></span> <span class='ocrx_word' id='word_1_413' title='bbox 732 4182 914 4232; x_wconf 75' lang='grc'><strong>4444444444444</strong></span> <span class='ocrx_word' id='word_1_414' title='bbox 930 4183 949 4235; x_wconf 83' lang='grc'><strong>44</strong></span> <span class='ocrx_word' id='word_1_415' title='bbox 967 4209 995 4220; x_wconf 93' lang='grc'>-</span> <span class='ocrx_word' id='word_1_416' title='bbox 1015 4183 1148 4250; x_wconf 78' lang='lat' dir='ltr'><strong>:arlais</strong></span> <span class='ocrx_word' id='word_1_417' title='bbox 1167 4213 1194 4222; x_wconf 99' lang='lat'>-</span> <span class='ocrx_word' id='word_1_418' title='bbox 1211 4185 1288 4249; x_wconf 73' lang='lat' dir='ltr'><strong>fucrit</strong></span> <span class='ocrx_word' id='word_1_419' title='bbox 1304 4187 1447 4237; x_wconf 87' lang='lat' dir='ltr'><strong>Manutius:</strong></span> <span class='ocrx_word' id='word_1_420' title='bbox 1469 4185 1552 4248; x_wconf 74' lang='lat' dir='ltr'><strong>fuerat</strong></span> <span class='ocrx_word' id='word_1_421' title='bbox 1569 4196 1618 4234; x_wconf 88' lang='lat' dir='ltr'><strong>eo·</strong></span> 
     </span>
     <span class='ocr_line' id='line_1_39' title="bbox 292 4255 1617 4324; baseline -0.002 -14"><span class='ocrx_word' id='word_1_422' title='bbox 292 4260 375 4311; x_wconf 88' lang='lat' dir='ltr'><strong>dices.</strong></span> <span class='ocrx_word' id='word_1_423' title='bbox 387 4286 422 4296; x_wconf 91' lang='lat'>-</span> <span class='ocrx_word' id='word_1_424' title='bbox 438 4259 462 4308; x_wconf 86' lang='lat'><strong>8.</strong></span> <span class='ocrx_word' id='word_1_425' title='bbox 475 4271 531 4307; x_wconf 86' lang='lat' dir='ltr'><strong>eum</strong></span> <span class='ocrx_word' id='word_1_426' title='bbox 542 4257 696 4321; x_wconf 71' lang='lat' dir='ltr'><strong>defenderem</strong></span> <span class='ocrx_word' id='word_1_427' title='bbox 711 4257 822 4321; x_wconf 83' lang='lat' dir='ltr'><strong>scripsi:</strong></span> <span class='ocrx_word' id='word_1_428' title='bbox 841 4258 944 4307; x_wconf 78' lang='lat' dir='ltr'><strong>eundern</strong></span> <span class='ocrx_word' id='word_1_429' title='bbox 955 4255 1088 4324; x_wconf 82' lang='lat' dir='ltr'><strong>(mmdem)</strong></span> <span class='ocrx_word' id='word_1_430' title='bbox 1099 4259 1252 4318; x_wconf 75' lang='lat' dir='ltr'><strong>defenderer:</strong></span> <span class='ocrx_word' id='word_1_431' title='bbox 1264 4259 1341 4310; x_wconf 86' lang='lat' dir='ltr'><strong>codd.</strong></span> <span class='ocrx_word' id='word_1_432' title='bbox 1355 4263 1382 4310; x_wconf 93' lang='lat' dir='ltr'><strong>et</strong></span> <span class='ocrx_word' id='word_1_433' title='bbox 1394 4260 1414 4310; x_wconf 91' lang='lat'>0</span> <span class='ocrx_word' id='word_1_434' title='bbox 1429 4285 1455 4296; x_wconf 90' lang='lat'><strong>-·</strong></span> <span class='ocrx_word' id='word_1_435' title='bbox 1473 4259 1584 4310; x_wconf 85' lang='lat' dir='ltr'><strong>Memmii</strong></span> <span class='ocrx_word' id='word_1_436' title='bbox 1600 4259 1617 4307; x_wconf 90' lang='lat' dir='ltr'>S</span> 
     </span>
     <span class='ocr_line' id='line_1_40' title="bbox 294 4331 1619 4397; baseline -0.001 -13"><span class='ocrx_word' id='word_1_437' title='bbox 294 4362 320 4372; x_wconf 98' lang='lat'>-</span> <span class='ocrx_word' id='word_1_438' title='bbox 341 4336 381 4385; x_wconf 81' lang='lat' dir='ltr'><strong>to.</strong></span> <span class='ocrx_word' id='word_1_439' title='bbox 400 4332 525 4382; x_wconf 82' lang='lat' dir='ltr'><strong>amicitia:</strong></span> <span class='ocrx_word' id='word_1_440' title='bbox 539 4345 626 4396; x_wconf 76' lang='lat' dir='ltr'><strong>gerere</strong></span> <span class='ocrx_word' id='word_1_441' title='bbox 646 4331 738 4383; x_wconf 89' lang='lat' dir='ltr'><strong>maluit</strong></span> <span class='ocrx_word' id='word_1_442' title='bbox 754 4331 847 4382; x_wconf 80' lang='lat' dir='ltr'><strong>lamb.</strong></span> <span class='ocrx_word' id='word_1_443' title='bbox 867 4357 895 4368; x_wconf 89' lang='lat'>-</span> <span class='ocrx_word' id='word_1_444' title='bbox 919 4333 1019 4394; x_wconf 77' lang='lat' dir='ltr'><strong>Pompei</strong></span> <span class='ocrx_word' id='word_1_445' title='bbox 1037 4334 1072 4384; x_wconf 87' lang='lat' dir='ltr'><strong>E:</strong></span> <span class='ocrx_word' id='word_1_446' title='bbox 1094 4336 1202 4396; x_wconf 84' lang='lat' dir='ltr'><strong>Pompeii</strong></span> <span class='ocrx_word' id='word_1_447' title='bbox 1219 4337 1238 4386; x_wconf 92' lang='lat'>0</span> <span class='ocrx_word' id='word_1_448' title='bbox 1258 4362 1285 4372; x_wconf 96' lang='lat'>-</span> <span class='ocrx_word' id='word_1_449' title='bbox 1308 4335 1349 4386; x_wconf 90' lang='grc'><strong>44.</strong></span> <span class='ocrx_word' id='word_1_450' title='bbox 1367 4347 1470 4386; x_wconf 82' lang='lat' dir='ltr'><strong>caesara</strong></span> <span class='ocrx_word' id='word_1_451' title='bbox 1486 4333 1619 4397; x_wconf 67' lang='lat' dir='ltr'><strong>defendisse</strong></span> 
     </span>
     <span class='ocr_line' id='line_1_41' title="bbox 292 4401 1619 4472; baseline -0.002 -11"><span class='ocrx_word' id='word_1_452' title='bbox 292 4414 325 4469; x_wconf 81' lang='lat' dir='ltr'><strong>G:</strong></span> <span class='ocrx_word' id='word_1_453' title='bbox 346 4409 480 4472; x_wconf 74' lang='grc'><strong>(4444444444</strong></span> <span class='ocrx_word' id='word_1_454' title='bbox 496 4411 519 4457; x_wconf 86' lang='lat' dir='ltr'><strong>et</strong></span> <span class='ocrx_word' id='word_1_455' title='bbox 534 4420 638 4456; x_wconf 85' lang='lat' dir='ltr'><strong>causam</strong></span> <span class='ocrx_word' id='word_1_456' title='bbox 654 4406 758 4466; x_wconf 61' lang='lat' dir='ltr'><strong>lamb:</strong></span> <span class='ocrx_word' id='word_1_457' title='bbox 783 4407 890 4457; x_wconf 83' lang='lat' dir='ltr'><strong>Weiske</strong></span> <span class='ocrx_word' id='word_1_458' title='bbox 912 4410 1064 4470; x_wconf 86' lang='lat' dir='ltr'><strong>genetivum</strong></span> <span class='ocrx_word' id='word_1_459' title='bbox 1082 4410 1115 4460; x_wconf 89' lang='lat' dir='ltr'><strong>ad</strong></span> <span class='ocrx_word' id='word_1_460' title='bbox 1132 4424 1237 4461; x_wconf 77' lang='lat' dir='ltr'><strong>comam</strong></span> <span class='ocrx_word' id='word_1_461' title='bbox 1253 4401 1426 4472; x_wconf 85' lang='lat' dir='ltr'><strong>desideravit,</strong></span> <span class='ocrx_word' id='word_1_462' title='bbox 1449 4409 1498 4460; x_wconf 87' lang='lat' dir='ltr'><strong>sed</strong></span> <span class='ocrx_word' id='word_1_463' title='bbox 1514 4408 1619 4458; x_wconf 91' lang='lat' dir='ltr'><strong>videtur</strong></span> 
     </span>
     <span class='ocr_line' id='line_1_42' title="bbox 291 4481 1618 4550; baseline -0.001 -14"><span class='ocrx_word' id='word_1_464' title='bbox 291 4487 379 4550; x_wconf 86' lang='lat' dir='ltr'><strong>potius</strong></span> <span class='ocrx_word' id='word_1_465' title='bbox 399 4496 503 4533; x_wconf 82' lang='lat' dir='ltr'><strong>causam</strong></span> <span class='ocrx_word' id='word_1_466' title='bbox 523 4481 655 4547; x_wconf 87' lang='lat' dir='ltr'><strong>glossema</strong></span> <span class='ocrx_word' id='word_1_467' title='bbox 679 4496 748 4534; x_wconf 87' lang='lat' dir='ltr'><strong>esse.</strong></span> <span class='ocrx_word' id='word_1_468' title='bbox 766 4509 801 4520; x_wconf 91' lang='lat'><strong>·-</strong></span> <span class='ocrx_word' id='word_1_469' title='bbox 822 4482 860 4534; x_wconf 87' lang='grc'><strong>44.</strong></span> <span class='ocrx_word' id='word_1_470' title='bbox 879 4484 1039 4534; x_wconf 73' lang='grc' dir='ltr'><em>Νοο--ηοπ</em></span> <span class='ocrx_word' id='word_1_471' title='bbox 1055 4486 1130 4535; x_wconf 84' lang='lat' dir='ltr'><strong>amic.</strong></span> <span class='ocrx_word' id='word_1_472' title='bbox 1148 4486 1209 4535; x_wconf 85' lang='lat' dir='ltr'><strong>mibi</strong></span> <span class='ocrx_word' id='word_1_473' title='bbox 1224 4487 1251 4535; x_wconf 85' lang='grc' dir='ltr'><strong>Ρ.</strong></span> <span class='ocrx_word' id='word_1_474' title='bbox 1268 4486 1316 4548; x_wconf 74' lang='lat' dir='ltr'><strong>tuit</strong></span> <span class='ocrx_word' id='word_1_475' title='bbox 1333 4484 1448 4547; x_wconf 82' lang='lat' dir='ltr'><strong>iladvig:</strong></span> <span class='ocrx_word' id='word_1_476' title='bbox 1471 4497 1521 4534; x_wconf 85' lang='lat' dir='ltr'><strong>oco</strong></span> <span class='ocrx_word' id='word_1_477' title='bbox 1542 4485 1618 4536; x_wconf 78' lang='lat' dir='ltr'><strong>mnia.</strong></span> 
     </span>
     <span class='ocr_line' id='line_1_43' title="bbox 291 4556 1619 4624; baseline -0.002 -13"><span class='ocrx_word' id='word_1_478' title='bbox 291 4562 352 4611; x_wconf 80' lang='grc'><strong>444444·</strong></span> <span class='ocrx_word' id='word_1_479' title='bbox 368 4574 418 4610; x_wconf 84' lang='lat' dir='ltr'><strong>ooo</strong></span> <span class='ocrx_word' id='word_1_480' title='bbox 434 4561 461 4609; x_wconf 86' lang='grc' dir='ltr'><strong>Ρ.</strong></span> <span class='ocrx_word' id='word_1_481' title='bbox 478 4559 528 4620; x_wconf 70' lang='lat' dir='ltr'><strong>tuit</strong></span> <span class='ocrx_word' id='word_1_482' title='bbox 545 4558 610 4620; x_wconf 79' lang='lat' dir='ltr'><strong>(sine</strong></span> <span class='ocrx_word' id='word_1_483' title='bbox 627 4557 685 4620; x_wconf 81' lang='lat' dir='ltr'><strong>Nec)</strong></span> <span class='ocrx_word' id='word_1_484' title='bbox 704 4556 782 4607; x_wconf 89' lang='lat' dir='ltr'><strong>codd.</strong></span> <span class='ocrx_word' id='word_1_485' title='bbox 802 4560 829 4606; x_wconf 90' lang='lat' dir='ltr'><strong>et</strong></span> <span class='ocrx_word' id='word_1_486' title='bbox 845 4557 865 4607; x_wconf 94' lang='lat'>0</span> <span class='ocrx_word' id='word_1_487' title='bbox 884 4584 910 4592; x_wconf 96' lang='lat'>-</span> <span class='ocrx_word' id='word_1_488' title='bbox 931 4561 970 4608; x_wconf 75' lang='grc'><strong>45.</strong></span> <span class='ocrx_word' id='word_1_489' title='bbox 989 4572 1034 4609; x_wconf 83' lang='lat' dir='ltr'><strong>aee</strong></span> <span class='ocrx_word' id='word_1_490' title='bbox 1051 4573 1096 4624; x_wconf 78' lang='lat' dir='ltr'><strong>eqo</strong></span> <span class='ocrx_word' id='word_1_491' title='bbox 1111 4565 1277 4623; x_wconf 84' lang='lat' dir='ltr'><strong>posteaquem</strong></span> <span class='ocrx_word' id='word_1_492' title='bbox 1292 4558 1339 4610; x_wconf 83' lang='lat' dir='ltr'><strong>Ed.</strong></span> <span class='ocrx_word' id='word_1_493' title='bbox 1359 4560 1503 4610; x_wconf 89' lang='lat' dir='ltr'><strong>Wurmius.</strong></span> <span class='ocrx_word' id='word_1_494' title='bbox 1522 4584 1550 4595; x_wconf 86' lang='lat'>-</span> <span class='ocrx_word' id='word_1_495' title='bbox 1569 4557 1619 4609; x_wconf 61' lang='grc'><strong>4444</strong></span> 
     </span>
     <span class='ocr_line' id='line_1_44' title="bbox 292 4631 1619 4698; baseline -0.003 -12"><span class='ocrx_word' id='word_1_496' title='bbox 292 4635 404 4686; x_wconf 65' lang='lat' dir='ltr'><strong>commo</strong></span> <span class='ocrx_word' id='word_1_497' title='bbox 420 4634 440 4683; x_wconf 91' lang='lat'>0</span> <span class='ocrx_word' id='word_1_498' title='bbox 458 4647 491 4683; x_wconf 81' lang='lat' dir='ltr'><strong>ex</strong></span> <span class='ocrx_word' id='word_1_499' title='bbox 509 4631 600 4682; x_wconf 85' lang='lat' dir='ltr'><strong>Lomb.</strong></span> <span class='ocrx_word' id='word_1_500' title='bbox 620 4633 700 4693; x_wconf 84' lang='lat' dir='ltr'><strong>coni,</strong></span> <span class='ocrx_word' id='word_1_501' title='bbox 719 4636 747 4682; x_wconf 93' lang='lat' dir='ltr'><strong>ut</strong></span> <span class='ocrx_word' id='word_1_502' title='bbox 764 4633 816 4683; x_wconf 87' lang='lat' dir='ltr'><strong>ianr</strong></span> <span class='ocrx_word' id='word_1_503' title='bbox 834 4633 859 4682; x_wconf 92' lang='lat' dir='ltr'><strong>in</strong></span> <span class='ocrx_word' id='word_1_504' title='bbox 877 4633 899 4682; x_wconf 84' lang='lat' dir='ltr'><strong>l&#39;</strong></span> <span class='ocrx_word' id='word_1_505' title='bbox 916 4647 975 4698; x_wconf 89' lang='lat' dir='ltr'><strong>sup.</strong></span> <span class='ocrx_word' id='word_1_506' title='bbox 993 4633 1038 4685; x_wconf 88' lang='lat' dir='ltr'><strong>lin.</strong></span> <span class='ocrx_word' id='word_1_507' title='bbox 1058 4637 1106 4684; x_wconf 90' lang='lat' dir='ltr'><strong>est.</strong></span> <span class='ocrx_word' id='word_1_508' title='bbox 1119 4662 1153 4672; x_wconf 91' lang='lat'>-</span> <span class='ocrx_word' id='word_1_509' title='bbox 1170 4634 1210 4684; x_wconf 85' lang='lat' dir='ltr'><strong>lii.</strong></span> <span class='ocrx_word' id='word_1_510' title='bbox 1228 4633 1342 4684; x_wconf 83' lang='grc'><strong>4444444444</strong></span> <span class='ocrx_word' id='word_1_511' title='bbox 1357 4634 1397 4696; x_wconf 79' lang='lat' dir='ltr'><strong>eqd</strong></span> <span class='ocrx_word' id='word_1_512' title='bbox 1413 4634 1522 4698; x_wconf 83' lang='lat' dir='ltr'><strong>scripsi:</strong></span> <span class='ocrx_word' id='word_1_513' title='bbox 1540 4634 1619 4684; x_wconf 84' lang='lat' dir='ltr'><strong>simu-</strong></span> 
     </span>
     <span class='ocr_line' id='line_1_45' title="bbox 291 4707 1617 4772; baseline -0.002 -12"><span class='ocrx_word' id='word_1_514' title='bbox 291 4711 341 4760; x_wconf 80' lang='lat' dir='ltr'><strong>late</strong></span> <span class='ocrx_word' id='word_1_515' title='bbox 363 4708 459 4765; x_wconf 84' lang='lat' dir='ltr'><strong>codd:</strong></span> <span class='ocrx_word' id='word_1_516' title='bbox 480 4707 598 4756; x_wconf 76' lang='grc'><strong>4444444444</strong></span> <span class='ocrx_word' id='word_1_517' title='bbox 619 4707 639 4755; x_wconf 94' lang='lat'>0</span> <span class='ocrx_word' id='word_1_518' title='bbox 660 4719 722 4757; x_wconf 91' lang='lat' dir='ltr'><strong>cum</strong></span> <span class='ocrx_word' id='word_1_519' title='bbox 743 4708 810 4757; x_wconf 86' lang='lat' dir='ltr'><strong>lunt.</strong></span> <span class='ocrx_word' id='word_1_520' title='bbox 831 4735 858 4745; x_wconf 95' lang='lat'><em>-</em></span> <span class='ocrx_word' id='word_1_521' title='bbox 882 4723 926 4758; x_wconf 80' lang='lat' dir='ltr'><strong>aec</strong></span> <span class='ocrx_word' id='word_1_522' title='bbox 947 4724 1004 4760; x_wconf 81' lang='grc'><strong>4444</strong></span> <span class='ocrx_word' id='word_1_523' title='bbox 1026 4711 1103 4760; x_wconf 86' lang='lat' dir='ltr'><strong>ESV</strong></span> <span class='ocrx_word' id='word_1_524' title='bbox 1125 4736 1152 4745; x_wconf 92' lang='lat'>-</span> <span class='ocrx_word' id='word_1_525' title='bbox 1180 4709 1219 4761; x_wconf 84' lang='grc'><strong>49.</strong></span> <span class='ocrx_word' id='word_1_526' title='bbox 1239 4722 1334 4772; x_wconf 79' lang='lat' dir='ltr'><strong>quoquc</strong></span> <span class='ocrx_word' id='word_1_527' title='bbox 1356 4709 1402 4760; x_wconf 88' lang='lat' dir='ltr'><strong>SU</strong></span> <span class='ocrx_word' id='word_1_528' title='bbox 1420 4711 1447 4758; x_wconf 87' lang='lat' dir='ltr'><strong>et</strong></span> <span class='ocrx_word' id='word_1_529' title='bbox 1463 4721 1532 4758; x_wconf 90' lang='lat' dir='ltr'><strong>corr.</strong></span> <span class='ocrx_word' id='word_1_530' title='bbox 1551 4709 1617 4758; x_wconf 85' lang='lat' dir='ltr'><strong>GV:</strong></span> 
     </span>
     <span class='ocr_line' id='line_1_46' title="bbox 292 4781 1616 4847; baseline 0 -14"><span class='ocrx_word' id='word_1_531' title='bbox 292 4783 475 4847; x_wconf 84' lang='lat' dir='ltr'><strong>qoemEGV,</strong></span> <span class='ocrx_word' id='word_1_532' title='bbox 493 4782 590 4832; x_wconf 74' lang='lat'>5011.</span> <span class='ocrx_word' id='word_1_533' title='bbox 611 4806 639 4816; x_wconf 94' lang='lat'><em>-</em></span> <span class='ocrx_word' id='word_1_534' title='bbox 657 4781 698 4830; x_wconf 81' lang='lat' dir='ltr'><strong>eo.</strong></span> <span class='ocrx_word' id='word_1_535' title='bbox 717 4781 846 4829; x_wconf 69' lang='grc'><strong>444444-</strong></span> <span class='ocrx_word' id='word_1_536' title='bbox 866 4783 907 4832; x_wconf 75' lang='lat' dir='ltr'><strong>ti.</strong></span> <span class='ocrx_word' id='word_1_537' title='bbox 925 4784 1048 4847; x_wconf 79' lang='lat' dir='ltr'><strong>qobtaiE</strong></span> <span class='ocrx_word' id='word_1_538' title='bbox 1067 4811 1095 4821; x_wconf 92' lang='lat'>-</span> <span class='ocrx_word' id='word_1_539' title='bbox 1114 4784 1155 4835; x_wconf 76' lang='lat'><strong>25.</strong></span> <span class='ocrx_word' id='word_1_540' title='bbox 1174 4786 1303 4836; x_wconf 87' lang='lat' dir='ltr'><strong>tumSU:</strong></span> <span class='ocrx_word' id='word_1_541' title='bbox 1322 4784 1458 4845; x_wconf 77' lang='lat' dir='ltr'><strong>camilli,</strong></span> <span class='ocrx_word' id='word_1_542' title='bbox 1477 4783 1492 4835; x_wconf 86' lang='grc'><strong>4</strong></span> <span class='ocrx_word' id='word_1_543' title='bbox 1510 4785 1616 4834; x_wconf 77' lang='grc'><strong>044.-</strong></span> 
     </span>
     <span class='ocr_line' id='line_1_47' title="bbox 292 4854 1620 4921; baseline -0.003 -12"><span class='ocrx_word' id='word_1_544' title='bbox 292 4857 410 4921; x_wconf 82' lang='lat' dir='ltr'><strong>ereditur]</strong></span> <span class='ocrx_word' id='word_1_545' title='bbox 428 4854 567 4907; x_wconf 81' lang='lat' dir='ltr'><strong>creditum?</strong></span> <span class='ocrx_word' id='word_1_546' title='bbox 582 4854 626 4905; x_wconf 96' lang='lat' dir='ltr'><strong>vb</strong></span> <span class='ocrx_word' id='word_1_547' title='bbox 644 4857 671 4905; x_wconf 92' lang='lat' dir='ltr'><strong>et</strong></span> <span class='ocrx_word' id='word_1_548' title='bbox 689 4857 698 4905; x_wconf 92' lang='lat' dir='ltr'><strong>l</strong></span> <span class='ocrx_word' id='word_1_549' title='bbox 715 4857 811 4912; x_wconf 74' lang='lat' dir='ltr'><strong>Oxou:</strong></span> <span class='ocrx_word' id='word_1_550' title='bbox 830 4858 944 4907; x_wconf 75' lang='lat' dir='ltr'><strong>medetur</strong></span> <span class='ocrx_word' id='word_1_551' title='bbox 955 4860 1085 4910; x_wconf 80' lang='lat' dir='ltr'><strong>Manutius</strong></span> <span class='ocrx_word' id='word_1_552' title='bbox 1098 4885 1125 4896; x_wconf 91' lang='lat'><strong>-·</strong></span> <span class='ocrx_word' id='word_1_553' title='bbox 1144 4873 1211 4909; x_wconf 83' lang='lat' dir='ltr'><strong>nunc</strong></span> <span class='ocrx_word' id='word_1_554' title='bbox 1227 4859 1370 4910; x_wconf 82' lang='lat' dir='ltr'><strong>Manutius:</strong></span> <span class='ocrx_word' id='word_1_555' title='bbox 1390 4873 1440 4909; x_wconf 83' lang='lat' dir='ltr'><strong>noo</strong></span> <span class='ocrx_word' id='word_1_556' title='bbox 1457 4857 1535 4908; x_wconf 90' lang='lat' dir='ltr'><strong>codd.</strong></span> <span class='ocrx_word' id='word_1_557' title='bbox 1549 4857 1620 4920; x_wconf 86' lang='lat' dir='ltr'><strong>(quid</strong></span> 
     </span>
     <span class='ocr_line' id='line_1_48' title="bbox 289 4929 1617 4997; baseline -0.002 -13"><span class='ocrx_word' id='word_1_558' title='bbox 289 4932 396 4997; x_wconf 80' lang='lat' dir='ltr'><strong>posteo?</strong></span> <span class='ocrx_word' id='word_1_559' title='bbox 411 4932 533 4982; x_wconf 81' lang='lat' dir='ltr'><strong>creditam</strong></span> <span class='ocrx_word' id='word_1_560' title='bbox 544 4931 676 4989; x_wconf 82' lang='lat' dir='ltr'><strong>Muretus:</strong></span> <span class='ocrx_word' id='word_1_561' title='bbox 695 4929 774 4992; x_wconf 86' lang='lat' dir='ltr'><strong>quid?</strong></span> <span class='ocrx_word' id='word_1_562' title='bbox 785 4937 874 4992; x_wconf 80' lang='lat' dir='ltr'><strong>postea</strong></span> <span class='ocrx_word' id='word_1_563' title='bbox 883 4933 1051 4984; x_wconf 73' lang='lat' dir='ltr'><strong>credendus?</strong></span> <span class='ocrx_word' id='word_1_564' title='bbox 1066 4949 1117 4984; x_wconf 83' lang='lat' dir='ltr'><strong>eoo</strong></span> <span class='ocrx_word' id='word_1_565' title='bbox 1129 4935 1300 4996; x_wconf 80' lang='lat' dir='ltr'><strong>llotomanus)</strong></span> <span class='ocrx_word' id='word_1_566' title='bbox 1309 4961 1335 4971; x_wconf 98' lang='lat'>—</span> <span class='ocrx_word' id='word_1_567' title='bbox 1349 4934 1390 4984; x_wconf 78' lang='lat'><strong>26.</strong></span> <span class='ocrx_word' id='word_1_568' title='bbox 1403 4939 1456 4984; x_wconf 85' lang='lat' dir='ltr'><strong>tum</strong></span> <span class='ocrx_word' id='word_1_569' title='bbox 1467 4933 1519 4992; x_wconf 85' lang='lat' dir='ltr'><strong>ES,</strong></span> <span class='ocrx_word' id='word_1_570' title='bbox 1532 4931 1617 4984; x_wconf 81' lang='lat' dir='ltr'><strong>loir.</strong></span> 
     </span>
    </p>
   </div>
   <div class='ocr_carea' id='block_1_6' title="bbox 219 5005 1619 5073">
    <p class='ocr_par' dir='ltr' id='par_1_12' title="bbox 219 5005 1619 5073">
     <span class='ocr_line' id='line_1_49' title="bbox 219 5005 1619 5073; baseline 0 -17"><span class='ocrx_word' id='word_1_571' title='bbox 219 5049 224 5061; x_wconf 87' lang='lat'><em>.</em></span> <span class='ocrx_word' id='word_1_572' title='bbox 293 5034 321 5045; x_wconf 92' lang='lat'>-</span> <span class='ocrx_word' id='word_1_573' title='bbox 342 5009 411 5069; x_wconf 79' lang='lat' dir='ltr'><strong>Quae</strong></span> <span class='ocrx_word' id='word_1_574' title='bbox 426 5019 486 5069; x_wconf 79' lang='lat' dir='ltr'><strong>erqo</strong></span> <span class='ocrx_word' id='word_1_575' title='bbox 501 5008 550 5055; x_wconf 80' lang='lat' dir='ltr'><strong>istu</strong></span> <span class='ocrx_word' id='word_1_576' title='bbox 566 5006 613 5055; x_wconf 80' lang='lat'><strong>01.</strong></span> <span class='ocrx_word' id='word_1_577' title='bbox 626 5007 664 5067; x_wconf 87' lang='lat' dir='ltr'><strong>li,</strong></span> <span class='ocrx_word' id='word_1_578' title='bbox 681 5009 711 5054; x_wconf 93' lang='lat' dir='ltr'><strong>ut</strong></span> <span class='ocrx_word' id='word_1_579' title='bbox 726 5005 809 5056; x_wconf 71' lang='lat' dir='ltr'><strong>uoluit</strong></span> <span class='ocrx_word' id='word_1_580' title='bbox 825 5009 966 5068; x_wconf 81' lang='lat' dir='ltr'><strong>Patricius:</strong></span> <span class='ocrx_word' id='word_1_581' title='bbox 986 5009 1070 5071; x_wconf 80' lang='lat' dir='ltr'><strong>Quid?</strong></span> <span class='ocrx_word' id='word_1_582' title='bbox 1086 5022 1145 5073; x_wconf 79' lang='lat' dir='ltr'><strong>erqo</strong></span> <span class='ocrx_word' id='word_1_583' title='bbox 1161 5013 1211 5060; x_wconf 81' lang='lat' dir='ltr'><strong>istu</strong></span> <span class='ocrx_word' id='word_1_584' title='bbox 1226 5009 1318 5061; x_wconf 86' lang='lat' dir='ltr'><strong>Lamb.</strong></span> <span class='ocrx_word' id='word_1_585' title='bbox 1339 5037 1365 5047; x_wconf 91' lang='lat'><em>-</em></span> <span class='ocrx_word' id='word_1_586' title='bbox 1384 5010 1425 5061; x_wconf 79' lang='lat'><strong>28.</strong></span> <span class='ocrx_word' id='word_1_587' title='bbox 1443 5007 1564 5060; x_wconf 72' lang='lat' dir='ltr'><strong>aemon:</strong></span> <span class='ocrx_word' id='word_1_588' title='bbox 1580 5009 1619 5056; x_wconf 85' lang='lat' dir='ltr'><strong>vir</strong></span> 
     </span>
    </p>
   </div>
   <div class='ocr_carea' id='block_1_7' title="bbox 290 5080 1619 5374">
    <p class='ocr_par' dir='ltr' id='par_1_13' title="bbox 290 5080 1619 5374">
     <span class='ocr_line' id='line_1_50' title="bbox 292 5080 1619 5148; baseline -0.001 -15"><span class='ocrx_word' id='word_1_589' title='bbox 292 5083 387 5134; x_wconf 90' lang='lat' dir='ltr'><strong>doctus</strong></span> <span class='ocrx_word' id='word_1_590' title='bbox 405 5081 494 5131; x_wconf 88' lang='lat' dir='ltr'><strong>nescio</strong></span> <span class='ocrx_word' id='word_1_591' title='bbox 511 5080 584 5142; x_wconf 88' lang='lat' dir='ltr'><strong>quis:</strong></span> <span class='ocrx_word' id='word_1_592' title='bbox 603 5080 737 5130; x_wconf 75' lang='grc'><strong>4444444444</strong></span> <span class='ocrx_word' id='word_1_593' title='bbox 753 5080 831 5131; x_wconf 90' lang='lat' dir='ltr'><strong>codd.</strong></span> <span class='ocrx_word' id='word_1_594' title='bbox 845 5085 873 5132; x_wconf 91' lang='lat' dir='ltr'><strong>et</strong></span> <span class='ocrx_word' id='word_1_595' title='bbox 883 5083 912 5133; x_wconf 94' lang='grc'><strong>0.</strong></span> <span class='ocrx_word' id='word_1_596' title='bbox 931 5085 973 5134; x_wconf 90' lang='lat' dir='ltr'><strong>Sic</strong></span> <span class='ocrx_word' id='word_1_597' title='bbox 985 5083 1063 5148; x_wconf 86' lang='lat' dir='ltr'><strong>paulo</strong></span> <span class='ocrx_word' id='word_1_598' title='bbox 1075 5089 1166 5136; x_wconf 88' lang='lat' dir='ltr'><strong>antea:</strong></span> <span class='ocrx_word' id='word_1_599' title='bbox 1186 5087 1248 5146; x_wconf 82' lang='lat' dir='ltr'><strong>quio</strong></span> <span class='ocrx_word' id='word_1_600' title='bbox 1261 5099 1329 5136; x_wconf 82' lang='lat' dir='ltr'><strong>ouon</strong></span> <span class='ocrx_word' id='word_1_601' title='bbox 1344 5085 1416 5136; x_wconf 80' lang='lat' dir='ltr'><strong>aiunt</strong></span> <span class='ocrx_word' id='word_1_602' title='bbox 1433 5084 1567 5148; x_wconf 83' lang='lat' dir='ltr'><strong>quodiam</strong></span> <span class='ocrx_word' id='word_1_603' title='bbox 1577 5095 1619 5133; x_wconf 86' lang='lat' dir='ltr'><strong>oe-</strong></span> 
     </span>
     <span class='ocr_line' id='line_1_51' title="bbox 290 5155 1619 5223; baseline -0.002 -15"><span class='ocrx_word' id='word_1_604' title='bbox 290 5158 398 5223; x_wconf 80' lang='lat' dir='ltr'><strong>gabant:</strong></span> <span class='ocrx_word' id='word_1_605' title='bbox 417 5155 451 5206; x_wconf 93' lang='lat' dir='ltr'><strong>de</strong></span> <span class='ocrx_word' id='word_1_606' title='bbox 464 5155 599 5220; x_wconf 87' lang='lat' dir='ltr'><strong>participio</strong></span> <span class='ocrx_word' id='word_1_607' title='bbox 611 5159 701 5206; x_wconf 86' lang='lat' dir='ltr'><strong>autem</strong></span> <span class='ocrx_word' id='word_1_608' title='bbox 714 5155 747 5206; x_wconf 87' lang='lat' dir='ltr'><strong>ci.</strong></span> <span class='ocrx_word' id='word_1_609' title='bbox 758 5157 813 5207; x_wconf 91' lang='lat' dir='ltr'><strong>Cic.</strong></span> <span class='ocrx_word' id='word_1_610' title='bbox 827 5158 916 5221; x_wconf 81' lang='lat' dir='ltr'><strong>l&#39;opio.</strong></span> <span class='ocrx_word' id='word_1_611' title='bbox 929 5157 944 5222; x_wconf 70' lang='lat' dir='ltr'>S</span> <span class='ocrx_word' id='word_1_612' title='bbox 957 5158 1031 5210; x_wconf 73' lang='lat' dir='ltr'><strong>le·</strong></span> <span class='ocrx_word' id='word_1_613' title='bbox 1044 5159 1163 5211; x_wconf 73' lang='lat' dir='ltr'><strong>domum</strong></span> <span class='ocrx_word' id='word_1_614' title='bbox 1174 5165 1232 5210; x_wconf 79' lang='lat' dir='ltr'><strong>tteac</strong></span> <span class='ocrx_word' id='word_1_615' title='bbox 1243 5161 1397 5211; x_wconf 74' lang='lat' dir='ltr'><strong>:moestum</strong></span> <span class='ocrx_word' id='word_1_616' title='bbox 1407 5161 1489 5223; x_wconf 67' lang='lat' dir='ltr'><strong>fronte</strong></span> <span class='ocrx_word' id='word_1_617' title='bbox 1499 5158 1619 5207; x_wconf 77' lang='lat' dir='ltr'><strong>dircen:</strong></span> 
     </span>
     <span class='ocr_line' id='line_1_52' title="bbox 291 5232 1616 5297; baseline -0.002 -13"><span class='ocrx_word' id='word_1_618' title='bbox 291 5232 451 5296; x_wconf 86' lang='lat' dir='ltr'><strong>Madvigius:</strong></span> <span class='ocrx_word' id='word_1_619' title='bbox 469 5232 491 5281; x_wconf 86' lang='lat' dir='ltr'><strong>ri</strong></span> <span class='ocrx_word' id='word_1_620' title='bbox 505 5244 593 5281; x_wconf 74' lang='lat' dir='ltr'><strong>cenam</strong></span> <span class='ocrx_word' id='word_1_621' title='bbox 608 5236 671 5293; x_wconf 78' lang='lat' dir='ltr'><strong>tura,</strong></span> <span class='ocrx_word' id='word_1_622' title='bbox 685 5245 742 5281; x_wconf 81' lang='lat' dir='ltr'><strong>moa</strong></span> <span class='ocrx_word' id='word_1_623' title='bbox 752 5233 882 5281; x_wconf 72' lang='grc'><strong>4444444444</strong></span> <span class='ocrx_word' id='word_1_624' title='bbox 893 5233 984 5296; x_wconf 73' lang='lat' dir='ltr'><strong>(emta,</strong></span> <span class='ocrx_word' id='word_1_625' title='bbox 996 5235 1115 5284; x_wconf 74' lang='lat' dir='ltr'><strong>dicerunt</strong></span> <span class='ocrx_word' id='word_1_626' title='bbox 1125 5235 1204 5286; x_wconf 88' lang='lat' dir='ltr'><strong>codd.</strong></span> <span class='ocrx_word' id='word_1_627' title='bbox 1218 5236 1288 5294; x_wconf 83' lang='lat' dir='ltr'><strong>eto:</strong></span> <span class='ocrx_word' id='word_1_628' title='bbox 1308 5237 1470 5286; x_wconf 84' lang='lat' dir='ltr'><strong>Hotomanus</strong></span> <span class='ocrx_word' id='word_1_629' title='bbox 1484 5235 1616 5297; x_wconf 81' lang='lat' dir='ltr'><strong>positum,</strong></span> 
     </span>
     <span class='ocr_line' id='line_1_53' title="bbox 290 5304 1582 5374; baseline -0.002 -15"><span class='ocrx_word' id='word_1_630' title='bbox 290 5306 384 5359; x_wconf 71' lang='lat' dir='ltr'><strong>lamb.</strong></span> <span class='ocrx_word' id='word_1_631' title='bbox 396 5308 457 5374; x_wconf 89' lang='lat' dir='ltr'><strong>post</strong></span> <span class='ocrx_word' id='word_1_632' title='bbox 468 5319 556 5357; x_wconf 84' lang='lat' dir='ltr'><strong>cerum</strong></span> <span class='ocrx_word' id='word_1_633' title='bbox 566 5305 679 5358; x_wconf 87' lang='lat' dir='ltr'><strong>alterum</strong></span> <span class='ocrx_word' id='word_1_634' title='bbox 691 5308 811 5359; x_wconf 76' lang='grc'><strong>44444444</strong></span> <span class='ocrx_word' id='word_1_635' title='bbox 820 5306 956 5359; x_wconf 89' lang='lat' dir='ltr'><strong>addebant</strong></span> <span class='ocrx_word' id='word_1_636' title='bbox 966 5309 1128 5374; x_wconf 74' lang='lat' dir='ltr'><strong>(merissime</strong></span> <span class='ocrx_word' id='word_1_637' title='bbox 1145 5311 1197 5360; x_wconf 90' lang='lat' dir='ltr'><strong>iam</strong></span> <span class='ocrx_word' id='word_1_638' title='bbox 1210 5311 1372 5361; x_wconf 83' lang='lat' dir='ltr'><strong>Hotomanus</strong></span> <span class='ocrx_word' id='word_1_639' title='bbox 1383 5310 1411 5361; x_wconf 86' lang='lat' dir='ltr'><strong>et</strong></span> <span class='ocrx_word' id='word_1_640' title='bbox 1421 5304 1582 5370; x_wconf 85' lang='lat' dir='ltr'><strong>Guilelmus).</strong></span> 
     </span>
    </p>
   </div>
   <div class='ocr_carea' id='block_1_8' title="bbox 0 0 2010 6149">
    <p class='ocr_par' dir='ltr' id='par_1_14' title="bbox 0 0 2010 6149">
     <span class='ocr_line' id='line_1_54' title="bbox 0 0 2010 6149; baseline 0 0"><span class='ocrx_word' id='word_1_641' title='bbox 0 0 2010 6149; x_wconf 95' lang='lat' dir='ltr'><strong> </strong></span> 
     </span>
    </p>
   </div>
  </div>
 </body>
</html>
