4009 6159
369 497 432 563 808
784 495 937 564 ORATIO
958 496 1039 563 PRO
1060 496 1097 560 Ι..
1117 494 1274 561 FLACCO

369 676 497 754 sumptu
520 675 552 733 et
571 668 741 751 Pompeius
763 674 796 730 et
815 666 947 731 Flaccus
969 672 1097 730 secutus
1119 671 1177 728 est
1213 667 1324 748 Neque
1345 670 1395 727 est
1415 660 1519 728 adbuc
1533 668 1640 726 tamen
1657 682 1696 727 ea
1733 718 1739 729 .

368 783 492 829 summa
512 762 679 845 completa.
721 756 773 823 33.
793 761 864 824 Non
885 759 991 824 relert.
1008 757 1152 843 Veroiq
1188 758 1383 822 dlucreturi
1405 776 1476 821 cum
1492 756 1578 821 enim
1593 776 1695 839 genus

368 860 539 943 imperatae
565 856 720 942 pecuniae
748 854 895 938 suscipit,
923 854 973 929 id,
1009 854 1095 939 quod
1121 862 1156 917 tu
1185 854 1305 917 crimen
1326 871 1399 916 esse
1418 852 1487 928 vis,
1518 851 1696 915 confitetur.

370 953 432 1029 Qui
452 952 550 1035 igitur
569 948 697 1035 probari
718 954 839 1034 potest,
860 948 895 1011 in
914 967 951 1012 ea
966 949 1103 1031 pecunia
1117 966 1182 1011 nen
1197 945 1363 1010 reserenda
1377 946 1496 1009 crimen
1513 943 1573 1009 sibi
1587 945 1696 1028 ipsum

345 1044 487 1119 efacere,
508 1044 542 1106 in
565 1063 629 1126 qua
649 1042 768 1107 crimen
790 1049 875 1107 essct
894 1042 1034 1117 nullum,
1056 1042 1084 1105 si
1105 1041 1259 1106 referret?
1280 1043 1321 1104 At
1344 1041 1428 1104 enim
1449 1059 1547 1124 negas
1566 1037 1697 1103 fratrem

369 1159 491 1213 meum,
513 1138 568 1222 qui
589 1138 625 1200 L.
639 1137 753 1200 Flacco
774 1137 978 1211 successerit,
1000 1136 1167 1220 pecuniam
1182 1135 1280 1200 ullam
1304 1134 1338 1197 in
1359 1134 1493 1216 remiges
1514 1136 1696 1218 imperasse.

367 1230 527 1316 Equidem
549 1231 660 1308 Quinti
681 1230 789 1295 fratris
810 1230 872 1294 mei
894 1230 989 1295 laude
1012 1230 1170 1307 delector,
1192 1229 1249 1294 sed
1271 1228 1343 1293 aliis
1362 1228 1479 1311 magis,
1500 1228 1697 1312 gravioribus

368 1334 463 1409 atque
483 1327 665 1389 maioribus.
696 1324 791 1388 Aliud
813 1324 964 1411 quiddam
986 1325 1113 1400 statuit,
1143 1323 1231 1388 aliud
1255 1324 1351 1389 vidit:
1380 1321 1588 1397 existimarit,
1617 1341 1698 1405 que·

370 1440 505 1504 cumque
527 1428 668 1504 tempore
689 1419 831 1483 auditum
847 1420 925 1506 quid
948 1426 1032 1484 esset
1046 1420 1086 1483 de
1100 1418 1332 1503 praedonibus,
1355 1436 1452 1501 quam
1465 1415 1563 1482 rellet
1583 1414 1697 1489 subito,

333 1514 502 1579 sociassem
524 1534 557 1579 se
579 1521 846 1598 comparaturum.
878 1515 1026 1598 lienique
1046 1514 1109 1578 hoc
1130 1514 1251 1597 primus
1272 1509 1369 1575 irater
1391 1531 1481 1575 meus
1502 1510 1536 1574 in
1555 1511 1630 1575 Asia
1650 1508 1698 1573 le·

369 1608 427 1680 cit,
448 1616 484 1670 ur
503 1607 566 1671 boc
587 1616 713 1693 sumptu
736 1608 889 1691 remigum
911 1608 1056 1672 civitates
1077 1607 1205 1672 levaret.
1242 1606 1370 1671 Crimen
1391 1611 1499 1669 autern
1516 1613 1584 1669 turn
1597 1602 1697 1668 videri

370 1701 467 1776 solet,
495 1722 568 1765 cum
590 1701 706 1785 aliquis
726 1710 867 1788 sumptus
889 1702 1027 1766 instituit
1054 1722 1126 1777 eos,
1155 1701 1211 1786 qui
1233 1707 1325 1765 antea
1345 1720 1411 1764 non
1433 1707 1523 1763 erant
1543 1699 1695 1773 instituti,

370 1815 435 1859 nen
458 1815 530 1859 cum
552 1815 715 1860 successor
735 1795 856 1879 aliquid
878 1796 1026 1860 immutat
1046 1796 1085 1860 de
1107 1795 1258 1860 institutis
1279 1794 1431 1879 priorum.
1463 1794 1603 1868 Flaccus,
1618 1791 1697 1879 quid

234 1963 237 1970 ¹
370 1890 424 1953 alii
443 1896 555 1973 postea
576 1888 689 1953 facturi
712 1896 835 1965 essent,
858 1890 938 1953 scire
960 1910 1024 1953 non
1045 1897 1188 1975 poteratt
1211 1889 1289 1974 quid
1310 1888 1476 1963 iecissent,
1497 1886 1634 1951 videbat.

254 2002 287 2017 ··
334 1998 362 2047 so
456 1982 525 2046 XV.
546 1980 598 2047 el.
621 1985 699 2061 Sed,
721 1986 873 2072 quoniam
894 1984 934 2049 de
957 1986 1116 2049 communi
1135 1985 1235 2049 totins
1249 1985 1342 2048 Asiae
1357 1983 1489 2048 crimine
1504 1991 1553 2049 est
1568 1982 1697 2058 dictum,

370 2076 536 2161 aggrediar
556 2078 619 2143 iem
641 2079 682 2143 ad
703 2080 845 2163 singulas
868 2078 1026 2144 civitates:
1057 2100 1099 2143 ex
1120 2080 1236 2163 quibus
1258 2079 1299 2143 sit
1320 2096 1397 2141 sane
1417 2078 1511 2141 nobis
1532 2077 1634 2161 prima
1653 2078 1699 2141 ci·

370 2173 452 2236 ritas
473 2172 693 2237 Acmonensis.
725 2174 809 2237 Citat
829 2193 943 2258 praeco
965 2194 1044 2237 voce
1065 2174 1203 2237 maxima
1224 2173 1345 2257 legatos
1370 2170 1593 2236 Acmonenses.
1624 2172 1699 2235 Prc-

371 2267 457 2331 cedit
478 2286 561 2330 unus
581 2266 797 2350 Asclepiades.
830 2267 997 2332 Prodeant.
1029 2268 1174 2331 Etiamne
1196 2287 1386 2351 praeconem
1403 2267 1531 2329 mentiri
1544 2266 1698 2349 coegisti?

370 2363 427 2425 Est
448 2362 552 2436 enim,
575 2360 684 2437 credo,
705 2362 733 2425 is
755 2362 805 2427 rir
818 2364 896 2438 istc,
917 2369 955 2426 ut
970 2363 1106 2427 civitatis
1121 2383 1237 2426 nomen
1252 2382 1310 2426 sua
1326 2361 1512 2426 auctoritate
1527 2361 1698 2425 sustineat:

335 2453 538 2518 sedamnatus
568 2455 759 2537 turpissimis
786 2456 914 2520 iudiciis
941 2456 1044 2533 domi,
1078 2463 1204 2521 notatus
1231 2457 1345 2520 litteris
1368 2455 1517 2539 publicis:
1548 2454 1637 2517 cuius
1658 2454 1699 2517 de

371 2547 513 2631 probris,
542 2546 706 2612 adulteriis
733 2570 770 2613 ac
799 2550 916 2632 stupris
945 2558 1072 2615 exstant
1101 2550 1348 2614 Acmonensium
1368 2548 1508 2624 litterae,
1537 2570 1617 2634 quas
1639 2568 1698 2633 ego

371 2660 437 2703 non
459 2641 561 2705 solum
583 2650 713 2725 propter
733 2642 982 2727 longitudinem,
1010 2645 1183 2708 sedetiam
1204 2651 1335 2728 propter
1354 2642 1566 2726 turpissimam
1589 2644 1699 2708 obsce-

372 2735 502 2799 nitatem
524 2737 691 2802 verborum
713 2738 959 2821 praetereundas
980 2746 1069 2822 puto.
1098 2738 1188 2802 Dixit
1207 2738 1335 2822 publice
1358 2736 1466 2800 datum
1481 2737 1698 2802 drachmarum

371 2830 458 2899 c-cv‘l.
493 2831 581 2895 Dixit
601 2837 739 2896 tantum:
761 2832 840 2897 nibil
855 2832 1011 2909 ostendit,
1033 2833 1113 2897 nibil
1135 2833 1283 2918 protulit,
1305 2832 1363 2895 sed
1377 2829 1531 2907 adiunxit,
1552 2833 1587 2896 id
1609 2833 1697 2917 quod

334 2932 474 3001 rocerte,
496 2925 647 3010 quonism
668 2935 737 2990 crat
761 2927 988 3003 domesticum,
1018 2926 1134 2991 docere
1160 2926 1285 3002 debuit,
1308 2946 1342 2990 se
1366 2926 1510 3010 privatim
1536 2925 1699 2990 drachma-

371 3041 441 3084 rum
471 3039 541 3084 ccvr
568 3019 657 3084 milia
680 3019 817 3084 dedisse.
857 3021 1020 3097 Quantum
1043 3022 1103 3085 sibi
1129 3021 1269 3085 ablatum
1290 3019 1386 3085 bomo
1406 3019 1699 3102 impudentissimus

371 3114 466 3190 dicit,
487 3121 611 3179 tantum
632 3134 807 3199 numquam
829 3123 877 3180 cst
897 3136 994 3180 ausus
1016 3125 1053 3179 ut
1072 3116 1204 3179 haberet
1225 3123 1344 3200 optare.
1387 3111 1439 3177 35.
1457 3114 1506 3177 Ab
1521 3112 1604 3177 Aulo
1620 3115 1699 3177 Sex-

371 3210 441 3272 tilio
473 3209 551 3272 dicit
581 3229 615 3272 se
648 3208 773 3273 dedisse
807 3218 839 3273 et
868 3229 888 3272 a
916 3210 984 3273 suis
1005 3209 1163 3273 fratribus.
1207 3210 1313 3274 Potuit
1333 3208 1408 3273 dare
1431 3207 1603 3283 Sextilius;
1624 3228 1699 3271 nam

370 3306 483 3368 fratres
505 3302 635 3388 quidem
656 3309 821 3367 consortes
843 3310 917 3368 sunt
938 3305 1159 3368 mendicitatis.
1201 3303 1375 3387 Audiamus
1397 3304 1493 3387 igitur
1514 3302 1698 3379 Sextilium3

334 3396 482 3460 eoirntres
510 3396 648 3480 denique
676 3397 737 3479 ipsi
766 3398 941 3481 prodeant;
975 3418 1071 3481 quam
1102 3399 1211 3462 volent
1231 3397 1433 3480 impudenter
1453 3396 1647 3460 mentiantur
1667 3406 1700 3461 et

372 3491 458 3577 quod
480 3510 653 3574 numquam
675 3488 856 3555 babuerunt
876 3491 1003 3555 dedisse
1026 3511 1060 3554 se
1085 3492 1210 3556 dicant:
1233 3498 1339 3556 tamen
1360 3490 1482 3576 aliquid
1496 3491 1630 3555 fortasse
1645 3511 1698 3554 co·

370 3606 437 3650 ram
458 3584 606 3667 producti
627 3583 748 3659 dicent,
769 3586 803 3648 in
825 3605 889 3670 quo
913 3585 1195 3670 reprehendantur.
1226 3587 1297 3649 Non
1319 3586 1437 3651 deduxi
1444 3631 1454 3662 ,
1476 3584 1598 3670 inquit,
1620 3585 1698 3649 Sex-

370 3680 485 3743 tilium.
529 3677 613 3742 Gedo
636 3678 769 3743 tabulas.
808 3681 879 3743 Non
902 3679 1076 3763 deportari.
1116 3682 1240 3743 Fratres
1262 3681 1374 3747 saltem
1395 3679 1520 3744 exbibe.
1551 3682 1623 3744 Non
1644 3680 1699 3743 de-

370 3774 524 3838 nuntiari.
558 3771 651 3848 Quod
674 3792 748 3855 ergo
770 3794 853 3836 unus
874 3774 1098 3858 Asclepiades,
1119 3775 1247 3838 fortuna
1268 3795 1382 3858 egens,
1404 3776 1470 3839 vita
1490 3775 1609 3859 turpis,
1631 3777 1698 3839 exi-

332 3868 550 3933 oestimatione
573 3866 756 3943 damnatus,
778 3868 975 3950 impudentia
996 3876 1092 3953 atque
1107 3870 1240 3933 audacia
1254 3868 1370 3943 fretus,
1393 3869 1461 3932 sine
1475 3868 1607 3943 tabulis,
1629 3871 1697 3934 sine

370 3970 498 4026 auctore
527 3960 653 4037 iecerit,
684 3962 717 4024 id
745 3982 803 4026 nos
833 3964 925 4046 quasi
953 3963 1074 4026 crimen
1105 3970 1161 4027 aut
1181 3962 1393 4027 testimenium
1416 3962 1697 4046 pertimescemus?

370 4052 422 4117 36.
443 4054 531 4119 ldem
553 4055 784 4132 laudationem,
814 4076 909 4141 quam
939 4077 998 4120 nos
1029 4058 1069 4120 ab
1089 4057 1341 4121 Acmonensibus
1364 4058 1476 4121 Flacco
1500 4056 1604 4121 datam
1625 4077 1698 4140 pro·

368 4150 563 4225 ferebamus,
596 4149 708 4216 falsam
736 4170 806 4213 esse
834 4150 976 4227 dicebat;
1006 4152 1096 4215 cuius
1119 4152 1246 4236 quidem
1267 4152 1459 4216 laudationis
1481 4151 1601 4215 iactura
1621 4172 1698 4215 exo·

369 4246 487 4330 ptanda
517 4244 610 4308 nobis
636 4243 707 4307 fnit.
750 4246 830 4309 Nam
859 4254 895 4309 ut
924 4247 1050 4329 signum
1077 4246 1240 4330 publicum
1268 4247 1407 4330 inspexit
1434 4245 1616 4331 praeclarus
1637 4248 1697 4310 iste

434 4438 459 4488 4.
477 4438 553 4489 semei
569 4444 626 4489 sant
641 4440 661 4490 1.
680 4467 708 4477 -
732 4441 757 4491 i.
775 4440 860 4503 refert.
881 4441 957 4491 Vero:
980 4442 1041 4504 qaid
1057 4454 1121 4493 nos:
1145 4441 1222 4505 rosere
1236 4453 1305 4491 oero.
1324 4440 1389 4502 onie
1406 4439 1496 4490 ceteri.
1515 4440 1643 4505 (reses-tm.
1660 4442 1698 4491 Eo

368 4515 428 4577 qaid
444 4514 649 4573 llommsenlus3
667 4514 752 4577 refert.
770 4516 802 4565 At
816 4529 876 4566 cero
893 4517 953 4579 qnid
967 4515 1105 4580 Halmius.)
1120 4543 1148 4553 -
1166 4516 1234 4577 cere]
1251 4528 1311 4565 aere
1326 4515 1360 4565 T:
1379 4514 1470 4579 ergos
1488 4540 1516 4551 —
1533 4514 1620 4580 paras]
1637 4530 1699 4567 onas

368 4590 473 4641 Pl'FL
487 4615 512 4624 —-
534 4590 574 4640 40.
587 4590 690 4639 classem
704 4590 799 4640 seST:
826 4604 852 4641 se
872 4592 974 4642 classem
990 4593 1069 4643 ALO
1086 4618 1115 4627 —
1134 4590 1175 4643 tl.
1192 4590 1298 4654 uidebat]
1314 4590 1413 4641 mosem
1429 4592 1446 4641 S
1465 4618 1492 4628 -
1515 4592 1556 4642 lb.
1574 4591 1605 4641 de
1625 4592 1699 4641 totisos

368 4665 505 4715 emmone
519 4664 593 4715 Asiae
608 4665 702 4716 crimen
720 4665 775 4728 (sici
787 4666 808 4717 Τ
821 4694 847 4703 -
867 4672 901 4717 est
917 4668 1011 4717 dictam
1026 4668 1085 4718 ST:
1103 4669 1196 4717 dictssm
1212 4672 1247 4717 est
1260 4667 1338 4717 nto
1351 4694 1379 4704 -
1398 4668 1438 4717 ti.
1450 4665 1608 4717 Acmonensis
1623 4666 1697 4717 SAF

369 4739 485 4805 (ubique)
505 4766 531 4776 —
550 4740 663 4791 meso
677 4752 743 4790 onas
757 4741 911 4803 Asclepiades
927 4740 1010 4793 habet
1025 4744 1045 4793 Β
1061 4768 1089 4778 -
1109 4742 1149 4793 oe.
1167 4743 1300 4805 moneant]
1315 4739 1438 4793 Prodesse
1453 4741 1528 4792 coemi
1544 4741 1590 4793 ΡΙ.
1608 4767 1637 4778 -
1654 4741 1695 4792 20.

368 4817 439 4869 cosm
455 4828 509 4867 om.
523 4819 594 4882 pr.S
614 4844 641 4853 -
659 4816 701 4867 23.
715 4818 801 4867 datam
818 4818 906 4868 STA:
926 4818 1048 4868 dataLO
1062 4845 1089 4854 -
1108 4831 1164 4869 scri
1179 4818 1267 4869 STA:
1286 4830 1343 4869 ccrr
1356 4819 1429 4867 mitta
1444 4816 1520 4867 FLO
1533 4842 1562 4852 -
1575 4818 1616 4868 ae.
1634 4816 1698 4867 dra·

367 4904 439 4957 pnsos
449 4892 562 4943 loocclso
574 4890 666 4941 moine
679 4891 711 4952 S;
731 4891 910 4943 semimarem
927 4904 994 4943 ccrrr
1009 4893 1101 4943 metue
1112 4894 1176 4952 TA3
1195 4892 1403 4945 dractmarccm
1412 4892 1504 4943 deense
1515 4892 1547 4953 F;
1565 4892 1699 4943 drachmas

367 4966 557 5018 ccrrmdissel.
571 4991 598 5002 -·
616 4964 702 5015 snm
717 4965 765 5015 SA
783 4992 811 5002 -
828 4967 936 5018 sestuttio
954 4967 1101 5033 (ubiquels
1120 4994 1148 5004 -
1167 4968 1208 5019 28.
1227 4974 1250 5019 et
1266 4971 1351 5019 oms
1370 4994 1397 5004 -
1415 4964 1699 5019 nam--meneinraots

368 5040 486 5093 hobetB
505 5068 533 5079 -
559 5040 599 5091 34.
618 5040 757 5091 bobonum
773 5040 832 5092 cod.
851 5043 932 5094 Oxou.
951 5059 970 5104 χ
988 5047 1016 5095 et
1032 5044 1164 5094 Faernus:
1187 5042 1319 5093 sabaarim
1335 5044 1437 5095 sTAl.
1456 5069 1483 5078 -
1507 5042 1548 5093 36.
1566 5043 1651 5094 iecnit
1666 5044 1695 5093 P.

367 5117 498 5169 Vlctcrlus
516 5116 585 5179 (Ver.
604 5116 675 5166 Lect.
694 5116 763 5177 lllll,
781 5116 835 5180 iil:
855 5116 940 5181 mpero
957 5119 1071 5169 STAl..
1094 5118 1133 5169 cl.
1151 5130 1200 5182 pro
1217 5118 1338 5178 Quinctio
1355 5117 1370 5181 S
1386 5116 1402 5167 a
1420 5118 1455 5182 (p.
1468 5117 1494 5181 3,
1512 5117 1560 5181 tt).
1576 5142 1606 5156 -
1619 5119 1698 5182 perti·

367 5204 500 5245 mmceness
515 5192 545 5245 S:
560 5191 756 5257 pertimescimus
772 5192 833 5253 TA,
849 5194 1053 5256 conticescamus
1069 5192 1144 5248 FLO
1163 5219 1191 5233 -
1209 5191 1251 5244 38.
1269 5196 1391 5259 exoptata
1406 5192 1435 5245 T.
