4009 6159
230 1140 337 1200 ft·

405 569 467 638 802
824 568 977 638 ORATIO
998 568 1078 637 rao
1098 568 1136 633 1.
1156 567 1314 637 FLACCO

406 743 583 807 demnatas.
617 738 704 805 Nihil
731 738 827 819 dixit,
857 740 944 825 quod
969 739 1128 816 laederet,
1158 758 1231 805 cum
1252 744 1399 823 cuperet3
1426 736 1621 823 impediebat
1641 738 1729 803 enim

405 835 534 919 religio:
556 842 662 899 444444
683 834 733 910 id,
758 835 846 919 quod
868 834 966 910 dixit,
988 840 1106 919 quanto
1127 853 1199 898 cum
1219 832 1341 918 pudore
1347 878 1357 909 ,
1379 853 1446 917 quo
1463 839 1599 898 tremore
1614 840 1647 898 et
1659 834 1729 919 pal·

405 930 473 997 lore
489 930 587 995 dixitl
611 923 661 991 lt.
676 928 780 1004 Quam
794 934 958 1013 promptus
973 927 1069 993 bomo
1081 928 1116 991 P.
1128 926 1316 1011 Septimius!
1332 946 1428 1011 quarn
1441 928 1540 992 iratus
1553 927 1595 992 de
1608 925 1729 991 iudicio

406 1032 438 1087 et
459 1024 499 1087 de
519 1023 630 1087 vilicoi
658 1030 765 1087 444444
785 1022 976 1098 haesitabat,
1005 1027 1110 1086 tamen
1138 1021 1207 1085 eius
1235 1020 1417 1085 iracundiae
1437 1019 1551 1104 religio
1572 1041 1730 1087 nonaum·

382 1133 501 1203 aquam
522 1118 727 1201 repugnabat.
757 1116 909 1181 Inimicus
929 1116 972 1179 bl.
995 1114 1137 1191 Caelius,
1159 1114 1263 1199 quod,
1286 1135 1358 1180 cum
1378 1114 1414 1177 in
1433 1134 1469 1178 re
1481 1114 1650 1181 manifesta
1669 1136 1729 1201 pu·

268 1212 276 1237 ⁸
406 1219 502 1276 tasset
522 1210 611 1275 nefas
634 1232 705 1277 esse
725 1211 930 1296 publicanum
951 1208 1092 1273 iudicare
1113 1216 1223 1274 contra
1247 1208 1469 1292 publicanum,
1498 1208 1640 1273 sublatus
1660 1216 1731 1273 arat

220 1520 231 1539 ᾧ
254 1533 260 1544 Ι

177 1541 255 1601 u'nst

203 2612 298 2708 -τῖ

406 1326 423 1369 4
444 1324 576 1371 numero
596 1312 869 1389 recuperatorum,
891 1310 996 1369 tamen
1018 1304 1120 1368 tenuit
1136 1324 1171 1367 se
1187 1322 1293 1386 neque
1307 1302 1413 1367 attulit
1424 1302 1459 1366 iu
1472 1301 1625 1367 iudicium
1638 1301 1730 1385 quio-

405 1419 500 1484 quam
521 1398 562 1464 ad
582 1398 773 1463 laedendum
801 1398 865 1461 nisi
891 1397 1098 1461 voluntatem.
1139 1398 1178 1461 V.
1199 1395 1241 1459 lli
1268 1397 1296 1461 si
1318 1396 1429 1461 Graeci
1449 1395 1587 1463 luissent
1606 1397 1729 1478 actnisi

403 1494 502 1559 nostri
529 1511 633 1557 mores
661 1513 698 1557 ac
720 1492 889 1577 disciplina
909 1492 982 1575 plus
1003 1491 1124 1580 valeret
1144 1510 1238 1575 quam
1260 1490 1351 1555 dolor
1369 1510 1408 1555 ac
1428 1478 1592 1592 simultas)
1617 1510 1728 1555 omnes

367 1604 395 1650 44
404 1607 439 1651 se
460 1587 631 1672 spoliatos,
651 1592 801 1662 vexatos,
821 1585 958 1649 fortunis
980 1583 1109 1650 eversos
1123 1604 1194 1650 esse
1209 1584 1375 1649 dixissent.
1397 1584 1535 1649 Graecrss
1552 1585 1643 1649 testis
1655 1604 1728 1649 cum

403 1701 443 1745 ea
462 1681 625 1745 voluntate
646 1680 815 1763 processit,
838 1686 873 1744 ut
885 1677 1019 1761 laedat,
1040 1698 1106 1743 nou
1127 1677 1372 1755 iurisiurandi,
1394 1678 1451 1743 sed
1472 1676 1621 1743 laedendi
1634 1677 1729 1741 verba

402 1774 584 1839 meditatur.
616 1774 726 1850 Vinci,
747 1772 867 1849 refelli,
890 1773 1018 1856 coargui
1039 1778 1130 1856 putat
1148 1792 1219 1837 esse
1239 1771 1476 1855 turpissimum
1498 1770 1539 1836 ad
1559 1769 1594 1833 id
1615 1788 1651 1835 se
1672 1789 1729 1853 pa·

402 1875 470 1942 rat,
490 1867 570 1931 nihil
591 1876 679 1933 curat
700 1868 798 1933 aliud.
830 1869 942 1952 ltaque
963 1886 1030 1930 non
1050 1866 1187 1952 optimus
1209 1866 1345 1950 quisque
1358 1884 1419 1929 nec
1430 1865 1650 1948 gravissimus,
1671 1862 1729 1929 sed

403 1961 698 2047 impudentissimus
726 1962 1036 2047 loquacissimusque
1058 1959 1214 2042 deligitur.
1258 1953 1309 2022 ⁴2.
1330 1958 1396 2022 llos
1417 1964 1525 2023 autem
1545 1960 1579 2023 in
1599 1958 1729 2043 privatis

367 2074 394 2121 44
403 2056 604 2121 minimarum
625 2075 731 2120 rerum
752 2054 880 2120 iudiciis
902 2062 1015 2118 testem
1038 2052 1206 2135 diligenter
1227 2051 1422 2136 expenditis3
1443 2054 1539 2117 stiam
1553 2052 1581 2117 si
1595 2053 1729 2117 formam

401 2150 556 2225 bominis,
578 2150 606 2213 si
628 2169 762 2225 nomen,
783 2148 812 2213 si
833 2150 951 2213 tribum
972 2147 1090 2221 nostis,
1111 2166 1215 2210 mores
1237 2153 1343 2209 tamen
1364 2146 1580 2230 exquirendos
1599 2147 1728 2231 putatis.

404 2244 468 2321 Qui
489 2251 595 2309 autem
615 2242 694 2308 dicit
714 2242 930 2308 testimonium
950 2261 992 2306 ex
1013 2240 1127 2306 noshis
1147 2238 1341 2313 hominibus,
1362 2245 1399 2303 ut
1419 2258 1455 2303 se
1472 2240 1542 2324 ipse
1555 2240 1727 2305 sustentati

403 2346 439 2403 ut
460 2338 567 2402 omnia
587 2337 683 2403 verba
705 2336 902 2403 moderaturi
923 2343 960 2401 ut
980 2335 1084 2410 timet,
1106 2353 1147 2397 ue
1168 2332 1246 2418 quid
1261 2331 1394 2416 cupide,
1414 2333 1549 2418 nequid
1566 2333 1728 2407 iracunde,

403 2450 445 2495 ne
468 2430 640 2515 quidplus
662 2431 822 2506 minusve,
844 2449 941 2514 quam
962 2428 1007 2493 sit
1027 2447 1168 2503 necesse,
1190 2425 1290 2491 dicati
1313 2428 1396 2491 Num
1409 2426 1483 2491 illos
1497 2428 1575 2491 item
1588 2427 1728 2512 putatis?

366 2520 599 2616 sqquibuslius
621 2524 789 2589 iurandum
816 2525 905 2589 iocus
934 2531 1000 2600 est,
1029 2521 1244 2588 testimonium
1265 2519 1376 2596 ludus,
1406 2520 1600 2585 existimatio
1623 2521 1728 2596 verba,

404 2617 553 2681 tenebrae
581 2616 668 2693 laus,
684 2606 834 2707 (merces,
861 2617 980 2701 gratia,
1006 2616 1174 2701 gratulatio
1196 2616 1357 2699 proposita
1378 2622 1427 2679 est
1447 2614 1550 2679 omnis
1570 2616 1605 2679 in
1625 2614 1729 2699 impu·

405 2712 492 2775 denti
513 2709 703 2803 mendacio.)
726 2709 789 2775 Sed
810 2730 875 2775 non
897 2710 1036 2776 dilatabo
1057 2708 1236 2774 orationem
1256 2727 1368 2772 meam.
1399 2708 1526 2774 Etenim
1539 2714 1729 2792 potestesse

403 2801 544 2880 infinita,
566 2805 594 2869 si
616 2804 695 2869 mihi
716 2805 814 2869 libeat
833 2805 931 2869 totius
953 2804 1056 2888 gentis
1077 2803 1112 2867 in
1134 2802 1324 2868 testimoniis
1341 2802 1486 2867 dicendis
1507 2802 1666 2887 explicare
1683 2803 1730 2867 le-

405 2900 544 2964 vitatem.
578 2899 640 2963 Sed
662 2897 794 2983 propius
815 2896 981 2963 accedam:
1010 2898 1050 2961 de
1074 2897 1124 2961 bis
1144 2898 1261 2961 nostris
1282 2897 1417 2962 testibus
1437 2895 1552 2963 dicam.
1595 2893 1647 2961 43.
1666 2898 1730 2963 Ve-

368 2993 585 3065 aabemeatem
598 2998 811 3057 accusatorem
829 2990 915 3055 nacti
930 3011 1056 3068 sumus,
1078 2990 1217 3066 iudices,
1240 2997 1273 3054 et
1285 2990 1450 3055 inimicum
1463 2992 1498 3055 iu
1511 2992 1599 3056 omni
1613 3011 1729 3074 genere

406 3087 553 3152 odiosum
573 3106 611 3153 ac
631 3086 808 3160 molestum,
833 3104 930 3169 quem
945 3105 1039 3168 spero
1053 3085 1104 3149 bis
1118 3084 1142 3166 †
1156 3085 1260 3150 verbis
1273 3083 1341 3149 iore
1354 3105 1469 3168 magno
1483 3085 1556 3151 usui
1570 3091 1604 3151 et
1618 3086 1729 3151 amicis

406 3189 439 3246 et
460 3181 505 3245 rei
528 3180 692 3265 publicae;
714 3179 770 3245 sed
793 3186 878 3243 certe
899 3177 1113 3243 inllammatus
1126 3177 1303 3243 incredibili
1319 3178 1492 3262 cupiditate
1505 3179 1588 3245 hanc
1601 3198 1729 3245 causam

405 3276 703 3359 accusationemque
717 3273 867 3357 suscepit.
900 3272 964 3349 Qui
978 3273 1146 3337 comitatus
1158 3274 1191 3336 iu
1206 3272 1414 3357 inquirendo!
1435 3272 1620 3337 comitatum
1634 3272 1729 3335 dicct

405 3371 501 3435 immo
523 3389 598 3433 vero
620 3374 756 3452 quantus
778 3366 953 3431 exercitus!
975 3386 1058 3451 quae
1078 3366 1215 3431 iactural
1238 3365 1294 3451 qui
1315 3367 1475 3452 sumptus!
1497 3374 1617 3451 qrrauta
1636 3365 1730 3449 largi-

368 3458 467 3533 sotiol
499 3463 590 3540 Quae
612 3480 804 3545 quamquam
824 3459 917 3524 utilia
938 3467 1013 3523 sunt
1033 3480 1164 3536 causae,
1191 3459 1300 3523 timide
1321 3468 1428 3525 tamen
1448 3459 1538 3535 dico,
1567 3458 1656 3545 quod
1677 3478 1730 3524 ve-

405 3578 494 3634 reor,
521 3576 563 3620 ne
583 3555 711 3619 Laelius
733 3574 775 3619 ex
794 3554 845 3619 bis
867 3553 980 3629 rebus,
1007 3574 1087 3638 quas
1115 3554 1175 3618 sibi
1201 3552 1342 3637 suscepit
1362 3554 1481 3638 gloriae
1501 3573 1613 3630 444444,
1641 3560 1731 3638 putet

405 3650 527 3737 aliquid
561 3649 705 3714 oratione
738 3668 809 3713 mea
839 3647 994 3713 sermonis
1025 3647 1061 3711 in
1092 3668 1163 3713 sese
1191 3655 1247 3712 aut
1273 3647 1413 3713 invidiae
1441 3668 1512 3713 esse
1539 3648 1730 3733 quaesitum.

405 3747 459 3810 Vl.
480 3746 594 3828 ltaque
614 3741 696 3807 banc
715 3749 838 3826 partem
852 3748 950 3807 totam
964 3742 1160 3826 relinquam:
1181 3748 1304 3807 tuntum
1318 3761 1337 3805 a
1350 3741 1441 3806 robis
1454 3750 1577 3826 petam,
1598 3742 1730 3817 iudices,

405 3846 458 3915 ut,
480 3840 508 3903 si
530 3837 609 3922 quid
629 3837 692 3919 ipsi
712 3836 849 3901 audistis
870 3836 1030 3901 communi
1050 3835 1135 3900 fama
1155 3842 1250 3919 atque
1272 3854 1417 3899 sermone
1439 3834 1479 3900 dc
1500 3836 1548 3912 ri,
1570 3834 1611 3903 de
1624 3855 1731 3912 manu,

245 3922 260 3949 ⁸
367 3933 445 4002 sede
467 3930 582 4006 armis,
603 3930 645 3993 de
659 3929 779 4015 copiis,
800 3930 1025 3995 memineritisz
1047 3949 1182 4014 quarum
1195 3948 1302 3993 rerum
1320 3928 1441 3995 invidia
1454 3929 1525 4013 lege
1537 3928 1732 3995 hacseoenti

405 4046 442 4092 ac
470 4044 555 4091 nora
581 4031 685 4089 certus
716 4030 765 4089 est
785 4021 987 4108 inquisitioni
1008 4024 1159 4089 comitum
1180 4043 1330 4087 uumerus
1351 4023 1550 4091 constitutus.
1591 4020 1645 4091 lt.
1666 4022 1731 4089 Sed

405 4126 441 4183 ut
460 4117 543 4183 banc
564 4119 629 4185 vim
651 4120 809 4193 omittam,
838 4125 957 4202 quanta
977 4116 1033 4181 illa
1054 4124 1142 4194 sunt,
1171 4136 1253 4202 quae
1276 4117 1425 4202 quoniam
1445 4118 1639 4183 accusatorio
1660 4118 1730 4183 iure

404 4219 438 4276 et
459 4233 545 4278 more
568 4220 642 4277 sunt
661 4211 761 4288 iacta,
782 4209 1017 4295 reprehendere
1038 4231 1104 4276 non
1123 4231 1310 4296 possumus,
1332 4211 1422 4296 queri
1443 4217 1551 4277 tamen
1571 4210 1730 4297 cogimurl

469 4443 493 4493 4.
512 4442 620 4493 taederet
639 4442 730 4493 PS'l':
754 4441 863 4493 4444444444
882 4442 1003 4494 444440
1026 4470 1054 4480 -
1081 4442 1155 4495 lde
1174 4443 1435 4495 macerarent
1456 4468 1484 4481 -
1509 4442 1729 4497 uoueme-

402 4516 427 4568 9.
445 4518 541 4569 colerae
557 4518 617 4568 ST:
638 4516 753 4568 44444444
771 4517 889 4568 AFLO.
916 4516 955 4569 ct.
972 4530 1000 4583 p.
1018 4517 1076 4580 777,
1094 4518 1136 4569 28.
1157 4544 1185 4556 -
1207 4532 1240 4569 cc
1254 4517 1322 4583 4444]
1342 4523 1419 4580 etque
1436 4519 1494 4569 4444.
1511 4520 1529 4569 S
1546 4544 1576 4555 -·
1598 4518 1640 4571 43.
1656 4521 1732 4569 auur

402 4592 472 4642 444444
490 4593 547 4643 ST:
566 4591 638 4643 444444
652 4592 822 4643 curotALO
841 4618 868 4628 -
888 4590 928 4643 44.
947 4591 1198 4655 tamquam
1217 4620 1245 4631 -
1264 4594 1305 4645 47.
1323 4594 1549 4657 outantum‘l‘F
1566 4618 1595 4631 -
1612 4592 1730 4645 44444448

404 4692 431 4701 -
452 4667 492 4717 49.
510 4667 569 4717 item
591 4668 654 4718 STz·
673 4668 739 4719 444444
755 4668 832 4719 AFl.
849 4693 878 4705 -
897 4667 938 4719 20.
956 4669 1109 4720 4444444444
1123 4667 1213 4730 carbo,
1230 4668 1346 4720 44444444
1362 4667 1553 4732 Pantagathus:
1579 4668 1731 4721 4441444444

400 4746 487 4792 cerac
503 4740 617 4793 44444444
633 4742 727 4793 444444.
752 4741 791 4795 Cl.
810 4743 897 4795 Pison.
916 4741 932 4807 5
949 4742 990 4795 oo.
1016 4770 1044 4781 -
1067 4743 1109 4796 74.
1129 4744 1214 4808 posito
1232 4755 1294 4795 curn
1313 4742 1420 4796 duobus
1437 4741 1518 4795 codd.
1538 4743 1642 4795 osona.
1659 4744 1681 4794 1.
1700 4767 1728 4780 -

400 4816 442 4867 22.
457 4817 546 4879 potest]
560 4821 643 4881 posset
652 4829 715 4869 cum
727 4819 852 4881 quattuor
863 4817 942 4870 codd.
955 4818 1057 4870 Oxonu.
1069 4820 1101 4870 Α.
1123 4818 1163 4871 ct.
1180 4820 1332 4885 Zumptium
1348 4818 1383 4872 ad
1398 4820 1475 4871 Verr.
1487 4832 1515 4885 p.
1528 4820 1586 4871 734.
1597 4844 1627 4859 -
1644 4818 1686 4870 74.
1697 4818 1732 4870 44-

399 4892 502 4941 odotem
517 4890 605 4943 s'la:
623 4890 761 4943 4444444444
777 4892 853 4943 ibo
872 4920 900 4931 -
918 4890 1065 4945 74444444
1080 4894 1140 4945 sl:
1160 4895 1249 4945 4444444
1267 4894 1348 4947 440
1366 4920 1394 4931 -
1415 4894 1458 4947 tt.
1479 4892 1560 4945 444444
1579 4892 1659 4945 codd.
1675 4891 1732 4944 noti

400 4977 495 5016 omnes
516 4966 544 5015 et
558 4966 594 5015 A:
615 4964 689 5017 rebor
708 4978 772 5016 cam
795 4966 838 5017 ed.
856 4967 958 5018 4444444
975 4968 1021 5019 1²1.
1031 4967 1065 5029 ὓς
1086 4968 1225 5032 4444444444
1244 4968 1376 5033 llalmlus;
1398 4970 1482 5022 4444444
1497 4970 1653 5021 (4444444444
1669 4965 1729 5019 coll.

400 5052 440 5090 or.
454 5035 593 5090 Caeliauee
609 5040 753 5105 postremis
768 5039 872 5093 verbis:
896 5042 1055 5106 4444444444
1073 5042 1148 5094 4444444
1166 5057 1303 5097 moreau
1317 5058 1349 5096 44
1367 5044 1482 5097 labem
1499 5057 1545 5096 444
1560 5043 1729 5108 pom,

398 5112 504 5175 iudices,
521 5112 620 5176 [444444
633 5112 720 5165 uberes
735 5110 913 5179 dimensisque
929 5117 1041 5180 copiatis.
1060 5142 1088 5153 -
1108 5117 1150 5169 28.
1170 5119 1219 5181 Qut
1232 5120 1549 5174 contum-wrm
1562 5116 1647 5170 habet
1660 5117 1681 5167 B
1700 5141 1729 5153 -

399 5188 553 5251 thatrucoc
573 5189 606 5251 B;
632 5189 789 5252 capatreado
811 5191 830 5241 Ρ
853 5188 987 5253 armas
1010 5214 1038 5228 -
1064 5190 1392 5257 3444444448-344.
1411 5195 1548 5259 deceptis:
1570 5189 1732 5247 msam

403 5267 651 5327 44444444--444444
666 5264 699 5319 ait
714 5262 749 5317 de
765 5262 859 5316 Faerni
875 5266 1064 5322 unaucurt.
1080 5293 1108 5306 -
1130 5268 1183 5335 legs
1198 5268 1448 5325 aerumnam
1462 5268 1545 5324 babet
1560 5267 1591 5321 li.
