4009 6159
378 557 462 625 riso
735 521 887 618 orario
908 552 986 617 rao
1010 553 1046 616 r.
1069 550 1194 615 sunio
1216 549 1370 616 ursona

380 731 443 804 dit,
464 728 569 790 triduo
591 725 681 787 illum
703 732 758 788 aut
779 743 935 786 summum
958 721 1136 805 quadriduo
1158 741 1228 784 esse
1255 720 1445 804 periturum:
1474 739 1571 803 quam
1592 737 1702 783 vocem

379 824 448 886 eius
468 821 509 884 ad
529 818 615 882 hunc
636 821 677 881 M.
701 819 851 881 Catonem
874 818 979 880 statim
1001 816 1158 878 Favonius
1179 815 1298 878 detulit.
1342 815 1381 876 X.
1404 809 1455 875 47.
1477 814 1605 877 Interim
1628 833 1698 876 cum

380 918 473 980 sciret
494 912 622 976 Clodius
644 945 685 959 -
708 931 812 994 neque
835 911 920 973 enim
942 919 1008 973 erat
1030 906 1156 972 difficile
1178 909 1259 972 scire
1283 943 1322 954 -·-
1343 910 1402 971 iter
1423 909 1593 982 sollemne,
1624 907 1701 989 legi·

380 1011 508 1082 timum,
530 1007 742 1070 necessarium
765 1013 838 1068 anie
860 1004 945 1068 diem
967 1024 1027 1066 aru
1050 1002 1208 1066 Kalendas
1229 1003 1412 1066 Februarias
1434 1001 1543 1066 Miloni
1558 1021 1627 1065 esse
1642 1002 1703 1065 La·

358 1103 511 1167 enuvium
532 1101 572 1162 ad
587 1100 745 1162 flaminem
759 1099 969 1182 prodendum,
992 1094 1088 1181 [quod
1108 1105 1175 1159 erat
1189 1097 1323 1159 dictator
1337 1096 1467 1158 Lanuvii
1483 1090 1580 1177 Milo,]
1605 1097 1702 1157 ltoma

381 1196 484 1260 subito
505 1196 576 1277 ipse
597 1192 755 1277 profectus
777 1192 878 1276 pridie
899 1201 965 1266 est,
993 1199 1030 1254 ut
1055 1199 1128 1254 ante
1151 1211 1243 1253 sunm
1263 1190 1415 1264 fundum,
1444 1188 1530 1272 quod
1552 1208 1586 1250 re
1609 1186 1703 1250 intel·

380 1291 496 1352 lectum
518 1296 580 1362 est,
607 1286 719 1349 Miloni
740 1286 872 1350 insidias
894 1286 1071 1349 collocaret.
1106 1286 1210 1368 Atque
1235 1284 1280 1346 ita
1300 1283 1458 1368 proiectus
1481 1289 1543 1356 est,
1557 1327 1559 1334 -
1572 1290 1608 1346 ut
1628 1301 1704 1344 oon·

380 1385 501 1447 tionem
526 1380 754 1454 turbulentam,
784 1381 911 1464 inqua
938 1381 1007 1444 eius
1028 1379 1118 1442 furor
1139 1378 1335 1441 desideratus
1357 1386 1423 1453 esi,
1454 1396 1536 1461 quae
1558 1375 1613 1439 illo
1634 1377 1703 1459 ipso

382 1477 435 1540 die
454 1478 562 1540 habita
582 1485 645 1550 est,
666 1473 875 1559 relinqueret,
897 1494 1003 1558 quam,
1027 1474 1087 1536 nisi
1110 1473 1198 1535 obire
1220 1472 1369 1537 facinoris
1390 1472 1492 1536 locum
1516 1479 1704 1554 tempusque

346 1573 551 1645 lovoluisset,
580 1588 754 1652 numquam
775 1570 964 1652 reliquisset.
1009 1565 1060 1630 28.
1084 1567 1160 1630 Milo
1183 1573 1287 1636 aulem
1313 1588 1383 1630 cum
1406 1568 1439 1628 in
1461 1573 1572 1628 senatu
1593 1563 1705 1628 fuisset

381 1686 420 1729 eo
442 1665 511 1740 die,
533 1663 638 1748 quoad
660 1671 790 1726 senatus
810 1671 860 1727 est
873 1663 1039 1737 dimissus,
1062 1663 1188 1726 domum
1204 1662 1307 1735 venit,
1331 1661 1454 1724 calceos
1475 1668 1506 1722 et
1521 1661 1704 1722 vestimenta

382 1761 528 1832 mutarit,
558 1756 736 1840 paulisper,
768 1757 843 1820 dum
866 1776 899 1820 se
921 1777 1019 1830 uxor,
1053 1763 1088 1818 nt
1113 1756 1164 1828 iit,
1197 1763 1372 1838 comparat,
1407 1762 1618 1818 commoratus
1641 1759 1703 1825 est,

383 1853 456 1916 dein
479 1852 637 1937 proiectus
659 1852 691 1914 id
713 1851 880 1934 temporis,
902 1871 974 1913 cum
997 1851 1059 1913 iam
1083 1849 1228 1923 Clodius,
1251 1851 1277 1911 si
1302 1849 1429 1931 quidem
1446 1871 1485 1912 eo
1501 1847 1552 1909 die
1574 1849 1703 1909 Romam

382 1954 534 2010 venturus
561 1954 643 2019 erat,
674 1945 778 2008 redire
807 1945 970 2028 potuisset.
1016 1945 1148 2006 Obviam
1179 1941 1213 2006 lit
1241 1943 1268 2005 ei
1293 1943 1422 2006 Clodius
1449 1941 1634 2026 expeditus,
1670 1940 1704 2000 in

347 2061 483 2125 raeque,
504 2039 593 2102 nulla
613 2037 704 2112 reda,
727 2037 822 2125 nulfis
844 2038 1096 2120 impedimentis,
1119 2037 1213 2100 nullis
1236 2038 1364 2100 Graecis
1387 2038 1574 2109 comitibus,
1597 2039 1632 2096 ui
1654 2053 1704 2094 so·

382 2134 481 2207 lebat,
513 2121 582 2194 sirie
609 2152 726 2207 uxore,
759 2134 847 2214 quod
877 2152 1050 2214 numquam
1072 2131 1155 2193 iere:
1187 2151 1257 2194 eum
1279 2131 1331 2193 hic
1354 2131 1535 2204 insidiator,
1569 2130 1622 2211 qni
1644 2128 1705 2190 iter

384 2229 462 2291 illud
491 2227 531 2291 ad
558 2226 686 2289 caedem
716 2225 892 2288 faciendam
920 2234 1119 2307 apparasset,
1153 2245 1224 2287 cum
1256 2245 1355 2288 uxore
1376 2225 1543 2288 veheretur
1564 2224 1597 2284 in
1618 2221 1704 2293 reda,

384 2322 589 2405 paenulatos,
615 2338 730 2401 magno
752 2327 784 2382 ei
812 2319 1020 2401 impeditoet
1041 2319 1185 2382 muliebri
1206 2338 1243 2382 ac
1265 2319 1400 2382 delicato
1423 2318 1607 2382 ancillarum
1628 2335 1706 2398 pue·

383 2435 555 2499 torumque
575 2414 735 2480 comitatu.
778 2411 829 2476 29.
850 2415 901 2477 Fit
922 2413 1047 2477 obviam
1070 2414 1180 2478 Clodio
1202 2423 1274 2477 ante
1295 2414 1426 2477 landum
1449 2415 1517 2476 eins
1539 2413 1617 2475 hora
1638 2412 1705 2474 fere

347 2509 550 2575 soundecima
572 2515 711 2572 autnon
733 2508 832 2571 multo
855 2528 956 2571 secus.
990 2509 1101 2571 Statim
1125 2510 1302 2591 complures
1326 2529 1396 2571 com
1419 2508 1490 2571 telis
1506 2507 1540 2569 in
1554 2506 1639 2570 hune
1659 2505 1706 2568 ia·

384 2603 472 2665 ciunt
493 2601 533 2664 de
554 2602 624 2665 loco
638 2602 803 2685 superiore
823 2603 992 2684 impetum,
1017 2603 1139 2665 adversi
1155 2602 1312 2665 rederium
1329 2601 1485 2665 occidunt.
1509 2601 1585 2663 Curn
1601 2588 1706 2664 aulbm

384 2695 436 2757 hic
464 2694 503 2757 de
535 2692 627 2769 reda,
658 2696 774 2759 reiecta
801 2696 939 2778 paenula
966 2696 1149 2759 desiluisset
1178 2717 1275 2781 seque
1300 2698 1363 2759 acri
1385 2695 1491 2758 animo
1513 2693 1706 2768 intenderet,

384 2788 449 2863 illi,
476 2789 532 2872 qui
559 2796 649 2852 amnt
678 2810 749 2852 cum
773 2789 899 2864 Clodio,
928 2791 1042 2872 gladiis
1065 2792 1188 2854 eductis
1210 2791 1320 2874 parlim
1344 2809 1504 2852 recurrere
1526 2790 1567 2851 ad
1587 2788 1705 2862 redam,

383 2890 421 2945 ut
447 2902 467 2945 a
496 2890 583 2966 tergo
609 2883 758 2946 Milonem
787 2884 1003 2958 adorirentur,
1035 2884 1166 2967 parlim,
1195 2883 1281 2968 quod
1312 2883 1396 2945 huno
1425 2882 1487 2944 iam
1510 2882 1706 2946 interiectum

347 2983 548 3060 reputarent,
577 2975 709 3040 caedere
730 2978 884 3061 incipiunt
905 2979 974 3041 eius
997 2999 1123 3051 servos,
1154 2979 1208 3062 qni
1230 2984 1302 3060 post
1323 2983 1426 3051 erant,
1454 2997 1493 3039 ex
1515 2977 1628 3058 quibus
1650 2976 1705 3057 qui

384 3069 491 3133 animo
513 3065 598 3133 fideii
620 3071 654 3133 in
675 3071 838 3134 dominum
860 3080 893 3134 et
913 3074 1072 3155 praesenti
1089 3072 1217 3135 luerunt
1232 3073 1345 3154 partim
1361 3071 1455 3134 occisi
1472 3079 1560 3143 sunt,
1583 3071 1706 3153 partim,

385 3184 456 3227 cnm
477 3163 517 3226 ad
540 3163 648 3228 redum
669 3166 802 3249 pugnari
823 3165 981 3240 viderent,
1016 3165 1143 3229 domino
1167 3186 1348 3229 succurrere
1370 3164 1626 3247 prohiberentur,
1649 3164 1707 3225 Mi-

384 3257 491 3321 lonem
513 3259 651 3321 occisum
674 3266 706 3320 et
726 3278 767 3320 ex
787 3260 858 3340 ipso
882 3259 994 3322 Clodio
1017 3261 1161 3323 audirent
1182 3267 1214 3321 et
1235 3280 1269 3322 re
1290 3279 1363 3322 vera
1384 3265 1545 3343 putarent,
1566 3257 1708 3319 lecerunt

386 3351 419 3414 id
446 3351 527 3415 servi
556 3353 684 3414 Milonis
713 3353 878 3417 -dicam
906 3355 990 3417 enim
1022 3363 1129 3436 aperte
1158 3373 1221 3416 non
1253 3353 1414 3417 derivandi
1441 3352 1579 3416 criminis
1602 3370 1706 3422 causa,

436 3666 461 3716 4.
478 3671 524 3717 out
539 3667 560 3716 E
577 3668 783 3718 etGaratonius:
801 3667 835 3717 ad
851 3667 905 3728 Ta,
925 3669 958 3719 cl.
972 3683 998 3732 p.
1013 3669 1085 3728 4446,
1100 3668 1123 3718 l.
1138 3693 1164 3703 —
1181 3667 1390 3730 quadriduol'li:
1409 3667 1542 3729 quatriduo
1554 3668 1599 3716 SO
1614 3691 1640 3703 -·
1659 3680 1716 3716 aare⁴

388 3743 450 3793 TE:
468 3755 523 3792 om.
535 3742 579 3791 SO
589 3767 616 3776 -
636 3741 659 3791 3.
678 3745 733 3791 4444
749 3741 849 3805 dispelle
864 3742 967 3792 scires:
986 3748 1042 3792 4444
1058 3743 1083 3791 44
1094 3743 1192 3806 distata
1207 3745 1269 3793 44444
1280 3757 1297 3792 4
1308 3742 1434 3792 idumaeis
1444 3743 1479 3800 Ti
1499 3747 1553 3792 erat
1570 3741 1667 3804 44444444
1682 3742 1709 3791 44

386 3819 450 3868 seire
465 3831 483 3866 4
498 3817 608 3868 4444444444
622 3817 643 3865 Ε
657 3843 684 3852 -
702 3815 726 3866 l.
744 3817 802 3880 riu]
819 3817 923 3866 lercium
939 3817 1061 3866 decimum
1077 3818 1125 3866 ΤΕ
1140 3843 1165 3852 -
1185 3818 1313 3867 launoium
1330 3819 1348 3868 E
1364 3844 1389 3854 —
1409 3819 1434 3867 5.
1451 3818 1517 3879 quad
1533 3821 1588 3867 4444
1603 3816 1710 3866 44444444

387 3892 494 3942 44444444
509 3890 578 3955 44444]
597 3888 877 3942 mouumentum
894 3893 1047 3952 4444444444,
1066 3891 1114 3942 sed
1132 3905 1184 3942 non
1203 3893 1378 3954 corrigemus,
1397 3903 1490 3940 verum
1508 3892 1575 3941 haee
1592 3891 1708 3956 quinque

387 3964 525 4027 vocabula,
539 3967 629 4029 utpote
641 3965 779 4016 manifesto
791 3978 806 4014 a
818 3963 957 4016 scholiasta
970 3968 1087 4030 proiecta
1100 3967 1262 4018 eiiciemus.»
1275 3966 1352 4016 Bias.
1367 3993 1394 4002 -
1408 3966 1527 4016 laeuuiii
1540 3993 1568 4003 -
1587 3967 1665 4016 444444
1675 3967 1705 4015 S:

387 4039 516 4092 romril'ii
531 4069 558 4078 -
577 4040 601 4091 8.
613 4052 666 4100 quo
681 4040 807 4101 4444414444
822 4043 862 4090 lus
873 4041 929 4091 E-
943 4055 1007 4102 quae
1023 4043 1064 4090 illa
1081 4043 1133 4102 ipso
1150 4043 1189 4091 die
1205 4041 1290 4090 444444
1300 4047 1334 4113 est
1344 4040 1500 4092 scholiastae
1513 4040 1605 4090 deberi
1617 4044 1709 4091 censet

387 4117 492 4168 Belius.
504 4143 528 4153 -
548 4115 588 4165 40.
601 4114 662 4165 Milo
678 4118 809 4164 444444--
820 4122 987 4165 commoratus
1003 4123 1038 4166 esi
1057 4117 1138 4166 habet
1155 4114 1326 4176 Quintilianus
1344 4118 1385 4177 IV,
1402 4118 1427 4179 4,
1440 4117 1480 4166 444.
1496 4143 1522 4152 -
1543 4121 1631 4166 amatu
1646 4115 1705 4165 Ε-

389 4193 429 4242 il.
447 4196 483 4241 444
498 4190 611 4242 4444444444
626 4190 713 4239 iss:
733 4190 848 4239 4444444444
863 4197 898 4240 444
914 4192 934 4240 0
948 4219 974 4228 -
995 4193 1034 4241 44.
1050 4194 1179 4254 paulisper
1195 4193 1277 4242 TES:
1294 4192 1431 4254 peilllisper
1443 4193 1462 4242 0
1476 4215 1502 4226 —
1522 4190 1562 4240 43.
1581 4192 1636 4262 deip
1647 4191 1705 4240 TE:

388 4265 527 4316 44444480
541 4291 568 4300 -
584 4265 710 4326 profectus
726 4265 802 4314 Tiis:
818 4267 944 4327 proteum
959 4269 1025 4316 4440
1041 4294 1067 4304 -
1086 4268 1125 4317 44.
1138 4268 1200 4316 redu
1216 4268 1270 4316 TS:
1288 4268 1369 4316 44444
1386 4267 1419 4322 Ες
1437 4267 1515 4315 rheda
1526 4266 1559 4322 0;
1579 4266 1617 4315 sic
1629 4265 1709 4314 etiam

387 4354 431 4390 vv.
449 4341 473 4389 4.
491 4341 532 4390 44.
550 4339 591 4389 43.
609 4340 651 4390 44.
672 4367 698 4376 -
722 4340 928 4402 iepadiowulisl'
947 4368 974 4378 -
1002 4342 1042 4391 40.
1061 4356 1198 4404 uumqucm
1214 4343 1265 4406 sere
1281 4355 1334 4392 om.
1354 4342 1373 4391 Τ
1395 4343 1421 4392 in
1440 4343 1558 4391 extremo
1574 4351 1662 4388 versu.
1679 4364 1706 4373 -

389 4417 428 4468 48.
444 4413 667 4478 peruersitas
685 4443 712 4451 -
731 4419 755 4464 44
769 4415 884 4464 muliebri
900 4417 1010 4466 444144
1029 4431 1060 4466 ae
1075 4417 1330 4466 4444444444480-
1349 4416 1388 4465 49.
1407 4414 1629 4480 44441444444-
1646 4413 1710 4463 born

388 4519 424 4530 ·-
435 4491 549 4557 44444444
563 4488 644 4539 habel
660 4490 681 4539 B
699 4514 726 4524 -
744 4489 815 4549 44444
831 4491 850 4540 B
866 4516 892 4526 -
911 4491 952 4541 40.
970 4492 1099 4554 conplures
1115 4493 1164 4541 T-
1183 4505 1240 4541 cum
1257 4491 1310 4540 44444
1326 4491 1413 4540 omli
1432 4515 1459 4525 -
1478 4490 1519 4540 44.
1538 4488 1643 4553 4444444]
1661 4489 1709 4537 od·

386 4566 464 4630 praru
480 4565 500 4614 Β
513 4589 540 4599 -
558 4563 688 4613 rederium
702 4564 784 4614 BTS:
803 4566 950 4615 raedarium
960 4566 994 4625 E;
1013 4566 1188 4616 4444444440
1203 4593 1229 4600 -
1243 4565 1305 4615 &rm
1321 4566 1359 4614 bic
1375 4567 1404 4614 44
1419 4565 1497 4615 rheda
1513 4564 1604 4614 reiecto
1616 4564 1710 4626 penula

387 4639 521 4689 4444444444
541 4638 618 4688 alieri
639 4639 745 4689 Servim
762 4639 796 4689 ad
813 4639 908 4703 Vergil.
926 4644 992 4692 Aen.
1010 4642 1052 4702 444,
1071 4639 1118 4690 446
1136 4643 1163 4690 et
1179 4644 1272 4704 Georg.
1291 4641 1322 4700 11,
1341 4639 1401 4698 38l;
1426 4638 1630 4702 reieclopeaula
1644 4638 1709 4688 4444-

386 4715 433 4763 4444
448 4711 591 4763 Diomedes
606 4725 633 4776 p.
652 4713 709 4774 344,
723 4713 763 4763 40.
779 4741 805 4749 -
824 4715 865 4764 44.
880 4716 975 4776 penula
990 4717 1010 4766 T
1027 4716 1169 4778 444441)-
1189 4715 1318 4766 diriluisrel
1335 4718 1354 4767 T
1368 4742 1394 4751 —
1413 4717 1453 4766 43.
1470 4716 1565 4777 partim
1581 4727 1710 4766 recurrere

387 4790 421 4840 44
436 4789 553 4849 4444444,
575 4791 604 4836 ut
619 4801 637 4836 4
653 4791 723 4851 terpo
739 4788 901 4839 4444044444
915 4791 1033 4840 Milonem
1051 4791 1068 4840 B
1089 4817 1115 4826 —
1142 4791 1273 4840 4444444444
1290 4791 1384 4841 Rarius
1405 4791 1462 4840 444.
1480 4791 1555 4840 44444.
1573 4791 1604 4840 ll.
1622 4803 1648 4855 p.
1667 4791 1707 4840 94.

389 4892 416 4901 -
432 4865 473 4914 44.
490 4863 612 4923 incipiant
628 4859 699 4912 delet
716 4863 822 4914 Rarius.
842 4891 869 4900 -
895 4864 936 4915 46.
954 4866 1081 4915 dominum
1107 4871 1179 4913 eruut
1199 4870 1222 4914 44
1236 4867 1361 4927 praesenti
1375 4865 1475 4929 [uelauit
1491 4866 1510 4914 T
1530 4892 1556 4901 -
1575 4872 1631 4915 sunl
1644 4879 1709 4927 por-

386 4939 431 4988 4444
446 4950 503 4986 mun
519 4937 553 4985 ud
568 4939 674 4988 raedam
685 4938 760 4987 --lo
780 4939 818 4987 444
831 4941 943 5001 personis
957 4942 1041 4990 444444
1059 4941 1093 5004 (p.
1114 4941 1186 5001 4404,
1204 4939 1244 5004 48)
1262 4939 1344 4991 habet
1358 4943 1377 4992 P
1396 4965 1422 4976 -
1443 4941 1483 4990 47.
1502 4941 1600 4990 domiso
1616 4942 1706 4991 TES:

387 5018 410 5064 44
425 5013 523 5062 domiuo
540 5012 588 5062 Po
607 5037 635 5049 -
653 5012 696 5062 48.
713 5013 824 5075 44444444
840 5014 867 5062 id
881 5016 946 5065 44444
962 5017 1062 5066 Milonis
1078 5014 1160 5064 babet
1175 5016 1195 5065 B
1212 5016 1238 5065 in
1255 5014 1369 5072 scholio:
1395 5016 1506 5080 44444444
1521 5015 1585 5066 serui
1600 5017 1708 5079 Milonis,

386 5089 451 5151 quod
467 5100 524 5137 4444
535 5088 696 5138 --444444444
713 5088 885 5149 Quintilianus
903 5092 943 5151 iv,
962 5092 992 5153 4,
1012 5092 1054 5141 444
1078 5089 1119 5151 (ci.
1138 5091 1194 5151 vii,
1214 5091 1237 5148 4,
1254 5091 1286 5140 30
1298 5093 1349 5155 sq.)
1367 5093 1395 5141 et
1410 5089 1490 5142 lulius
1506 5089 1595 5140 Victor
1611 5103 1636 5154 p.
1649 5089 1705 5148 447,

385 5163 426 5214 ai.
448 5191 474 5200 -
496 5163 537 5213 40.
554 5165 619 5213 seui
638 5164 738 5215 44444444
758 5179 774 5215 a
796 5163 942 5228 glossatore
964 5166 1052 5217 addila
1071 5165 1192 5217 videntur
1215 5166 1346 5230 Ernestio,
1371 5167 1466 5230 liavio,
1490 5167 1583 5226 Bakio;
1607 5165 1655 5218 sed
1672 5165 1705 5219 ci.

384 5237 517 5293 Halmium
533 5239 560 5290 in
576 5238 620 5292 44.
637 5240 708 5320 lips.
722 5266 749 5276 —
768 5244 854 5304 aperte
871 5243 905 5292 P:
925 5254 978 5295 om.
997 5241 1111 5296 TESO.
1631 5277 1633 5287 ,
