4009 6159
642 575 958 642 saxu-run.
984 570 1242 660 saroa-roc.
1543 571 1606 638 ess

286 747 423 823 iudices,
444 745 506 810 hoc
527 746 644 811 iudicio
666 747 793 830 vivendi
814 753 982 833 praecepta
996 746 1119 810 dabitis.
1154 746 1213 809 Cui
1227 745 1254 808 si
1267 751 1389 829 patrem
1404 745 1606 818 conservatis,

287 842 391 927 qualis
412 843 480 926 ipse
502 842 616 905 debeat
637 861 707 905 esse
722 841 814 917 civis,
835 841 1073 926 praescrihetis:
1094 841 1144 903 sin
1159 839 1296 923 eripitis,
1318 840 1491 904 ostendetis
1504 840 1607 903 bonae

285 934 401 999 rationi
431 943 462 999 et
493 935 651 1000 constanti
681 944 714 1000 et
741 935 829 1018 gravi
857 935 980 1000 nullum
1001 956 1021 997 a
1042 933 1133 998 vobis
1152 931 1288 996 ductum
1310 952 1380 996 esse
1400 934 1607 1018 propositum.

287 1029 350 1104 Qui
381 1047 456 1105 vos,
486 1029 638 1113 quoniam
668 1030 770 1094 estid
797 1029 925 1104 aetatis,
956 1037 992 1092 ut
1019 1048 1146 1092 sensnm
1176 1029 1238 1091 iam
1265 1027 1425 1111 percipere
1446 1028 1547 1112 possit
1567 1047 1608 1090 ex

286 1143 428 1186 maerore
456 1126 573 1207 patrio,
601 1124 755 1187 auxilium
785 1123 926 1186 nondum
954 1124 1037 1206 patri
1065 1122 1148 1186 ferre
1175 1122 1292 1206 possit,
1325 1129 1409 1196 orat,
1441 1141 1483 1184 ne
1515 1132 1630 1184 suumo

285 1217 404 1282 luctum
432 1219 532 1303 patris
560 1218 713 1292 lacrimis,
739 1219 836 1304 patris
865 1236 1040 1281 maerorem
1061 1235 1119 1280 suo
1141 1217 1218 1278 fletu
1239 1215 1398 1297 augeatis3
1428 1215 1484 1298 qui
1512 1215 1608 1278 etiam

285 1332 336 1374 me
357 1313 508 1387 intuetur,
530 1331 581 1375 me
603 1313 692 1375 vultu
714 1311 861 1396 appellat,
883 1331 984 1374 meam
1007 1309 1146 1393 quodm
1161 1308 1256 1372 modo
1277 1309 1358 1372 llens
1378 1307 1474 1371 iidem
1495 1306 1608 1389 implo-

284 1416 333 1470 rat
358 1427 397 1470 ac
424 1406 539 1491 repetit
566 1425 651 1480 eam,
680 1425 776 1489 quam
805 1425 863 1488 ego
890 1405 972 1488 patri
1003 1425 1061 1468 suo
1089 1404 1249 1488 quondam
1277 1422 1336 1486 pro
1364 1401 1467 1464 salute
1487 1400 1608 1484 patriae

284 1501 521 1583 spoponderim,
544 1499 736 1584 dignitatem.
762 1498 956 1562 Miseremini
970 1498 1120 1572 familiae,
1141 1498 1273 1571 iudices,
1292 1494 1487 1560 miseremini
1501 1493 1607 1578 putris,

285 1594 478 1658 miseremini
507 1593 581 1658 filii:
611 1613 728 1658 nomen
750 1592 959 1658 clarissimum
984 1600 1016 1658 et
1035 1591 1240 1656 fortissimum
1262 1590 1314 1654 rel
1335 1588 1461 1673 generis
1482 1587 1532 1652 vel
1554 1603 1645 1651 υα-υα

284 1683 410 1753 tuslatis
431 1688 482 1754 vel
503 1687 640 1752 hominis
662 1707 757 1752 caum
777 1687 823 1750 rei
846 1686 992 1770 publicae
1013 1693 1181 1752 reservate.

565 1937 756 2000 FRAGMENTA
779 1952 821 1998 Aa
843 1954 925 1998 nutis
947 1952 1164 1998 ecntrromvs
1186 1952 1336 1997 suanm.

372 2065 524 2153 [Isidorus
545 2065 667 2150 Hispal.
690 2067 798 2149 Origg.
814 2067 854 2141 ΙΙ,
875 2061 927 2142 tl,
941 2061 999 2128 29:
1021 2065 1208 2129 Paradoxon
1227 2074 1287 2141 ert,
1310 2084 1378 2128 earn
1398 2063 1526 2127 dicimus
1543 2063 1610 2129 ino·

280 2163 421 2244 pinatnnt
441 2161 557 2243 aliquid
577 2161 735 2235 αααίυίίαυα,
757 2171 791 2224 at
814 2179 875 2242 pro
896 2160 1002 2223 llacao
1024 2161 1145 2223 Cicero:
1178 2160 1268 2224 cuius
1290 2158 1392 2223 laudis
1413 2160 1610 2243 praedicator

284 2276 356 2320 esse
377 2256 536 2331 debuerit,
558 2255 626 2319 eius
648 2255 780 2338 periculi
802 2255 1038 2339 deprecatorem
1059 2273 1130 2318 esse
1151 2253 1279 2318 iactum.
1618 2278 1647 2324 to

370 2351 470 2415 lulius
496 2350 608 2414 Victor
627 2350 687 2413 XV
708 2369 739 2433 p.
762 2345 824 2412 243
847 2349 896 2412 ed.
918 2356 1062 2412 nostrae:
1091 2350 1173 2412 Licet
1201 2349 1292 2412 ctiam
1313 2347 1501 2430 principales
1520 2369 1610 2431 qaae-

282 2447 394 2508 stionca
414 2445 448 2508 in
462 2443 617 2526 principio
633 2461 843 2526 praecerpere,
872 2443 923 2505 sed
944 2459 1115 2524 praecurso
1135 2444 1198 2506 rota
1219 2451 1307 2525 atque
1327 2450 1426 2515 tacta,
1453 2451 1488 2505 at
1507 2443 1542 2506 dc
1562 2445 1610 2507 lie

282 2541 391 2622 paneri
409 2539 562 2610 αίυίααίυυα,
585 2539 730 2622 monada
748 2557 807 2620 pra
827 2537 935 2601 Flacco
956 2544 983 2599 et
998 2555 1060 2618 pro
1080 2538 1202 2599 Fonteio
1222 2538 1346 2600 Marciae
1369 2535 1506 2599 Tullios:
1529 2536 1609 2600 nihil

283 2635 333 2718 agi
357 2633 413 2697 illo
434 2633 552 2698 iudicio
580 2632 642 2696 nisi
669 2640 706 2696 ut
732 2632 932 2715 magistratus
954 2630 988 2694 in
1016 2632 1189 2714 provinciis
1210 2651 1276 2695 nou
1297 2630 1434 2695 audeant
1454 2631 1610 2716 imperare

283 2727 398 2802 sociis,
420 2725 507 2812 quod
530 2747 570 2790 ex
590 2747 650 2791 usu
671 2725 718 2791 rei
739 2726 884 2812 publicae
905 2719 968 2808 sit]
1618 2751 1648 2799 sa

368 2821 544 2884 Arusianus
571 2820 707 2884 Messius
729 2841 758 2884 r.
780 2820 943 2884 Bcneoolus
962 2819 1011 2882 ilii
1031 2841 1062 2903 p.
1084 2815 1147 2884 2⁴8
1170 2822 1219 2885 ed.
1240 2821 1404 2886 Liudsm.=
1430 2823 1533 2887 Cicera
1550 2840 1610 2903 pro

281 2917 409 2980 llacca:
441 2915 544 2991 Quam
566 2914 755 2978 benevolum
775 2913 860 2977 hunc
880 2913 1000 2999 populo
1022 2914 1180 2988 Romano,
1207 2934 1302 2998 quam
1323 2915 1451 2980 fidelem
1471 2917 1610 2998 putatis?

369 3010 582 3093 Hieronymus
605 3010 763 3072 Commeat.
786 3009 825 3071 ad
848 3007 948 3072 Galat.
971 3007 1000 3084 1,
1023 3003 1043 3068 3
1066 3015 1099 3071 et
1119 3027 1168 3093 ep.
1185 3009 1233 3085 X,
1255 3005 1275 3072 3
1298 3008 1385 3093 (Opp.
1406 3007 1459 3085 IV,
1481 3005 1502 3072 2
1521 3029 1552 3093 p.
1569 3005 1608 3070 to

283 3102 333 3168 ed.
358 3101 503 3186 Benedlt
529 3101 694 3166 doctissimi
713 3103 821 3186 quique
844 3101 1045 3181 drasconem,
1070 3101 1105 3164 dc
1125 3102 1230 3185 αυυῶιυυ
1245 3122 1307 3185 pro
1325 3105 1433 3170 diacre
1452 3121 1543 3186 apest
1564 3102 1610 3166 Ιυυ-

282 3199 415 3262 συυίαυυίαν
437 3198 553 3262 Tulliae
572 3199 636 3262 ait:
657 3197 798 3280 ingenita
818 3195 929 3262 levitas
951 3201 983 3260 et
1005 3194 1129 3260 erudita
1149 3197 1282 3262 vanitas.
1616 3218 1645 3268 ss

349 3461 594 3526 respuam.
613 3462 630 3511 S
653 3488 682 3498 -
708 3459 940 3512 αυυαυυυίίίίυῦΤ-
965 3457 1412 3523 1Ι.υαυρυαυαυαυυυναιυυυυυεΉυ-
1437 3459 1608 3523 amans:

281 3535 413 3602 satiarint
432 3538 518 3601 patris
542 3537 633 3588 ceteri.
658 3561 686 3574 -
713 3534 754 3588 tl.
773 3537 821 3588 «ln
843 3533 960 3586 orations
982 3547 1033 3600 pro
1054 3535 1147 3586 Plecco
1170 3547 1224 3586 non
1239 3536 1371 3600 reperitur
1386 3535 1431 3587 iric
1447 3532 1537 3596 locus,
1558 3535 1609 3584 uisi

283 3612 441 3664 memoriter
460 3625 523 3663 eum
544 3609 700 3673 laudaverit,
723 3612 768 3676 qui
788 3609 884 3675 legltm
903 3609 937 3660 ab
960 3610 1033 3661 initio
1054 3613 1193 3663 orationis:
1218 3611 1364 3675 υιυσυαίαυυυ,
1385 3611 1489 3673 Μίασυ,
1509 3611 1611 3661 nonan

280 3686 964 3751 potaruntammaanaorontanrnnoaan
984 3685 1607 3751 manutenerent-ittona-

282 3763 323 3814 20.
343 3762 439 3813 «ilaec
460 3761 543 3815 verbe
565 3760 720 3814 collocanda
740 3760 864 3812 videntur
883 3762 955 3812 circa
977 3763 1080 3814 initium
1095 3761 1207 3815 lacunae
1224 3763 1317 3829 capitis
1333 3761 1458 3824 secandi,
1480 3763 1609 3814 Cicerone

283 3839 341 3902 ipso
360 3836 461 3901 indice,
479 3837 526 3889 ubl
543 3839 580 3889 alt
597 3837 620 3902 (3
637 3837 676 3901 il:
694 3838 743 3888 niti
757 3837 834 3902 sorte,
852 3849 917 3899 qaae
931 3850 972 3889 rer
986 3839 1034 3888 ltoc
1048 3839 1140 3889 Μίσία
1156 3843 1274 3898 tentam,
1292 3838 1353 3901 qaid
1367 3843 1476 3902 αασίυσ,
1492 3838 1534 3888 συυί
1549 3848 1610 3887 caa-

283 3925 326 3964 tac
340 3913 506 3978 Ῑυυυυυίσυααυία
521 3915 661 3975 iactantem
678 3913 783 3976 Μίσυυ,
800 3927 851 3964 non
865 3913 977 3964 clam·
995 3915 1056 3967 llar.
1076 3941 1104 3951 -
1121 3914 1162 3966 ti.
1181 3913 1320 3966 ίυυυίααίυυαυ
1334 3913 1447 3977 ommno
1464 3911 1559 3963 codex.
