4009 6159
420 599 529 683 roos
678 620 832 686 onemo
852 618 1079 686 rmnmmm
1100 622 1186 685 xm
1209 622 1281 688 cn.
1296 618 1382 686 xm.
1405 619 1493 705 sao.

420 798 475 855 aut
500 810 570 855 eum
597 811 631 854 rs
657 790 783 873 publiea
804 789 935 853 Antonii
961 789 1095 855 redeant
1115 792 1148 855 in
1171 793 1311 875 qratiam.
1346 792 1488 856 Monstra
1510 792 1666 876 quaedum
1686 792 1750 855 ista

423 895 456 950 et
483 891 631 970 portenta
658 892 732 948 sunt
754 880 921 969 [prodigio]
944 886 990 949 rei
1013 885 1166 971 publicae.
1204 886 1325 951 lloreri
1346 886 1473 950 sedibus
1493 886 1569 951 huin
1590 886 1661 949 urbi
1682 904 1748 950 me·

422 980 482 1044 lius
505 988 554 1043 est
574 987 668 1063 atquo
689 980 723 1043 in
745 980 839 1055 alias,
869 980 895 1042 si
918 978 989 1043 fieri
1011 981 1125 1062 possit,
1155 986 1254 1045 terras
1276 980 1465 1065 demigrare,
1488 981 1573 1044 undo
1594 979 1749 1043 Antonio·

422 1095 492 1138 rum
520 1094 579 1140 neo
607 1073 689 1137 facta
710 1093 769 1136 neo
790 1092 906 1137 nomen
929 1074 1049 1149 audiet,
1083 1094 1178 1158 quam
1199 1073 1289 1150 illos,
1314 1075 1459 1139 'Caesaris
1480 1076 1596 1139 virtute
1618 1073 1745 1147 eiectos,

396 1170 510 1232 oBruti
531 1174 684 1242 retentos,
707 1167 790 1230 iutra
811 1165 889 1230 haec
912 1168 1037 1230 moenia
1059 1169 1175 1231 videre.
1209 1167 1448 1251 Optatissimum
1471 1177 1519 1233 est
1533 1168 1676 1241 vineero3
1697 1186 1748 1229 so-

358 1261 360 1268 ’
422 1263 560 1325 cundum
588 1267 637 1325 ent
664 1261 786 1325 nullum
811 1281 919 1325 casum
940 1282 998 1344 pro
1022 1261 1173 1345 dignitate
1197 1272 1228 1327 et
1249 1264 1395 1328 libertate
1414 1265 1535 1348 patriae
1557 1282 1623 1326 uon
1643 1262 1747 1325 leren-

422 1356 498 1418 dum
519 1363 638 1439 putare.
675 1354 770 1430 Quod
792 1354 950 1439 reliquum
973 1363 1038 1431 est,
1064 1375 1129 1418 non
1152 1363 1201 1420 est
1222 1358 1366 1433 tertium,
1389 1359 1445 1421 sed
1466 1364 1658 1442 postremum
1680 1375 1747 1419 om·

421 1449 523 1525 nium,
545 1450 714 1512 maximam
736 1450 962 1531 turpitudinem
984 1450 1146 1531 suscipere
1167 1451 1249 1514 ritae
1271 1450 1452 1533 eupiditate.
1495 1448 1547 1512 50.
1570 1449 1661 1526 Quae
1677 1470 1746 1513 num

256 1504 298 1651 J
388 1554 402 1622 ,κ
421 1544 466 1608 in
488 1546 563 1618 sint,
591 1544 631 1606 ne
652 1541 809 1605 mannans
831 1542 1007 1625 litterisque
1030 1542 1071 1605 u.
1094 1543 1222 1626 Lepidi,
1250 1545 1308 1638 vm
1331 1544 1511 1620 nassum,
1543 1544 1677 1608 sermo
1697 1564 1747 1607 ae-

385 1625 413 1704 lo
422 1639 543 1701 sentior
564 1643 596 1700 et
615 1636 677 1699 hoo
698 1636 833 1720 amplius
853 1655 988 1710 oeuseo,
1017 1637 1166 1720 Magnum
1188 1639 1390 1720 Pompeium,
1421 1638 1519 1702 Gnaei
1542 1636 1661 1712 filium,
1688 1658 1746 1721 pro

422 1733 518 1814 patris
547 1730 765 1813 maiorumque
795 1750 925 1794 suorum
954 1731 1060 1794 animo
1088 1732 1257 1814 studioque
1283 1734 1316 1795 iu
1343 1749 1411 1795 rem
1437 1724 1608 1814 publicam
1626 1750 1744 1815 suaque

421 1826 553 1910 pristina
573 1826 700 1899 virtute,
722 1823 892 1898 industria,
914 1824 1077 1888 voluntate
1100 1825 1224 1899 lenisse,
1247 1826 1332 1909 quod
1348 1846 1435 1889 suam
1452 1844 1642 1908 eorumque,
1665 1844 1744 1908 quos

422 1937 529 1983 secum
551 1919 697 1993 haberet,
720 1938 846 2003 operam
869 1920 991 1982 senatui
1013 1919 1195 2002 populoque
1211 1922 1350 1984 Romano
1365 1920 1526 2003 pollicitus
1541 1925 1639 1994 esset,
1661 1938 1746 1983 enm-

423 2032 486 2098 que
517 2032 583 2075 rem
613 2012 736 2075 senatui
767 2013 951 2096 populoque
980 2015 1121 2077 Romano
1151 2020 1269 2096 gratum
1299 2021 1525 2098 acceptumque
1554 2032 1624 2077 osso
1652 2014 1745 2095 eique

386 2123 413 2168 en
421 2106 536 2170 honori
564 2106 772 2188 dignitatique
803 2125 872 2169 eam
900 2126 965 2170 rem
992 2106 1071 2170 iore.
1112 2109 1181 2171 Iloo
1201 2108 1252 2171 vel
1274 2109 1424 2191 coniungi
1446 2108 1598 2171 enmono
1619 2114 1745 2170 senatus

422 2200 568 2263 consulto
591 2200 679 2273 lieet,
699 2200 751 2262 vel
773 2200 897 2284 seiungi
918 2207 1024 2283 potest
1046 2201 1280 2284 separatimque
1302 2201 1469 2285 perscribi,
1492 2210 1527 2265 ut
1547 2200 1674 2285 proprio
1696 2220 1746 2263 se·

422 2300 515 2355 uatus
537 2294 680 2357 consulto
702 2294 872 2377 Pompeius
895 2295 1091 2360 collaudatus
1114 2314 1184 2358 esse
1205 2295 1358 2359 videatur.

488 2562 512 2611 4.
531 2559 653 2610 απιοηΗ)
672 2586 700 2599 -
718 2560 944 2624 mposomom.
963 2563 1023 2612 4-
1043 2560 1378 2625 anteposuerant:
1402 2562 1744 2625 monumento-

422 2636 447 2685 2.
463 2635 581 2701 prompto
597 2630 665 2684 ab¹:
681 2639 706 2685 ot
719 2636 839 2699 prodipto
854 2634 940 2698 Μαι.
953 2636 1067 2698 2l8103
1086 2650 1134 2688 nos
1148 2638 1267 2701 prompto
1283 2639 1312 2687 ut
1328 2636 1461 2700 glossema
1478 2634 1641 2689 inclusimus.
1657 2664 1690 2675 -·
1705 2650 1745 2687 eo-

422 2711 492 2761 olom
508 2711 576 2761 mei:
599 2710 694 2761 mom
710 2712 761 2760 oute
777 2711 797 2760 0
816 2724 878 2761 cum
893 2708 994 2775 aliquot
1010 2710 1082 2763 libris
1101 2714 1220 2763 Ferrarii.
1239 2739 1265 2749 -
1284 2713 1341 2763 luto
1356 2712 1426 2763 uerti
1442 2714 1452 2762 t
1470 2738 1498 2749 ·-
1517 2712 1540 2763 3.
1558 2712 1586 2761 tn
1602 2724 1656 2761 om.
1674 2710 1743 2767 ati;

422 2785 482 2835 cod.
496 2785 655 2835 Frauoinnus
670 2785 698 2834 to
715 2788 776 2836 ante
793 2792 874 2835 torrae
885 2785 974 2836 habet.
986 2811 1013 2822 -
1031 2792 1111 2849 posset
1124 2786 1132 2837 i
1145 2813 1172 2822 -
1191 2788 1215 2838 9.
1228 2786 1277 2837 otri
1293 2788 1368 2853 clun]
1382 2802 1416 2838 .o.
1429 2801 1451 2836 o.
1464 2784 1542 2837 abtl
1555 2813 1582 2822 -
1602 2786 1642 2837 to.
1656 2786 1744 2849 onon]

421 2872 462 2909 on.
474 2858 506 2923 (o.
518 2859 558 2923 n.)
573 2860 626 2910 met
644 2886 673 2897 -
691 2859 732 2910 44.
749 2860 776 2909 tn
788 2873 820 2910 .r.
831 2872 858 2923 p.
871 2858 925 2910 mel
943 2883 970 2897 -·
989 2861 1032 2912 44.
1047 2862 1172 2923 ρνὶςινίηα
1188 2863 1199 2911 4
1216 2886 1243 2899 -
1263 2862 1303 2912 ts.
1322 2862 1464 2911 conserant
1480 2864 1492 2911 t
1506 2886 1539 2899 -
1553 2861 1743 2926 populoque-lt]

424 2946 457 2997 p.
476 2948 501 2996 q.
517 2948 541 2984 r.
560 2936 581 2994 i3
602 2947 634 2987 .r.
652 2946 720 2997 qu.
738 2933 850 2987 aht-
869 2933 910 2987 tl.
928 2947 1019 2985 rma.
1036 2949 1063 2998 p.
1080 2950 1105 2999 q.
1122 2936 1147 2987 rr'
1169 2938 1225 2987 t-
1248 2938 1289 2989 444.
1307 2936 1555 3002 oontuotrenlsoob¹
1574 2962 1602 2975 -
1624 2936 1665 2987 li.
1682 2948 1744 2987 con-

422 3010 541 3061 laudatos
557 3023 581 3061 a.
1105 3058 1110 3067 ,
