4009 6159
204 841 277 922 πῖθ’

387 558 468 628 toto
799 559 949 625 orario
972 558 1050 624 rao
1072 561 1114 623 M.
1137 558 1282 624 CAELIO

387 733 492 810 Quare
519 735 551 796 in
573 733 634 796 boc
655 751 769 814 genere
791 731 878 793 labor
900 728 1031 792 oilendit
1057 729 1200 792 homines
1222 748 1241 791 a
1262 727 1432 810 studioque
1455 727 1607 802 deteiret,
1637 745 1702 791 non

372 829 450 911 (quo
471 834 526 890 aut
545 826 672 908 ingenia
693 822 839 904 deficiant
859 830 913 886 aut
934 822 1077 887 doctrina
1099 817 1260 911 puerilis.)
1283 817 1332 882 ll.
1354 823 1403 883 dn
1423 821 1487 896 bic,
1509 822 1537 884 si
1559 840 1629 885 sese
1648 821 1702 885 isti

386 923 468 983 vitae
489 919 677 993 dedidisset,
700 919 896 981 consularem
918 918 1077 981 bominem
1100 915 1268 979 admodum
1291 914 1476 978 adolescens
1497 915 1531 977 in
1553 915 1702 978 iudicium

385 1015 581 1077 vocavisset?
602 1014 670 1087 bic,
693 1013 719 1075 si
743 1012 879 1074 laborem
902 1011 1041 1093 fugeret,
1064 1010 1091 1073 si
1113 1010 1283 1073 obstrictus
1299 1009 1512 1093 voluptatibus
1533 1016 1701 1084 teneretur,

364 1107 499 1170 cinnae
521 1108 587 1170 acie
610 1107 752 1190 quotidie
774 1108 970 1168 versaretur?
1000 1112 1162 1188 appeteret
1183 1104 1386 1167 inimicitias‘.l
1415 1104 1448 1166 in
1477 1102 1627 1166 iudicium
1649 1122 1702 1165 ro-

387 1203 491 1264 caretl
514 1202 635 1264 subiret
655 1200 827 1283 periculum
844 1200 954 1282 capitis
968 1199 1058 1282 ipse‘l
1078 1199 1275 1281 inspectante
1288 1198 1408 1280 pupulo
1424 1199 1564 1261 Romano
1579 1204 1625 1260 tot
1640 1197 1702 1259 ianr

387 1315 510 1358 menses
538 1302 593 1359 aut
620 1297 659 1358 de
688 1293 788 1357 salute
816 1302 870 1356 aut
897 1292 936 1357 de
965 1293 1065 1375 gloria
1094 1293 1283 1357 dimicaret?
1325 1293 1396 1352 llll.
1417 1290 1502 1354 Nibil
1530 1291 1627 1372 igitur
1648 1290 1703 1353 illa

386 1388 530 1451 vicinitas
544 1389 689 1454 redolet?
710 1386 789 1448 nihil
803 1387 966 1450 bominum
980 1385 1085 1450 iamai
1107 1386 1187 1448 nibil
1202 1386 1297 1449 Baiae
1311 1384 1449 1469 denique
1464 1385 1552 1468 ipsae
1567 1383 1702 1466 loquun-

387 1485 458 1542 tur‘l
481 1481 556 1544 lllae
571 1502 647 1544 vero
669 1502 732 1545 non
753 1480 928 1564 loquuntur
949 1481 1068 1555 solum,
1090 1500 1199 1544 varum
1214 1479 1308 1543 etiarn
1323 1485 1511 1563 personant:
1532 1479 1594 1541 buc
1609 1478 1703 1540 unius

351 1593 377 1637 so
387 1574 527 1637 mulieris
549 1575 711 1638 libidinem
733 1595 802 1638 esse
825 1574 1019 1658 prolapsam,
1048 1583 1084 1638 ut
1112 1594 1150 1638 ea
1170 1594 1236 1637 non
1257 1574 1351 1637 modo
1374 1572 1577 1635 solitudinem
1599 1591 1636 1634 ac
1657 1579 1703 1634 te-

386 1669 498 1731 nebras
521 1677 617 1754 atque
637 1670 716 1732 baec
736 1669 924 1752 flagitiorum
946 1669 1160 1750 integumenta
1181 1689 1245 1731 non
1261 1675 1409 1752 quaerat,
1432 1667 1486 1730 sed
1508 1667 1542 1728 in
1561 1667 1703 1749 turpissi-

387 1763 446 1825 mis
467 1763 562 1826 rebus
583 1763 840 1846 frequentissima
861 1762 1041 1825 celebritate
1064 1769 1096 1825 et
1117 1761 1289 1826 clarissima
1309 1761 1380 1824 lnce
1401 1762 1543 1824 laetetur.

470 1853 521 1918 ta.
544 1859 661 1920 Verum
684 1857 710 1920 si
733 1857 805 1940 quis
827 1863 889 1931 est,
923 1858 976 1940 qui
999 1857 1093 1920 etiam
1117 1857 1302 1920 meretriciis
1324 1855 1482 1919 amoribus
1502 1855 1703 1919 interdictum

387 1951 542 2014 iuventuti
563 1957 669 2034 putet,
693 1961 742 2014 est
761 1951 815 2013 ille
839 1951 966 2035 quidem
982 1951 1073 2013 valde
1094 1969 1223 2039 serenus
1236 1984 1279 1994 -
1292 1968 1405 2032 negare
1427 1969 1492 2011 non
1512 1969 1642 2031 possum
1651 1981 1703 2023 -,

351 2042 443 2106 cased
466 2045 612 2108 abhorret
632 2063 696 2107 non
719 2045 812 2109 modo
834 2045 874 2108 ab
894 2046 989 2107 buius
1012 2043 1129 2109 sacculi
1153 2043 1297 2116 licentia,
1319 2063 1426 2106 verum
1449 2043 1543 2106 etiam
1565 2061 1584 2104 a
1604 2043 1703 2106 maio-

388 2158 456 2200 rum
484 2139 712 2202 consuetudine
739 2145 835 2223 atque
863 2139 1029 2201 concessis.
1072 2137 1206 2213 Quando
1233 2139 1316 2200 enim
1342 2136 1402 2199 lanc
1423 2156 1487 2199 non
1507 2136 1624 2200 tactum
1645 2144 1703 2211 est,

388 2230 515 2315 quando
536 2233 780 2315 reprehensum,
811 2231 937 2316 quando
958 2252 1022 2295 non
1043 2232 1252 2315 permissum‘l
1283 2229 1411 2314 quando
1432 2228 1568 2313 denique
1589 2228 1651 2293 luit
1668 2238 1705 2292 ut

388 2325 576 2409 quodlicet
605 2346 669 2388 non
698 2325 829 2390 liceret?
860 2327 919 2388 llic
951 2345 1009 2407 ego
1031 2325 1092 2388 iam
1114 2345 1180 2387 rem
1203 2322 1366 2388 definiam:
1400 2322 1564 2387 mulierem
1585 2323 1704 2386 nullam

387 2417 578 2482 nominabo:
601 2425 721 2483 tantum
744 2420 776 2481 in
799 2421 904 2482 medio
924 2418 1111 2501 relinquam.
1154 2414 1205 2479 49.
1229 2419 1261 2480 Si
1285 2437 1366 2502 quae
1388 2437 1453 2479 non
1474 2424 1573 2499 nupta
1591 2416 1705 2478 mulier

351 2511 512 2576 sodomum
536 2533 624 2576 suam
646 2513 827 2597 patefecerit
849 2513 987 2576 omnium
1010 2512 1174 2595 cupiditati
1194 2513 1361 2596 palamque
1383 2531 1453 2575 sese
1474 2511 1507 2573 in
1528 2509 1705 2574 meretricia

387 2606 451 2669 vita
477 2606 654 2680 collocarit,
681 2609 817 2670 virorum
847 2607 1109 2670 alienissimorum
1136 2605 1286 2670 conviviis
1313 2607 1359 2668 uti
1379 2604 1565 2678 instituerit3
1595 2603 1623 2668 si
1643 2604 1704 2666 hoc

388 2700 421 2762 in
442 2699 536 2772 urbe,
567 2701 593 2762 si
622 2702 653 2762 in
683 2701 798 2774 bortis,
829 2701 909 2763 siin
931 2700 1075 2762 Baiarum
1097 2699 1151 2762 illa
1172 2699 1355 2762 celebritate
1375 2699 1487 2773 iaciat,
1516 2700 1542 2761 si
1564 2698 1704 2782 denique

388 2795 433 2856 ita
454 2813 524 2857 sese
545 2802 633 2877 gerat
653 2815 717 2857 non
739 2795 865 2858 incessu
888 2795 1005 2868 solum,
1035 2793 1089 2856 sed
1114 2799 1226 2856 ornatu
1248 2800 1343 2875 atque
1365 2794 1532 2866 comitatu,
1564 2812 1627 2855 non
1648 2793 1704 2854 lla-

388 2889 507 2970 grantia
529 2889 708 2963 oculorum,
731 2909 794 2952 non
816 2888 959 2951 libertate
981 2890 1150 2961 sermonis,
1182 2888 1237 2950 sed
1260 2887 1362 2966 etiam⁴
1376 2886 1559 2968 complexu,
1581 2886 1704 2949 oscula-

352 2983 490 3057 astione,
520 2984 630 3067 aquis,
659 2984 874 3066 navigatione,
897 2983 1065 3055 conviviis,
1091 2991 1210 3044 utnon
1234 2981 1336 3044 solum
1359 2982 1523 3053 meretrix,
1544 2981 1704 3043 sedetiam

383 3086 525 3157 proteron
552 3079 695 3141 meretrico
723 3096 905 3160 procaxque
927 3077 1086 3140 videatur:
1116 3096 1187 3139 cum
1208 3075 1267 3137 bac
1290 3076 1316 3137 si
1339 3075 1395 3158 qui
1416 3074 1601 3138 adolescens
1621 3074 1702 3137 torte

387 3169 496 3244 fuerit,
517 3177 621 3235 utrum
643 3173 693 3234 hic
715 3171 788 3244 tibi,
811 3171 845 3232 L.
869 3170 1024 3243 Herenni,
1047 3168 1169 3233 adulter
1189 3189 1230 3232 an
1248 3177 1384 3242 amator,
1407 3187 1588 3250 expugnare
1610 3168 1703 3250 pudi-

389 3266 494 3328 citiam
522 3285 561 3327 an
588 3265 716 3348 explere
747 3264 911 3327 libidinem
932 3263 1072 3325 voluisse
1095 3264 1261 3326 rideatur?
1298 3260 1349 3323 50.
1371 3261 1550 3324 Obliviscor
1570 3262 1633 3324 iam
1655 3263 1703 3324 in·

389 3358 485 3422 iurias
507 3367 594 3432 tuas,
618 3358 742 3433 Clodia3
765 3358 891 3439 depono
913 3358 1094 3420 memoriam
1116 3356 1235 3419 doloris
1258 3359 1336 3428 mei;
1361 3375 1443 3440 quae
1463 3356 1518 3418 abs
1541 3365 1571 3419 te
1593 3356 1703 3420 crude·

352 3469 380 3516 ao
390 3453 460 3515 liter
482 3453 515 3514 in
537 3472 623 3516 meos
646 3471 694 3514 me
716 3451 844 3513 absente
865 3449 947 3514 facta
969 3459 1058 3525 sunt,
1087 3451 1228 3533 negligo:
1255 3470 1295 3513 ne
1318 3451 1381 3512 sint
1400 3450 1480 3512 baec
1502 3451 1535 3512 in
1556 3458 1588 3513 te
1610 3451 1702 3525 dicta,

390 3566 470 3629 quae
492 3546 569 3609 dixi.
606 3545 668 3608 Sed
691 3565 731 3608 ex
753 3552 783 3607 te
805 3545 873 3627 ipsa
895 3546 1039 3627 requiro,
1067 3544 1216 3628 moniam
1239 3551 1271 3606 et
1291 3544 1408 3608 crimen
1429 3551 1626 3608 accusatores
1647 3544 1702 3607 abs

455 3912 478 3961 t.
497 3911 581 3971 Quare
597 3909 623 3958 io
639 3908 663 3958 b.
681 3921 706 3972 p.
724 3907 796 3958 luber
811 3909 911 3971 offendit
927 3908 1035 3959 besaines
1050 3923 1068 3959 o
1084 3911 1211 3971 studioque
1222 3907 1378 3971 bladrigius:
1397 3909 1703 3975 praetumidae

386 3987 461 4051 flendi
477 3983 557 4048 (tabor
572 3984 702 4047 conflandi
718 3983 775 4044 EG)
792 3984 900 4034 bomiaes
917 3997 934 4033 c
950 3986 1076 4054 studioque
1092 3985 1184 4044 PEG;
1209 3985 1277 4045 (loce
1292 3997 1333 4033 res
1347 3984 1374 4032 io
1387 3984 1411 4032 b.
1423 3999 1449 4048 q.
1462 3984 1569 4036 bcmioee
1584 3999 1603 4034 o
1618 3986 1704 4038 labore

387 4061 514 4123 studioque
530 4059 625 4108 dicendi
643 4054 757 4118 (discendi
773 4059 797 4118 S)
815 4060 859 4110 SO
879 4086 906 4096 -
930 4073 980 4108 noo
996 4062 1061 4122 quod
1077 4061 1096 4109 L
1113 4087 1146 4096 —
1165 4061 1189 4108 2.
1208 4071 1257 4106 sese
1273 4061 1305 4109 P:
1326 4071 1351 4108 se
1366 4059 1417 4109 EG
1433 4062 1460 4109 et
1476 4058 1553 4109 codd.
1571 4062 1700 4113 drusiani.

390 4161 416 4171 -
436 4136 460 4185 3.
478 4133 605 4183 dedidisset
621 4135 765 4182 Arusianus
782 4135 812 4196 (s.
826 4147 851 4182 v.
865 4135 948 4196 dodoi:
967 4136 1067 4185 dedisset
1084 4136 1131 4185 CO
1145 4161 1172 4171 -
1191 4135 1215 4184 5.
1233 4134 1320 4182 cotidie
1336 4137 1355 4184 P
1372 4134 1479 4194 (cottidie
1494 4135 1521 4183 io
1537 4135 1584 4185 boc
1600 4137 1654 4186 acie
1670 4138 1698 4199 Ε)

388 4237 420 4246 -
437 4209 561 4271 adpeteret
576 4210 595 4259 P
614 4233 641 4244 -
660 4207 683 4256 6.
703 4208 791 4270 capitis
806 4209 856 4270 ipse
873 4211 906 4258 C:
930 4210 1037 4272 sopitis?
1052 4212 1106 4273 ipso
1123 4211 1143 4259 0
1162 4235 1188 4245 -
1208 4210 1310 4258 tottam
1325 4223 1419 4259 meuses
1435 4209 1591 4260 Lambinus:
1609 4216 1645 4261 tot
1660 4217 1702 4262 to-

387 4297 479 4334 menses
494 4287 514 4334 P
532 4283 587 4344 (sed
605 4295 623 4331 o
639 4286 738 4343 erasa);
757 4287 792 4332 tot
807 4296 900 4334 musaea
916 4285 935 4334 E
945 4286 1020 4335 GSO
1039 4313 1065 4322 -
1084 4285 1108 4334 8.
1126 4286 1177 4345 ipse
1193 4285 1340 4344 loquatorP
1353 4311 1380 4320 -
1399 4286 1424 4334 9.
1441 4285 1489 4334 buc
1500 4287 1519 4335 G
1529 4282 1570 4335 1³⁹:
1588 4286 1652 4335 bruc
1663 4290 1700 4348 ΡΙ,

387 4359 458 4408 butus
473 4359 493 4408 E
514 4381 540 4393 -·
560 4357 599 4408 aa.
618 4358 693 4407 dicos
708 4369 761 4408 om.
781 4361 815 4417 G,
834 4359 856 4407 es'
872 4362 925 4409 tom
942 4361 960 4410 E
980 4388 1007 4396 -
1024 4359 1160 4408 metricis
1176 4360 1195 4408 P
1209 4385 1235 4394 -
1255 4359 1294 4407 tl.
1313 4359 1387 4408 nome
1403 4363 1435 4418 P,
1455 4359 1503 4409 sed
1520 4361 1547 4410 ol
1562 4362 1588 4411 in
1605 4375 1658 4413 ras.
1673 4389 1700 4399 -

388 4435 427 4483 ⁴5.
447 4433 477 4482 ab
498 4433 569 4482 boian
586 4433 602 4482 S
619 4435 646 4482 et
663 4435 683 4482 G
700 4445 758 4496 sup.
778 4431 837 4483 lim:
862 4435 893 4482 ab
914 4436 966 4484 aas
984 4435 1063 4484 PEG
1085 4433 1144 4496 {sed
1167 4432 1182 4480 b
1204 4434 1229 4482 in
1247 4435 1266 4482 P
1283 4434 1309 4483 in
1326 4446 1388 4493 ras,
1411 4447 1444 4483 ex
1459 4447 1478 4482 as
1493 4437 1523 4484 ut
1538 4435 1653 4498 videbar}
1672 4463 1700 4473 -

386 4508 478 4558 samnii
494 4512 528 4559 P:
554 4507 629 4556 meoli
645 4507 665 4556 0
684 4533 711 4541 —
731 4509 770 4556 46.
788 4521 902 4557 concessu
918 4509 1030 4559 Ernesti.
1050 4533 1077 4542 —
1105 4508 1288 4570 stercona
1309 4535 1336 4544 -
1359 4511 1412 4558 ium
1432 4523 1486 4559 ran
1502 4508 1531 4560 1³²
1547 4511 1573 4560 in
1596 4525 1700 4561 rasura:

385 4595 439 4633 rem
455 4585 507 4633 ium
524 4583 584 4643 EG;
604 4580 661 4631 lort.
674 4582 756 4643 ipsam
771 4593 825 4632 rem
837 4584 877 4646 (cl.
892 4582 972 4646 §itu
991 4596 1053 4632 nam
1070 4582 1213 4647 particulae
1229 4585 1281 4633 iam
1297 4585 1340 4634 hic
1358 4584 1443 4636 nullus
1460 4584 1534 4635 locus
1545 4584 1656 4635 videtur.
1672 4613 1699 4623 —

387 4657 427 4706 49.
445 4657 466 4706 si
483 4657 595 4718 quaec:
613 4657 738 4718 siqooo
756 4684 781 4694 -
801 4663 880 4720 copto
896 4658 925 4710 pn
941 4659 966 4708 in
984 4671 1036 4708 ras.
1056 4684 1084 4695 ·-
1106 4661 1146 4708 tt.
1164 4660 1300 4710 conlocarit
1315 4664 1348 4719 P;
1367 4662 1557 4711 collocaveritb
1576 4687 1603 4696 -
1619 4661 1658 4711 oti
1673 4663 1703 4712 Ρ

386 4733 411 4782 ln
430 4745 481 4782 ras.
548 4733 592 4782 boc
607 4733 634 4781 iu
652 4735 671 4783 G
689 4733 743 4789 lsed
762 4735 786 4784 in
805 4735 881 4798 ras.);
903 4736 947 4784 boc
964 4737 994 4792 P,
1013 4734 1059 4782 boc
1075 4733 1095 4782 E
1114 4761 1141 4768 -
1159 4736 1200 4784 Ξῖ.
1217 4736 1257 4784 sio
1272 4736 1349 4785 bortis
1364 4733 1393 4786 P¹
1411 4763 1437 4771 -
1457 4736 1537 4798 sociat
1552 4736 1568 4785 2
1584 4737 1699 4786 Omna:

385 4809 447 4871 fucit
463 4807 505 4866 P¹;
523 4808 596 4870 societ
614 4805 701 4858 P²EG
717 4835 749 4844 -
766 4809 806 4858 23.
824 4815 898 4872 perot
919 4811 933 4860 3
951 4811 1065 4860 Orotan:
1093 4815 1160 4872 peret
1181 4809 1227 4858 PE
1238 4812 1271 4869 ῦς
1290 4809 1352 4860 illud
1369 4809 1493 4875 praetuli,
1512 4823 1574 4860 curn
1592 4823 1702 4875 praece-

386 4883 449 4933 dant
465 4883 622 4934 coniunctivi
639 4883 749 4946 perlecti
763 4885 916 4945 patefecerit,
943 4885 1081 4946 codncorit,
1108 4886 1251 4943 instituerit,
1276 4887 1301 4935 et
1324 4886 1349 4935 in
1367 4886 1475 4950 apodosi
1492 4889 1630 4949 sequatur:
1654 4899 1701 4934 oo-

385 4959 456 5008 tuisse
476 4959 598 5007 videatur.
620 4985 646 4995 —
673 4957 712 5006 25.
732 4960 794 5008 ostis
816 4959 926 5010 Ernesti.
947 4986 973 4994 -
997 4961 1039 5010 sed
1060 4961 1135 5009 etima
1153 4964 1274 5022 protervo
1293 4962 1413 5010 meretix
1429 4963 1446 5010 S
1463 4962 1491 5009 et
1506 4960 1584 5011 codd.
1603 4958 1701 5025 aliquot

385 5033 543 5084 deteriores:
567 5045 620 5082 om.
638 5033 723 5084 PEG.
750 5031 794 5082 llla
815 5031 891 5083 lectio
914 5048 966 5085 non
988 5048 1020 5084 ex
1043 5034 1101 5084 cod.
1119 5033 1206 5098 aliquo
1223 5035 1365 5098 integriore
1382 5035 1496 5085 deducta
1513 5038 1567 5096 est,
1586 5035 1634 5086 sed
1652 5047 1699 5099 pro

385 5105 567 5172 supplemento
584 5107 720 5171 prudentis
737 5106 844 5158 alicuius
862 5107 916 5158 ltali
933 5109 1064 5160 habenda.
1081 5136 1109 5146 -
1127 5109 1167 5159 26.
1184 5123 1283 5171 mcccc
1299 5111 1342 5171 qui
1359 5113 1378 5160 P
1389 5136 1418 5147 -
1436 5110 1477 5160 29.
1490 5115 1547 5160 tuos
1557 5110 1699 5161 Arusianus

387 5184 417 5246 (s.
435 5195 459 5230 v.
479 5181 612 5244 odaucer)
632 5185 658 5232 et
680 5183 784 5233 servius
805 5183 927 5244 (adden.
947 5186 980 5244 ll,
1005 5184 1075 5246 asar:
1098 5197 1151 5234 om.
1171 5186 1204 5245 C,
1226 5186 1275 5236 sed
1292 5186 1334 5236 est
1349 5186 1376 5235 ln
1393 5187 1412 5234 P
1428 5188 1489 5235 ante
1505 5185 1586 5236 clodio
1602 5182 1700 5252 aliquid

387 5269 501 5308 erasum.
517 5285 543 5295 —
561 5257 655 5309 clodiae
670 5253 700 5312 P²
712 5286 739 5295 -
758 5258 798 5308 30.
816 5259 916 5326 neglego
934 5261 951 5308 P
970 5285 997 5296 -
1016 5259 1056 5312 3⁴.
1075 5259 1227 5312 maeoniis
1242 5261 1299 5315 PG.
