4009 6159
398 518 460 587 794
773 523 924 591 ontrlo
946 522 1025 591 PRO
1046 522 1198 589 munli
1219 522 1354 597 rolin

398 695 544 761 versibus
565 692 786 778 longiusculis,
809 694 915 757 statim
937 714 978 757 cx
998 694 1038 758 iis
1058 694 1169 770 rebus,
1192 714 1271 780 quas
1292 702 1361 759 tum
1373 698 1545 773 vendebat,
1567 697 1677 763 iubere
1692 700 1723 764 ei

398 789 574 875 praemium
596 788 707 862 tribui,
736 787 793 851 sed
820 807 858 851 ea
879 787 1075 864 conditione,
1101 809 1142 853 ne
1165 790 1243 873 quid
1264 798 1375 872 postca
1396 791 1557 855 scriberet.
1591 791 1654 868 Qui
1674 813 1724 857 se-

399 883 563 946 dulitatem
584 880 659 945 mali
680 888 794 965 politae
817 880 946 946 duxerit
966 880 1074 966 aliquo
1095 890 1201 947 tamen
1223 884 1365 967 praemio
1388 884 1532 967 dignam,
1557 884 1654 949 buius
1675 886 1725 949 in-

397 978 526 1061 genium
547 982 580 1039 et
601 975 748 1039 virtutem
770 975 804 1037 in
826 974 994 1039 scribendo
1019 981 1050 1039 et
1070 977 1193 1060 copiam
1215 998 1280 1041 non
1303 980 1499 1062 expetisset?
1542 976 1594 1041 26.
1615 978 1723 1055 Quidi

373 1087 418 1135 sa
440 1069 623 1146 Q.l1etello
644 1066 720 1143 Pio,
741 1066 986 1133 familiarissimo
1010 1090 1086 1145 suo,
1110 1071 1165 1153 qui
1180 1069 1308 1135 civitate
1322 1072 1439 1136 multos
1453 1071 1599 1149 donarit,
1620 1094 1725 1157 neque

397 1185 454 1251 per
482 1184 517 1228 se
546 1182 652 1247 neque
681 1180 739 1245 per
759 1158 908 1225 Lucullos
933 1164 1187 1247 impetravisset?
1216 1166 1273 1248 qui
1294 1166 1477 1248 praesertim
1498 1187 1603 1251 usque
1624 1188 1664 1233 eo
1683 1169 1725 1231 de

397 1259 464 1325 suis
485 1258 580 1323 rebus
603 1255 697 1319 scribi
720 1262 867 1340 cuperet,
888 1265 925 1321 ut
946 1258 1042 1321 etiam
1065 1256 1230 1321 Cordubae
1250 1260 1332 1323 natio
1353 1260 1473 1342 podiis,
1493 1262 1613 1344 pingue
1632 1264 1726 1346 quid·

397 1352 471 1417 dam
485 1349 673 1417 sonantibus
688 1355 785 1433 atque
799 1351 1017 1435 peregrinum,
1038 1360 1144 1415 tamen
1157 1371 1252 1416 aures
1267 1372 1340 1416 suas
1353 1352 1493 1417 dederet
1535 1357 1591 1419 xi.
1613 1359 1725 1441 Neque

398 1446 482 1511 enim
505 1452 554 1510 est
574 1444 637 1508 hoc
660 1443 942 1521 dissimulandum,
964 1445 1052 1529 quod
1072 1446 1233 1509 obscurari
1246 1465 1312 1509 non
1326 1453 1447 1530 potest,
1470 1449 1527 1512 sed
1542 1469 1619 1533 prae
1631 1451 1725 1517 nobis

360 1540 577 1605 tolerandum:
611 1536 766 1601 trahimur
797 1558 907 1603 omnes
940 1537 1047 1603 studio
1075 1538 1180 1603 laudis
1208 1546 1240 1602 et
1268 1539 1405 1621 optimus
1427 1542 1566 1625 quisque
1587 1544 1725 1607 maxime

396 1634 498 1718 gloria
526 1632 662 1697 ducitiu.
705 1630 770 1714 Ipsi
799 1631 846 1695 illi
877 1631 1062 1715 philosophi
1084 1632 1179 1695 etiam
1202 1631 1236 1694 in
1258 1632 1298 1695 iis
1319 1632 1453 1709 libellis,
1483 1655 1564 1718 quos
1587 1635 1627 1701 de
1648 1655 1725 1701 con·

395 1727 566 1793 temnenda
587 1724 688 1808 gloria
710 1725 869 1801 scribunt,
898 1744 1015 1790 nomen
1036 1746 1130 1791 suum
1151 1725 1343 1801 inscribnnt;
1370 1727 1405 1790 in
1426 1746 1465 1790 eo
1486 1729 1578 1811 ipso,
1603 1730 1638 1792 in
1658 1750 1723 1813 quo

376 1820 662 1907 praedicationem
684 1817 949 1903 nobilitatemque
971 1819 1170 1904 despiciunt,
1192 1820 1370 1902 praedicari
1392 1819 1431 1883 de
1452 1841 1488 1885 se
1509 1841 1548 1886 ac
1567 1824 1725 1887 nominari

367 1922 380 1951 ¹*
396 1916 516 1980 volunt.
559 1910 611 1977 27.
631 1911 781 1977 Decimus
808 1913 937 1997 quidem
963 1915 1098 1989 Brutus,
1126 1934 1268 1978 summus
1292 1914 1342 1978 vir
1365 1920 1398 1978 et
1421 1916 1608 1998 imperator,
1636 1919 1724 1993 Attii,

359 2027 387 2079 it
397 2006 578 2073 amicissimi
600 2006 667 2081 sui,
690 2007 880 2070 carminibus
895 2007 1085 2093 templorum
1099 2027 1137 2071 ac
1150 2008 1428 2073 monumentorum
1441 2009 1545 2074 aditus
1560 2012 1726 2076 exornavit

396 2102 537 2171 suorum.
572 2099 639 2164 Iam
660 2118 737 2163 vero
759 2099 831 2176 ille,
853 2101 908 2185 qui
931 2121 1002 2165 cum
1024 2102 1147 2166 Aetolis
1160 2102 1264 2167 Ennio
1286 2103 1401 2167 comite
1414 2102 1563 2180 bellavit,
1584 2104 1724 2181 Fulvius,

396 2216 462 2261 nou
492 2193 649 2257 dubitavit
676 2195 784 2258 Martis
806 2195 970 2259 manubias
995 2196 1095 2259 blusis
1119 2215 1316 2261 consecrare.
1355 2195 1478 2274 Quare,
1506 2199 1539 2261 in
1561 2218 1626 2281 qua
1646 2198 1725 2261 urbe

396 2292 604 2373 imperatores
625 2307 725 2379 prope
744 2288 855 2351 murati
869 2294 1036 2371 pobtarum
1050 2309 1168 2354 nomen
1182 2298 1215 2353 et
1228 2292 1388 2355 Musarum
1405 2290 1536 2355 delubra
1548 2291 1725 2365 coluerunt,

396 2384 431 2448 in
453 2402 491 2445 ea
511 2401 577 2446 non
598 2380 717 2447 debent
737 2382 835 2464 togati
856 2382 978 2447 iudices
1000 2384 1193 2448 ablusarum
1206 2384 1329 2449 bonore
1352 2393 1385 2450 et
1403 2404 1424 2449 a
1444 2390 1608 2467 poiitarum
1622 2385 1725 2452 salute

359 2476 575 2547 mabhorrere.

482 2566 534 2633 28.
555 2570 661 2656 Atque
682 2578 720 2633 ut
740 2570 773 2635 id
795 2568 947 2634 libentius
967 2569 1107 2647 facialis,
1132 2572 1195 2636 iam
1216 2592 1267 2637 me
1288 2573 1396 2649 vobis,
1416 2571 1557 2650 iudices,
1578 2572 1724 2639 indicabo

398 2673 430 2730 et
451 2664 491 2729 de
512 2684 584 2728 meo
606 2665 745 2749 quodam
766 2683 874 2728 amore
896 2663 1035 2747 gloriae,
1056 2666 1151 2731 nimis
1165 2668 1230 2729 aori
1251 2666 1403 2744 fortasse,
1424 2687 1535 2733 verum
1547 2673 1654 2730 nmen
1666 2667 1724 2731 ho·

397 2766 505 2835 nesto,
527 2758 616 2823 vobis
638 2755 823 2822 confitebor.
845 2759 941 2833 Nam,
964 2778 1043 2841 quas
1065 2779 1116 2823 res
1137 2780 1197 2825 nos
1212 2760 1246 2824 in
1259 2761 1426 2828 consulatu
1439 2761 1724 2826 nostrorobiscum

397 2853 489 2919 simul
511 2872 571 2937 pro
593 2851 696 2917 salide
715 2852 848 2917 huiusce
870 2852 997 2934 imperii
1019 2858 1051 2916 et
1071 2873 1129 2935 pro
1151 2855 1213 2919 vila
1235 2854 1354 2919 civium
1374 2876 1499 2940 proque
1520 2856 1669 2921 universa
1688 2876 1724 2919 re

359 2948 524 3035 ospuhlica
551 2948 724 3032 gessimus,
757 2946 861 3031 attigit
889 2944 943 3011 hic
964 2948 1109 3011 versibus
1130 2955 1228 3033 atque
1249 2947 1427 3026 inchoavit3
1461 2949 1576 3036 quibus
1597 2950 1724 3025 audilis,

397 3042 485 3129 quod
507 3042 586 3107 mibi
607 3060 794 3125 magnares
816 3049 848 3105 et
869 3040 1008 3105 iucunda
1028 3041 1097 3105 risa
1119 3050 1182 3118 est,
1212 3042 1298 3106 bunc
1323 3043 1364 3107 ad
1384 3040 1612 3128 perficiendum
1631 3044 1725 3108 ador-

396 3140 480 3203 navi.
513 3136 640 3201 Nullam
663 3136 748 3199 enim
770 3135 869 3199 rirtm
892 3135 985 3199 aliam
1007 3136 1185 3200 mercedem
1206 3137 1350 3201 laborum
1372 3136 1649 3223 periculorumque
1671 3140 1725 3204 de-

396 3232 514 3297 siderat
545 3235 670 3314 praeter
696 3230 780 3294 banc
810 3229 913 3295 laudis
935 3236 968 3293 et
996 3230 1134 3313 gloriae,
1168 3250 1233 3314 qua
1253 3229 1383 3315 quidem
1406 3231 1561 3308 detracta,
1593 3232 1725 3311 iudices,

396 3325 474 3411 quid
496 3334 544 3389 est
565 3325 650 3409 quod
671 3325 705 3388 in
725 3324 786 3390 hoc
809 3330 872 3389 mm
888 3324 1005 3407 exiguo
1020 3326 1104 3388 ritae
1126 3324 1283 3387 curriculo
1306 3331 1338 3389 et
1359 3332 1423 3389 tam
1437 3324 1526 3390 brevi
1548 3328 1643 3391 tantis
1665 3347 1724 3393 nos

461 3558 485 3608 i.
503 3570 537 3607 cc
556 3556 595 3606 lis
613 3555 686 3608 redeas
707 3568 772 3617 coos
792 3556 913 3607 mdabat
934 3556 1006 3607 isasii
1027 3557 1093 3607 caim
1110 3556 1239 3619 proauos
1260 3554 1549 3619 irda--seiiberets
1576 3587 1604 3596 -
1631 3574 1665 3613 ec
1688 3564 1726 3613 bis

396 3634 647 3684 GA-tusoGE:
672 3631 873 3683 tuiwtbo-
897 3632 1029 3683 bseds:
1051 3631 1250 3682 sebastem·-
1275 3632 1451 3683 medaeas
1474 3660 1502 3669 -
1526 3638 1723 3697 oepuodli-

394 3708 419 3759 3.
438 3708 569 3759 dedicerit
585 3709 634 3761 GE
654 3732 681 3745 -
705 3707 778 3759 boiae
793 3708 827 3757 B:
854 3708 925 3757 mitis
947 3707 1064 3758 GEPA.
1095 3705 1134 3758 ct.
1151 3718 1208 3757 var.
1226 3705 1288 3757 lect.
1306 3720 1333 3772 p.
1351 3706 1409 3759 nse.
1427 3721 1453 3758 v.
1471 3709 1513 3760 ili.
1533 3738 1562 3748 -
1580 3710 1605 3763 4,
1623 3714 1724 3777 copiosa

394 3788 544 3835 mmeoooo
560 3784 580 3835 Ε
599 3810 626 3821 -
646 3783 694 3847 (iai
710 3796 728 3833 o
745 3797 780 3847 .p.
797 3782 893 3834 mullo
910 3784 958 3833 ΕΡ
976 3809 1005 3819 -
1028 3783 1052 3832 6.
1067 3781 1396 3846 praesertimlprocsattcm
1412 3783 1432 3833 E
1451 3810 1480 3821 —
1497 3785 1522 3835 7.
1540 3787 1725 3840 ebomcordu-

394 3858 440 3910 boc
450 3883 488 3897 -·
498 3857 643 3909 soocoiibus
658 3856 741 3909 babet
756 3859 773 3908 S
793 3883 820 3894 -
845 3856 973 3908 Οονάιιὸαο
989 3857 1056 3907 omis
1068 3856 1150 3920 podiis
1166 3856 1229 3922 cet]
1257 3858 1359 3909 Seneca
1379 3858 1480 3909 rhetor.
1499 3860 1605 3913 suasor.
1623 3865 1677 3916 Vll.
1695 3879 1723 3916 a.

393 3946 420 3999 p.
442 3931 476 3984 44
498 3932 541 3984 ed.
563 3932 636 3998 Rip:
662 3932 782 3984 Swiiiios
808 3932 880 3983 Reno
902 3932 952 3997 terit
971 3932 1044 3982 bosso
1064 3932 1207 3997 inspeciosus
1230 3934 1313 3998 inopis
1336 3946 1413 3996 panos
1437 3935 1563 3997 muse,
1586 3938 1726 4000 acepalli

390 4011 469 4073 potio
489 4014 513 4061 ct
533 4021 614 4072 pocot
634 4006 782 4071 quibasdam
806 4006 866 4057 loos
895 4006 967 4069 tuiis,
995 4006 1081 4069 pecie
1108 4020 1158 4059 csse
1179 4008 1265 4060 Cicero
1289 4008 1511 4061 Cordubenses
1532 4015 1649 4075 pcd'tcs
1672 4015 1723 4075 cit,

393 4085 507 4150 piopac
523 4084 673 4147 quiddam
688 4090 836 4134 aoocotes
852 4087 948 4146 cique
961 4083 1179 4148 perspi-ioum.
1203 4109 1230 4119 -
1249 4084 1275 4136 8.
1287 4085 1381 4135 cederet
1392 4086 1427 4146 E,
1445 4084 1496 4135 sed
1512 4084 1560 4137 luit
1575 4086 1680 4138 dodaci.
1695 4116 1723 4125 -

395 4162 436 4212 lli.
453 4161 635 4211 ircimurd-
653 4161 734 4212 studio
745 4160 828 4211 laudis
844 4162 906 4211 GE:
925 4160 1008 4211 badis
1023 4162 1104 4212 stadio
1120 4161 1201 4212 ALO
1218 4185 1245 4197 -
1264 4160 1305 4211 tl.
1323 4161 1374 4223 lpsi
1388 4160 1426 4211 ilii
1438 4161 1726 4225 philosophe-inseri

395 4237 467 4299 boort,
485 4242 513 4287 ot
528 4237 556 4287 io
571 4248 600 4288 eo
615 4236 669 4299 ipso
685 4250 734 4301 prio
752 4234 793 4299 (el.
811 4238 885 4301 qood)
894 4262 908 4275 ·
917 4263 932 4273 -
942 4238 1069 4288 commori
1083 4237 1159 4288 oeiiot
1175 4234 1257 4287 babet
1268 4236 1424 4287 Ammianus
1435 4236 1600 4289 Marcellinus
1610 4238 1688 4301 Xlill,
1699 4241 1723 4291 7.

398 4338 425 4350 -
445 4313 521 4365 etiam
536 4312 564 4363 io
579 4313 610 4362 iis
621 4311 782 4377 Madvigius:
800 4313 877 4364 etiem
892 4312 920 4362 io
935 4313 972 4363 bis
982 4314 1153 4373 ¹immianus;
1172 4314 1248 4363 etiem
1262 4312 1313 4362 iliis
1328 4313 1448 4372 GEPO;
1465 4313 1542 4364 etiem
1557 4315 1585 4363 ia
1600 4314 1649 4364 iilis
1664 4315 1724 4365 sl..

398 4388 437 4440 Cl.
455 4389 532 4440 Tusc.
551 4388 572 4438 l.
590 4388 606 4452 5
623 4387 669 4439 34:
699 4389 765 4451 Quid
780 4388 859 4439 oostri
872 4387 1029 4452 philosophi?
1048 4402 1131 4439 oenoe
1146 4390 1174 4439 io
1189 4389 1220 4438 iis
1236 4387 1306 4438 disis
1321 4388 1395 4451 ipsis,
1419 4401 1480 4451 quos
1494 4386 1605 4438 xsibscst
1620 4390 1650 4439 de
1665 4403 1727 4440 eoo·

400 4464 531 4517 amomis
546 4464 645 4529 plotio,
662 4477 711 4515 soc
725 4464 828 4515 nomino
844 4463 1000 4515 inscribunt?
1013 4492 1040 4499 -
1060 4463 1100 4515 l3.
1117 4464 1261 4527 praedicari
1277 4476 1303 4513 ss
1314 4462 1376 4525 (om.
1388 4462 1425 4526 de)
1438 4464 1458 4514 1.
1471 4489 1498 4499 -
1516 4475 1549 4513 oc
1564 4474 1589 4512 se
1600 4462 1728 4513 semim

395 4540 558 4592 Ammianus.
582 4564 609 4574 -
638 4539 678 4592 ii.
696 4540 813 4590 Decimae
833 4540 931 4603 puidam
946 4540 1041 4591 Brutos
1060 4538 1143 4590 habet
1159 4539 1177 4588 S
1195 4564 1224 4573 -
1241 4551 1352 4588 mmsis
1366 4540 1408 4588 oir
1424 4538 1487 4589 GE:
1504 4549 1616 4587 sommus
1629 4538 1671 4588 iiie
1685 4539 1727 4589 cir

396 4616 475 4667 llio
494 4641 522 4650 -
542 4613 610 4681 Attii]
629 4616 684 4666 occi
701 4616 808 4667 GEPA
826 4640 855 4653 -
880 4615 921 4665 lb.
939 4615 1147 4665 moobneotosum
1163 4615 1185 4664 G
1203 4640 1230 4650 -
1256 4612 1296 4663 lo.
1315 4612 1394 4663 oiioiis
1409 4612 1473 4662 eolo
1488 4611 1509 4662 Ε
1527 4637 1556 4647 ·-
1578 4610 1619 4663 49.
1638 4612 1725 4678 opali]

396 4693 471 4745 iocati
487 4693 536 4744 GE
554 4718 582 4728 -
600 4689 641 4741 24.
660 4690 761 4742 boiasce
776 4691 875 4755 imperii
892 4689 971 4742 codd.
989 4688 1098 4740 Palatini
1114 4688 1217 4753 primus
1234 4689 1262 4738 et
1275 4689 1400 4752 quartus,
1419 4686 1644 4751 Lagomersinieni
1655 4692 1723 4739 tres:

395 4769 469 4819 baias
485 4780 564 4831 ceptio
579 4767 679 4829 imperii
695 4767 789 4827 GPA;
812 4768 885 4817 boios
900 4771 976 4828 cipue
992 4764 1091 4827 imperii
1106 4765 1142 4824 E;
1165 4764 1238 4814 boios
1252 4763 1322 4813 aba
1337 4768 1413 4825 atquc
1428 4763 1527 4826 imperii
1543 4777 1606 4815 cum
1622 4764 1666 4815 ed.
1685 4763 1726 4816 Al·

398 4842 460 4895 dina
476 4844 525 4894 LO
544 4870 571 4879 -
590 4842 632 4894 26.
649 4842 715 4893 bunc
731 4843 765 4893 od
778 4842 956 4908 perficiendum
972 4839 1079 4891 acimum
1095 4837 1179 4890 hebet
1194 4840 1212 4889 S
1231 4866 1258 4875 -
1281 4838 1406 4888 cdomooi
1422 4836 1549 4890 lilotzius:
1567 4839 1675 4889 odorem
1691 4840 1723 4900 S;

397 4919 517 4970 micui
534 4919 571 4979 Gi
589 4918 692 4969 borium
708 4920 741 4978 1>;
759 4919 906 4969 odlsortoios
922 4929 976 4967 aim
992 4916 1028 4977 E;
1046 4914 1160 4965 dormitis
1175 4926 1232 4965 aar
1246 4913 1334 4965 ALO.
1360 4912 1398 4963 ci.
1411 4926 1468 4964 var.
1480 4911 1543 4964 lect.
1556 4913 1591 4964 ed
1607 4914 1723 4964 Herenn.

397 5005 431 5055 ιν
449 5004 464 5069 5
480 5004 522 5053 es.
543 5028 571 5039 -
589 5003 631 5054 ar.
648 5002 727 5053 nuo
743 5003 793 5054 ce
811 5028 838 5039 -
857 5003 899 5055 se.
917 5000 1018 5066 sices]
1035 4986 1088 5050 oli
1105 5002 1126 5049 c
1143 5025 1170 5034 -
1190 4998 1231 5049 se.
1249 5003 1273 5049 a
1289 5003 1343 5048 am
1358 4996 1427 5048 oses
1443 5010 1477 5047 ex
1492 4995 1652 5061 poeoemste
1667 4999 1726 5047 oss

399 5092 460 5131 esse
477 5077 628 5143 suspicetur
644 5078 800 5129 Garatonius
818 5077 850 5142 (t)
869 5076 929 5129 coll.
947 5089 987 5128 or.
1005 5090 1032 5142 p.
1050 5074 1140 5127 liabir.
1157 5074 1233 5139 perd.
1252 5074 1267 5137 5
1284 5074 1333 5124 30:
1355 5073 1476 5137 saiwan
1491 5072 1561 5123 nobis
1575 5073 1643 5124 miae
1655 5072 1727 5136 pen·-

398 5155 483 5206 cuiaao
503 5157 600 5205 namra
619 5153 827 5217 circonscripsit,
852 5154 998 5205 imrnearssoo
1016 5152 1122 5218 phtius.
1140 5163 1167 5215 p.
1186 5149 1271 5201 Sestio
1288 5148 1303 5213 5
1320 5146 1366 5200 ll:
1392 5147 1530 5202 maedam
1548 5148 1616 5199 odae
1630 5146 1728 5199 brsom

400 5244 451 5284 csse
465 5242 582 5301 cwsma,
599 5228 698 5298 pieriae
713 5226 911 5294 mmmm?
