<?xml version="1.0" encoding="UTF-8"?>
<!DOCTYPE html PUBLIC "-//W3C//DTD XHTML 1.0 Transitional//EN"
    "http://www.w3.org/TR/xhtml1/DTD/xhtml1-transitional.dtd">
<html xmlns="http://www.w3.org/1999/xhtml" xml:lang="en" lang="en">
 <head>
  <title>
</title>
<meta http-equiv="Content-Type" content="text/html;charset=utf-8" />
  <meta name='ocr-system' content='tesseract 3.04.00' />
  <meta name='ocr-capabilities' content='ocr_page ocr_carea ocr_par ocr_line ocrx_word'/>
</head>
<body>
  <div class='ocr_page' id='page_1' title='image "./mtulliiciceroni01baitgoog_0564.png"; bbox 0 0 4009 6159; ppageno 0'>
   <div class='ocr_carea' id='block_1_1' title="bbox 665 549 1602 640">
    <p class='ocr_par' dir='ltr' id='par_1_1' title="bbox 665 549 1602 640">
     <span class='ocr_line' id='line_1_1' title="bbox 665 549 1602 640; baseline -0.005 -18"><span class='ocrx_word' id='word_1_1' title='bbox 665 556 971 622; x_wconf 62' lang='lat' dir='ltr'><strong>conv-nvn</strong></span> <span class='ocrx_word' id='word_1_2' title='bbox 997 551 1216 640; x_wconf 69' lang='lat' dir='ltr'><strong>§sao-ss.</strong></span> <span class='ocrx_word' id='word_1_3' title='bbox 1518 549 1602 618; x_wconf 80' lang='lat' dir='ltr'><strong>isos</strong></span> 
     </span>
    </p>
   </div>
   <div class='ocr_carea' id='block_1_2' title="bbox 257 723 1766 4101">
    <p class='ocr_par' dir='ltr' id='par_1_2' title="bbox 278 723 1603 811">
     <span class='ocr_line' id='line_1_2' title="bbox 278 723 1603 811; baseline -0.004 -19"><span class='ocrx_word' id='word_1_4' title='bbox 278 727 411 811; x_wconf 87' lang='lat' dir='ltr'><strong>eiusque</strong></span> <span class='ocrx_word' id='word_1_5' title='bbox 431 727 466 790; x_wconf 93' lang='lat' dir='ltr'><strong>in</strong></span> <span class='ocrx_word' id='word_1_6' title='bbox 486 744 553 790; x_wconf 89' lang='lat' dir='ltr'><strong>rem</strong></span> <span class='ocrx_word' id='word_1_7' title='bbox 574 724 734 810; x_wconf 81' lang='lat' dir='ltr'>publicam</span> <span class='ocrx_word' id='word_1_8' title='bbox 756 726 939 791; x_wconf 89' lang='lat' dir='ltr'><strong>meritorum</strong></span> <span class='ocrx_word' id='word_1_9' title='bbox 954 731 1097 792; x_wconf 86' lang='lat' dir='ltr'><strong>sonatum</strong></span> <span class='ocrx_word' id='word_1_10' title='bbox 1115 723 1334 810; x_wconf 83' lang='lat' dir='ltr'><strong>populumque</strong></span> <span class='ocrx_word' id='word_1_11' title='bbox 1346 724 1523 788; x_wconf 82' lang='lat' dir='ltr'><strong>Romanum</strong></span> <span class='ocrx_word' id='word_1_12' title='bbox 1536 743 1603 787; x_wconf 91' lang='lat' dir='ltr'><strong>me·</strong></span> 
     </span>
    </p>

    <p class='ocr_par' dir='ltr' id='par_1_3' title="bbox 277 818 1602 905">
     <span class='ocr_line' id='line_1_3' title="bbox 277 818 1602 905; baseline -0.002 -19"><span class='ocrx_word' id='word_1_13' title='bbox 277 842 397 887; x_wconf 90' lang='lat' dir='ltr'><strong>morem</strong></span> <span class='ocrx_word' id='word_1_14' title='bbox 418 820 501 896; x_wconf 84' lang='lat' dir='ltr'><strong>iore,</strong></span> <span class='ocrx_word' id='word_1_15' title='bbox 523 821 619 905; x_wconf 87' lang='lat' dir='ltr'><strong>eique</strong></span> <span class='ocrx_word' id='word_1_16' title='bbox 641 828 776 885; x_wconf 85' lang='lat' dir='ltr'><strong>statuam</strong></span> <span class='ocrx_word' id='word_1_17' title='bbox 798 829 978 905; x_wconf 79' lang='lat' dir='ltr'><strong>equestrem</strong></span> <span class='ocrx_word' id='word_1_18' title='bbox 999 821 1177 884; x_wconf 73' lang='lat' dir='ltr'><strong>inauratam</strong></span> <span class='ocrx_word' id='word_1_19' title='bbox 1197 819 1230 882; x_wconf 93' lang='lat' dir='ltr'><strong>in</strong></span> <span class='ocrx_word' id='word_1_20' title='bbox 1252 818 1362 883; x_wconf 90' lang='lat' dir='ltr'><strong>rostris</strong></span> <span class='ocrx_word' id='word_1_21' title='bbox 1383 826 1439 883; x_wconf 88' lang='lat' dir='ltr'><strong>aut</strong></span> <span class='ocrx_word' id='word_1_22' title='bbox 1453 839 1518 902; x_wconf 94' lang='lat' dir='ltr'><strong>quo</strong></span> <span class='ocrx_word' id='word_1_23' title='bbox 1539 819 1602 883; x_wconf 86' lang='lat' dir='ltr'><strong>ulio</strong></span> 
     </span>
    </p>

    <p class='ocr_par' dir='ltr' id='par_1_4' title="bbox 277 912 1603 997">
     <span class='ocr_line' id='line_1_4' title="bbox 277 912 1603 997; baseline -0.002 -18"><span class='ocrx_word' id='word_1_24' title='bbox 277 915 349 979; x_wconf 93' lang='lat' dir='ltr'><strong>loco</strong></span> <span class='ocrx_word' id='word_1_25' title='bbox 370 916 403 978; x_wconf 94' lang='lat' dir='ltr'><strong>in</strong></span> <span class='ocrx_word' id='word_1_26' title='bbox 425 914 494 980; x_wconf 82' lang='lat' dir='ltr'><strong>loro</strong></span> <span class='ocrx_word' id='word_1_27' title='bbox 509 915 606 979; x_wconf 81' lang='lat' dir='ltr'><strong>uellet</strong></span> <span class='ocrx_word' id='word_1_28' title='bbox 626 934 668 978; x_wconf 86' lang='lat' dir='ltr'><strong>ex</strong></span> <span class='ocrx_word' id='word_1_29' title='bbox 688 915 784 978; x_wconf 84' lang='lat' dir='ltr'><strong>liuius</strong></span> <span class='ocrx_word' id='word_1_30' title='bbox 807 915 928 978; x_wconf 85' lang='lat' dir='ltr'><strong>ordinis</strong></span> <span class='ocrx_word' id='word_1_31' title='bbox 950 915 1107 980; x_wconf 90' lang='lat' dir='ltr'><strong>sententia</strong></span> <span class='ocrx_word' id='word_1_32' title='bbox 1128 914 1225 978; x_wconf 88' lang='lat' dir='ltr'><strong>statui</strong></span> <span class='ocrx_word' id='word_1_33' title='bbox 1245 912 1380 997; x_wconf 87' lang='lat' dir='ltr'><strong>placere.</strong></span> <span class='ocrx_word' id='word_1_34' title='bbox 1413 912 1477 989; x_wconf 86' lang='lat' dir='ltr'><strong>Qui</strong></span> <span class='ocrx_word' id='word_1_35' title='bbox 1489 913 1603 989; x_wconf 88' lang='lat' dir='ltr'><strong>honos,</strong></span> 
     </span>
    </p>

    <p class='ocr_par' dir='ltr' id='par_1_5' title="bbox 276 1007 1603 1094">
     <span class='ocr_line' id='line_1_5' title="bbox 276 1007 1603 1094; baseline -0.004 -20"><span class='ocrx_word' id='word_1_36' title='bbox 276 1019 383 1094; x_wconf 89' lang='lat' dir='ltr'><strong>patres</strong></span> <span class='ocrx_word' id='word_1_37' title='bbox 414 1010 599 1093; x_wconf 90' lang='lat' dir='ltr'><strong>conscripti,</strong></span> <span class='ocrx_word' id='word_1_38' title='bbox 629 1008 706 1072; x_wconf 84' lang='lat' dir='ltr'><strong>milti</strong></span> <span class='ocrx_word' id='word_1_39' title='bbox 728 1009 885 1073; x_wconf 86' lang='lat' dir='ltr'><strong>maximus</strong></span> <span class='ocrx_word' id='word_1_40' title='bbox 906 1008 1033 1073; x_wconf 82' lang='lat' dir='ltr'><strong>uidetur</strong></span> <span class='ocrx_word' id='word_1_41' title='bbox 1052 1009 1204 1092; x_wconf 90' lang='lat' dir='ltr'><strong>primum,</strong></span> <span class='ocrx_word' id='word_1_42' title='bbox 1234 1008 1309 1091; x_wconf 90' lang='lat' dir='ltr'><strong>quia</strong></span> <span class='ocrx_word' id='word_1_43' title='bbox 1329 1007 1432 1073; x_wconf 87' lang='lat' dir='ltr'><strong>iustus</strong></span> <span class='ocrx_word' id='word_1_44' title='bbox 1453 1015 1516 1073; x_wconf 86' lang='lat' dir='ltr'><strong>est:</strong></span> <span class='ocrx_word' id='word_1_45' title='bbox 1537 1027 1603 1071; x_wconf 95' lang='lat' dir='ltr'><strong>nou</strong></span> 
     </span>
    </p>

    <p class='ocr_par' dir='ltr' id='par_1_6' title="bbox 276 1101 1628 1282">
     <span class='ocr_line' id='line_1_6' title="bbox 277 1101 1628 1187; baseline -0.002 -20"><span class='ocrx_word' id='word_1_46' title='bbox 277 1104 362 1167; x_wconf 91' lang='lat' dir='ltr'><strong>enim</strong></span> <span class='ocrx_word' id='word_1_47' title='bbox 383 1104 486 1167; x_wconf 92' lang='lat' dir='ltr'><strong>solum</strong></span> <span class='ocrx_word' id='word_1_48' title='bbox 509 1104 600 1168; x_wconf 90' lang='lat' dir='ltr'><strong>datur</strong></span> <span class='ocrx_word' id='word_1_49' title='bbox 621 1109 752 1185; x_wconf 93' lang='lat' dir='ltr'><strong>propter</strong></span> <span class='ocrx_word' id='word_1_50' title='bbox 773 1121 862 1185; x_wconf 91' lang='lat' dir='ltr'><strong>spem</strong></span> <span class='ocrx_word' id='word_1_51' title='bbox 884 1112 1062 1187; x_wconf 90' lang='lat' dir='ltr'><strong>temporum</strong></span> <span class='ocrx_word' id='word_1_52' title='bbox 1083 1102 1299 1186; x_wconf 90' lang='lat' dir='ltr'><strong>reliquorum,</strong></span> <span class='ocrx_word' id='word_1_53' title='bbox 1321 1101 1378 1166; x_wconf 89' lang='lat' dir='ltr'><strong>sed</strong></span> <span class='ocrx_word' id='word_1_54' title='bbox 1399 1122 1457 1187; x_wconf 93' lang='lat' dir='ltr'><strong>pro</strong></span> <span class='ocrx_word' id='word_1_55' title='bbox 1478 1102 1628 1186; x_wconf 81' lang='lat' dir='ltr'><strong>amplis-t</strong></span> 
     </span>
     <span class='ocr_line' id='line_1_7' title="bbox 276 1194 1604 1282; baseline 0.001 -23"><span class='ocrx_word' id='word_1_56' title='bbox 276 1197 365 1261; x_wconf 91' lang='lat' dir='ltr'><strong>simis</strong></span> <span class='ocrx_word' id='word_1_57' title='bbox 387 1196 507 1260; x_wconf 84' lang='lat' dir='ltr'><strong>meritis</strong></span> <span class='ocrx_word' id='word_1_58' title='bbox 529 1196 689 1270; x_wconf 79' lang='lat' dir='ltr'><strong>redditur3</strong></span> <span class='ocrx_word' id='word_1_59' title='bbox 715 1215 776 1258; x_wconf 88' lang='lat' dir='ltr'><strong>nso</strong></span> <span class='ocrx_word' id='word_1_60' title='bbox 797 1215 872 1260; x_wconf 84' lang='lat' dir='ltr'><strong>roro</strong></span> <span class='ocrx_word' id='word_1_61' title='bbox 895 1198 1041 1282; x_wconf 79' lang='lat' dir='ltr'><strong>cuiquam</strong></span> <span class='ocrx_word' id='word_1_62' title='bbox 1063 1217 1232 1280; x_wconf 87' lang='lat' dir='ltr'><strong>possumus</strong></span> <span class='ocrx_word' id='word_1_63' title='bbox 1253 1214 1500 1261; x_wconf 86' lang='lat' dir='ltr'><strong>commemorare</strong></span> <span class='ocrx_word' id='word_1_64' title='bbox 1519 1194 1604 1260; x_wconf 86' lang='lat' dir='ltr'><strong>hunc</strong></span> 
     </span>
    </p>

    <p class='ocr_par' dir='ltr' id='par_1_7' title="bbox 275 1289 1388 1355">
     <span class='ocr_line' id='line_1_8' title="bbox 275 1289 1388 1355; baseline 0 -3"><span class='ocrx_word' id='word_1_65' title='bbox 275 1289 431 1354; x_wconf 83' lang='lat' dir='ltr'><strong>honorem</strong></span> <span class='ocrx_word' id='word_1_66' title='bbox 454 1309 473 1353; x_wconf 94' lang='lat' dir='ltr'><strong>a</strong></span> <span class='ocrx_word' id='word_1_67' title='bbox 495 1299 607 1354; x_wconf 88' lang='lat' dir='ltr'><strong>senatu</strong></span> <span class='ocrx_word' id='word_1_68' title='bbox 631 1289 783 1353; x_wconf 85' lang='lat' dir='ltr'><strong>tributum</strong></span> <span class='ocrx_word' id='word_1_69' title='bbox 805 1289 924 1354; x_wconf 93' lang='lat' dir='ltr'><strong>iudicio</strong></span> <span class='ocrx_word' id='word_1_70' title='bbox 946 1299 1075 1354; x_wconf 87' lang='lat' dir='ltr'><strong>senatus</strong></span> <span class='ocrx_word' id='word_1_71' title='bbox 1097 1291 1201 1355; x_wconf 91' lang='lat' dir='ltr'><strong>soluto</strong></span> <span class='ocrx_word' id='word_1_72' title='bbox 1224 1297 1257 1354; x_wconf 91' lang='lat' dir='ltr'><strong>et</strong></span> <span class='ocrx_word' id='word_1_73' title='bbox 1277 1290 1388 1355; x_wconf 84' lang='lat' dir='ltr'><strong>libero.</strong></span> 
     </span>
    </p>

    <p class='ocr_par' dir='ltr' id='par_1_8' title="bbox 275 1381 1766 2975">
     <span class='ocr_line' id='line_1_9' title="bbox 359 1381 1663 1468; baseline -0.001 -20"><span class='ocrx_word' id='word_1_74' title='bbox 359 1386 444 1448; x_wconf 88' lang='lat' dir='ltr'><strong>XVl.</strong></span> <span class='ocrx_word' id='word_1_75' title='bbox 466 1381 518 1449; x_wconf 77' lang='lat' dir='ltr'><strong>ti.</strong></span> <span class='ocrx_word' id='word_1_76' title='bbox 540 1385 641 1447; x_wconf 86' lang='lat' dir='ltr'><strong>Venio</strong></span> <span class='ocrx_word' id='word_1_77' title='bbox 664 1383 704 1447; x_wconf 93' lang='lat' dir='ltr'><strong>ad</strong></span> <span class='ocrx_word' id='word_1_78' title='bbox 729 1383 762 1447; x_wconf 86' lang='lat' dir='ltr'><strong>C.</strong></span> <span class='ocrx_word' id='word_1_79' title='bbox 780 1384 962 1457; x_wconf 84' lang='lat' dir='ltr'><strong>Gaesarem,</strong></span> <span class='ocrx_word' id='word_1_80' title='bbox 983 1390 1090 1468; x_wconf 90' lang='lat' dir='ltr'><strong>patres</strong></span> <span class='ocrx_word' id='word_1_81' title='bbox 1108 1386 1298 1468; x_wconf 80' lang='lat' dir='ltr'><strong>conscripti:</strong></span> <span class='ocrx_word' id='word_1_82' title='bbox 1321 1384 1377 1468; x_wconf 92' lang='lat' dir='ltr'><strong>qui</strong></span> <span class='ocrx_word' id='word_1_83' title='bbox 1398 1383 1461 1448; x_wconf 87' lang='lat' dir='ltr'><strong>uisi</strong></span> <span class='ocrx_word' id='word_1_84' title='bbox 1480 1383 1605 1459; x_wconf 83' lang='lat' dir='ltr'><strong>fuisset,</strong></span> <span class='ocrx_word' id='word_1_85' title='bbox 1660 1390 1663 1395; x_wconf 57' lang='lat'><strong>⁴</strong></span> 
     </span>
     <span class='ocr_line' id='line_1_10' title="bbox 277 1459 1738 1563; baseline 0 -21"><span class='ocrx_word' id='word_1_86' title='bbox 277 1480 349 1563; x_wconf 92' lang='lat' dir='ltr'><strong>quis</strong></span> <span class='ocrx_word' id='word_1_87' title='bbox 379 1486 519 1542; x_wconf 91' lang='lat' dir='ltr'><strong>nostrum</strong></span> <span class='ocrx_word' id='word_1_88' title='bbox 551 1498 621 1542; x_wconf 88' lang='lat' dir='ltr'><strong>esse</strong></span> <span class='ocrx_word' id='word_1_89' title='bbox 650 1478 834 1561; x_wconf 73' lang='lat' dir='ltr'><strong>potuisset?</strong></span> <span class='ocrx_word' id='word_1_90' title='bbox 866 1477 1043 1541; x_wconf 81' lang='lat' dir='ltr'><strong>Advolabat</strong></span> <span class='ocrx_word' id='word_1_91' title='bbox 1072 1478 1111 1542; x_wconf 88' lang='lat' dir='ltr'><strong>ad</strong></span> <span class='ocrx_word' id='word_1_92' title='bbox 1142 1478 1251 1542; x_wconf 88' lang='lat' dir='ltr'><strong>urbem</strong></span> <span class='ocrx_word' id='word_1_93' title='bbox 1281 1478 1490 1543; x_wconf 88' lang='lat' dir='ltr'><strong>aBrnndisio</strong></span> <span class='ocrx_word' id='word_1_94' title='bbox 1510 1478 1605 1561; x_wconf 71' lang='lat' dir='ltr'><strong>homo</strong></span> <span class='ocrx_word' id='word_1_95' title='bbox 1692 1459 1738 1554; x_wconf 68' lang='grc' dir='ltr'><em>ί</em></span> 
     </span>
     <span class='ocr_line' id='line_1_11' title="bbox 276 1570 1643 1654; baseline 0.001 -20"><span class='ocrx_word' id='word_1_96' title='bbox 276 1572 579 1654; x_wconf 76' lang='lat' dir='ltr'><strong>impotentissimus,</strong></span> <span class='ocrx_word' id='word_1_97' title='bbox 602 1571 718 1636; x_wconf 81' lang='lat' dir='ltr'><strong>urdene</strong></span> <span class='ocrx_word' id='word_1_98' title='bbox 740 1571 834 1647; x_wconf 90' lang='lat' dir='ltr'><strong>odio,</strong></span> <span class='ocrx_word' id='word_1_99' title='bbox 855 1573 962 1635; x_wconf 90' lang='lat' dir='ltr'><strong>animo</strong></span> <span class='ocrx_word' id='word_1_100' title='bbox 984 1570 1094 1635; x_wconf 86' lang='lat' dir='ltr'><strong>hostili</strong></span> <span class='ocrx_word' id='word_1_101' title='bbox 1116 1571 1150 1634; x_wconf 95' lang='lat' dir='ltr'><strong>in</strong></span> <span class='ocrx_word' id='word_1_102' title='bbox 1164 1591 1275 1636; x_wconf 90' lang='lat' dir='ltr'><strong>omnes</strong></span> <span class='ocrx_word' id='word_1_103' title='bbox 1288 1571 1408 1647; x_wconf 88' lang='lat' dir='ltr'><strong>honos,</strong></span> <span class='ocrx_word' id='word_1_104' title='bbox 1429 1592 1500 1636; x_wconf 92' lang='lat' dir='ltr'><strong>cum</strong></span> <span class='ocrx_word' id='word_1_105' title='bbox 1515 1588 1643 1636; x_wconf 60' lang='lat' dir='ltr'><strong>exerto</strong></span> 
     </span>
     <span class='ocr_line' id='line_1_12' title="bbox 278 1665 1606 1750; baseline 0.003 -22"><span class='ocrx_word' id='word_1_106' title='bbox 278 1666 341 1729; x_wconf 91' lang='lat' dir='ltr'><strong>citu</strong></span> <span class='ocrx_word' id='word_1_107' title='bbox 362 1666 530 1730; x_wconf 82' lang='lat' dir='ltr'><strong>Antonius.</strong></span> <span class='ocrx_word' id='word_1_108' title='bbox 564 1665 648 1742; x_wconf 89' lang='lat' dir='ltr'><strong>Quid</strong></span> <span class='ocrx_word' id='word_1_109' title='bbox 670 1665 764 1730; x_wconf 90' lang='lat' dir='ltr'><strong>huius</strong></span> <span class='ocrx_word' id='word_1_110' title='bbox 786 1665 937 1730; x_wconf 89' lang='lat' dir='ltr'><strong>audaciae</strong></span> <span class='ocrx_word' id='word_1_111' title='bbox 959 1672 992 1728; x_wconf 91' lang='lat' dir='ltr'><strong>et</strong></span> <span class='ocrx_word' id='word_1_112' title='bbox 1012 1665 1125 1729; x_wconf 86' lang='lat' dir='ltr'><strong>sceleri</strong></span> <span class='ocrx_word' id='word_1_113' title='bbox 1147 1673 1272 1749; x_wconf 88' lang='lat' dir='ltr'><strong>poterat</strong></span> <span class='ocrx_word' id='word_1_114' title='bbox 1294 1668 1438 1750; x_wconf 86' lang='lat' dir='ltr'><strong>opponit</strong></span> <span class='ocrx_word' id='word_1_115' title='bbox 1458 1668 1606 1732; x_wconf 87' lang='lat' dir='ltr'><strong>Nondum</strong></span> 
     </span>
     <span class='ocr_line' id='line_1_13' title="bbox 275 1753 1766 1846; baseline 0.003 -23"><span class='ocrx_word' id='word_1_116' title='bbox 275 1759 359 1824; x_wconf 89' lang='lat' dir='ltr'><strong>ullos</strong></span> <span class='ocrx_word' id='word_1_117' title='bbox 391 1759 487 1823; x_wconf 90' lang='lat' dir='ltr'><strong>duces</strong></span> <span class='ocrx_word' id='word_1_118' title='bbox 518 1759 730 1834; x_wconf 82' lang='lat' dir='ltr'><strong>habebamus,</strong></span> <span class='ocrx_word' id='word_1_119' title='bbox 758 1779 824 1823; x_wconf 94' lang='lat' dir='ltr'><strong>non</strong></span> <span class='ocrx_word' id='word_1_120' title='bbox 852 1753 1129 1846; x_wconf 74' lang='lat' dir='ltr'><strong>copias;(‘nullum</strong></span> <span class='ocrx_word' id='word_1_121' title='bbox 1159 1766 1226 1836; x_wconf 69' lang='lat' dir='ltr'><strong>erat</strong></span> <span class='ocrx_word' id='word_1_122' title='bbox 1246 1759 1413 1825; x_wconf 90' lang='lat' dir='ltr'><strong>consilium</strong></span> <span class='ocrx_word' id='word_1_123' title='bbox 1433 1761 1607 1844; x_wconf 84' lang='lat' dir='ltr'><strong>publicum,</strong></span> <span class='ocrx_word' id='word_1_124' title='bbox 1679 1757 1766 1835; x_wconf 59' lang='lat' dir='ltr'><strong>nqis</strong></span> 
     </span>
     <span class='ocr_line' id='line_1_14' title="bbox 277 1851 1731 1968; baseline 0.006 -54"><span class='ocrx_word' id='word_1_125' title='bbox 277 1852 365 1944; x_wconf 68' lang='lat' dir='ltr'><strong>nullu</strong></span> <span class='ocrx_word' id='word_1_126' title='bbox 394 1851 551 1968; x_wconf 53' lang='lat' dir='ltr'><strong>libertasp</strong></span> <span class='ocrx_word' id='word_1_127' title='bbox 572 1853 695 1918; x_wconf 88' lang='lat' dir='ltr'><strong>dandae</strong></span> <span class='ocrx_word' id='word_1_128' title='bbox 727 1853 866 1918; x_wconf 85' lang='lat' dir='ltr'><strong>cervices</strong></span> <span class='ocrx_word' id='word_1_129' title='bbox 893 1861 982 1916; x_wconf 87' lang='lat' dir='ltr'><strong>eraut</strong></span> <span class='ocrx_word' id='word_1_130' title='bbox 1003 1853 1181 1918; x_wconf 87' lang='lat' dir='ltr'><strong>cnrdelitati</strong></span> <span class='ocrx_word' id='word_1_131' title='bbox 1203 1852 1357 1930; x_wconf 64' lang='lat' dir='ltr'><strong>nefariam</strong></span> <span class='ocrx_word' id='word_1_132' title='bbox 1382 1854 1489 1938; x_wconf 76' lang='lat' dir='ltr'><strong>iugem</strong></span> <span class='ocrx_word' id='word_1_133' title='bbox 1509 1877 1607 1941; x_wconf 88' lang='lat' dir='ltr'><strong>quae-</strong></span> <span class='ocrx_word' id='word_1_134' title='bbox 1719 1887 1731 1947; x_wconf 72' lang='lat'><strong>³.</strong></span> 
     </span>
     <span class='ocr_line' id='line_1_15' title="bbox 277 1944 1722 2033; baseline 0.004 -24"><span class='ocrx_word' id='word_1_135' title='bbox 277 1947 424 2012; x_wconf 87' lang='lat' dir='ltr'><strong>rebamus</strong></span> <span class='ocrx_word' id='word_1_136' title='bbox 454 1967 582 2022; x_wconf 89' lang='lat' dir='ltr'><strong>omnes,</strong></span> <span class='ocrx_word' id='word_1_137' title='bbox 613 1967 694 2033; x_wconf 90' lang='lat' dir='ltr'><strong>quae</strong></span> <span class='ocrx_word' id='word_1_138' title='bbox 725 1947 795 2031; x_wconf 91' lang='lat' dir='ltr'><strong>ipsa</strong></span> <span class='ocrx_word' id='word_1_139' title='bbox 816 1949 936 2012; x_wconf 83' lang='lat' dir='ltr'><strong>exitum</strong></span> <span class='ocrx_word' id='word_1_140' title='bbox 957 1967 1023 2011; x_wconf 95' lang='lat' dir='ltr'><strong>non</strong></span> <span class='ocrx_word' id='word_1_141' title='bbox 1052 1947 1198 2012; x_wconf 85' lang='lat' dir='ltr'><strong>habehat.</strong></span> <span class='ocrx_word' id='word_1_142' title='bbox 1240 1944 1292 2012; x_wconf 76' lang='grc'><strong>43.</strong></span> <span class='ocrx_word' id='word_1_143' title='bbox 1315 1947 1484 2024; x_wconf 83' lang='lat' dir='ltr'><strong>Quietum</strong></span> <span class='ocrx_word' id='word_1_144' title='bbox 1505 1951 1607 2025; x_wconf 84' lang='lat' dir='ltr'><strong>nobis,</strong></span> <span class='ocrx_word' id='word_1_145' title='bbox 1716 1946 1722 1956; x_wconf 65' lang='lat'><em>⁴</em></span> 
     </span>
     <span class='ocr_line' id='line_1_16' title="bbox 279 2040 1645 2127; baseline 0.002 -24"><span class='ocrx_word' id='word_1_146' title='bbox 279 2041 352 2124; x_wconf 92' lang='lat' dir='ltr'><strong>quis</strong></span> <span class='ocrx_word' id='word_1_147' title='bbox 373 2042 494 2126; x_wconf 89' lang='lat' dir='ltr'><strong>populo</strong></span> <span class='ocrx_word' id='word_1_148' title='bbox 517 2044 659 2107; x_wconf 83' lang='lat' dir='ltr'><strong>Romano</strong></span> <span class='ocrx_word' id='word_1_149' title='bbox 675 2043 792 2107; x_wconf 89' lang='lat' dir='ltr'><strong>ohtulit</strong></span> <span class='ocrx_word' id='word_1_150' title='bbox 812 2042 899 2105; x_wconf 92' lang='lat' dir='ltr'><strong>hunc</strong></span> <span class='ocrx_word' id='word_1_151' title='bbox 914 2041 1058 2105; x_wconf 81' lang='lat' dir='ltr'><strong>divinum</strong></span> <span class='ocrx_word' id='word_1_152' title='bbox 1071 2040 1308 2107; x_wconf 86' lang='lat' dir='ltr'><strong>adolescentem</strong></span> <span class='ocrx_word' id='word_1_153' title='bbox 1321 2043 1418 2119; x_wconf 89' lang='lat' dir='ltr'><strong>dens,</strong></span> <span class='ocrx_word' id='word_1_154' title='bbox 1440 2043 1514 2127; x_wconf 91' lang='lat' dir='ltr'><strong>qni,</strong></span> <span class='ocrx_word' id='word_1_155' title='bbox 1535 2058 1645 2108; x_wconf 76' lang='lat' dir='ltr'><strong>mmet</strong></span> 
     </span>
     <span class='ocr_line' id='line_1_17' title="bbox 279 2134 1609 2222; baseline 0.005 -26"><span class='ocrx_word' id='word_1_156' title='bbox 279 2135 387 2200; x_wconf 89' lang='lat' dir='ltr'><strong>omnia</strong></span> <span class='ocrx_word' id='word_1_157' title='bbox 408 2134 448 2199; x_wconf 88' lang='lat' dir='ltr'><strong>ad</strong></span> <span class='ocrx_word' id='word_1_158' title='bbox 470 2137 642 2221; x_wconf 88' lang='lat' dir='ltr'><strong>perniciem</strong></span> <span class='ocrx_word' id='word_1_159' title='bbox 664 2145 804 2200; x_wconf 90' lang='lat' dir='ltr'><strong>nostram</strong></span> <span class='ocrx_word' id='word_1_160' title='bbox 830 2136 982 2219; x_wconf 79' lang='lat' dir='ltr'><strong>pestifero</strong></span> <span class='ocrx_word' id='word_1_161' title='bbox 1009 2135 1057 2198; x_wconf 94' lang='lat' dir='ltr'><strong>illi</strong></span> <span class='ocrx_word' id='word_1_162' title='bbox 1086 2136 1147 2200; x_wconf 86' lang='lat' dir='ltr'><strong>civi</strong></span> <span class='ocrx_word' id='word_1_163' title='bbox 1167 2144 1328 2220; x_wconf 86' lang='lat' dir='ltr'><strong>paterent,</strong></span> <span class='ocrx_word' id='word_1_164' title='bbox 1357 2137 1464 2202; x_wconf 81' lang='lat' dir='ltr'><strong>subito</strong></span> <span class='ocrx_word' id='word_1_165' title='bbox 1484 2145 1609 2222; x_wconf 84' lang='lat' dir='ltr'><strong>praeter</strong></span> 
     </span>
     <span class='ocr_line' id='line_1_18' title="bbox 279 2229 1609 2314; baseline 0.001 -21"><span class='ocrx_word' id='word_1_166' title='bbox 279 2248 369 2312; x_wconf 89' lang='lat' dir='ltr'><strong>spem</strong></span> <span class='ocrx_word' id='word_1_167' title='bbox 393 2231 534 2294; x_wconf 91' lang='lat' dir='ltr'><strong>omnium</strong></span> <span class='ocrx_word' id='word_1_168' title='bbox 558 2237 688 2294; x_wconf 86' lang='lat' dir='ltr'><strong>exortus</strong></span> <span class='ocrx_word' id='word_1_169' title='bbox 709 2230 798 2312; x_wconf 91' lang='lat' dir='ltr'><strong>prius</strong></span> <span class='ocrx_word' id='word_1_170' title='bbox 821 2229 958 2294; x_wconf 83' lang='lat' dir='ltr'><strong>coniecit</strong></span> <span class='ocrx_word' id='word_1_171' title='bbox 971 2229 1163 2305; x_wconf 88' lang='lat' dir='ltr'><strong>exercitum,</strong></span> <span class='ocrx_word' id='word_1_172' title='bbox 1185 2251 1280 2314; x_wconf 89' lang='lat' dir='ltr'><strong>quem</strong></span> <span class='ocrx_word' id='word_1_173' title='bbox 1299 2230 1401 2296; x_wconf 85' lang='lat' dir='ltr'><strong>furori</strong></span> <span class='ocrx_word' id='word_1_174' title='bbox 1422 2234 1464 2297; x_wconf 82' lang='lat' dir='ltr'><strong>it.</strong></span> <span class='ocrx_word' id='word_1_175' title='bbox 1477 2233 1609 2297; x_wconf 76' lang='lat' dir='ltr'><strong>Antonii</strong></span> 
     </span>
     <span class='ocr_line' id='line_1_19' title="bbox 280 2323 1609 2410; baseline 0.004 -24"><span class='ocrx_word' id='word_1_176' title='bbox 280 2330 473 2406; x_wconf 89' lang='lat' dir='ltr'><strong>opponeret,</strong></span> <span class='ocrx_word' id='word_1_177' title='bbox 503 2343 597 2407; x_wconf 89' lang='lat' dir='ltr'><strong>quam</strong></span> <span class='ocrx_word' id='word_1_178' title='bbox 630 2323 798 2406; x_wconf 88' lang='lat' dir='ltr'><strong>quisquam</strong></span> <span class='ocrx_word' id='word_1_179' title='bbox 826 2324 888 2387; x_wconf 90' lang='lat' dir='ltr'><strong>hoc</strong></span> <span class='ocrx_word' id='word_1_180' title='bbox 909 2344 982 2386; x_wconf 93' lang='lat' dir='ltr'><strong>eum</strong></span> <span class='ocrx_word' id='word_1_181' title='bbox 1004 2323 1140 2405; x_wconf 74' lang='lat' dir='ltr'><strong>cogitare</strong></span> <span class='ocrx_word' id='word_1_182' title='bbox 1161 2324 1384 2407; x_wconf 87' lang='lat' dir='ltr'><strong>suspicaretur.</strong></span> <span class='ocrx_word' id='word_1_183' title='bbox 1422 2327 1529 2410; x_wconf 71' lang='lat' dir='ltr'><strong>Magni</strong></span> <span class='ocrx_word' id='word_1_184' title='bbox 1550 2327 1609 2390; x_wconf 88' lang='lat' dir='ltr'><strong>ho-</strong></span> 
     </span>
     <span class='ocr_line' id='line_1_20' title="bbox 279 2415 1609 2501; baseline 0.003 -22"><span class='ocrx_word' id='word_1_185' title='bbox 279 2437 374 2481; x_wconf 80' lang='lat' dir='ltr'><strong>nores</strong></span> <span class='ocrx_word' id='word_1_186' title='bbox 396 2417 497 2481; x_wconf 89' lang='lat' dir='ltr'><strong>habiti</strong></span> <span class='ocrx_word' id='word_1_187' title='bbox 521 2418 576 2480; x_wconf 87' lang='lat' dir='ltr'><strong>Cn.</strong></span> <span class='ocrx_word' id='word_1_188' title='bbox 598 2417 768 2500; x_wconf 89' lang='lat' dir='ltr'><strong>Pompeio,</strong></span> <span class='ocrx_word' id='word_1_189' title='bbox 790 2437 862 2481; x_wconf 91' lang='lat' dir='ltr'><strong>cum</strong></span> <span class='ocrx_word' id='word_1_190' title='bbox 885 2422 971 2480; x_wconf 89' lang='lat' dir='ltr'><strong>esset</strong></span> <span class='ocrx_word' id='word_1_191' title='bbox 991 2415 1193 2491; x_wconf 85' lang='lat' dir='ltr'><strong>adolescens,</strong></span> <span class='ocrx_word' id='word_1_192' title='bbox 1216 2424 1249 2480; x_wconf 94' lang='lat' dir='ltr'><strong>et</strong></span> <span class='ocrx_word' id='word_1_193' title='bbox 1269 2417 1399 2501; x_wconf 90' lang='lat' dir='ltr'><strong>quidem</strong></span> <span class='ocrx_word' id='word_1_194' title='bbox 1419 2419 1505 2484; x_wconf 88' lang='lat' dir='ltr'><strong>iure:</strong></span> <span class='ocrx_word' id='word_1_195' title='bbox 1534 2420 1609 2486; x_wconf 80' lang='lat' dir='ltr'><strong>suls·</strong></span> 
     </span>
     <span class='ocr_line' id='line_1_21' title="bbox 279 2509 1647 2594; baseline 0.002 -19"><span class='ocrx_word' id='word_1_196' title='bbox 279 2512 367 2575; x_wconf 81' lang='lat' dir='ltr'><strong>venit</strong></span> <span class='ocrx_word' id='word_1_197' title='bbox 398 2510 483 2573; x_wconf 89' lang='lat' dir='ltr'><strong>enim</strong></span> <span class='ocrx_word' id='word_1_198' title='bbox 506 2512 552 2574; x_wconf 92' lang='lat' dir='ltr'><strong>rei</strong></span> <span class='ocrx_word' id='word_1_199' title='bbox 585 2510 747 2594; x_wconf 87' lang='lat' dir='ltr'><strong>publicae,</strong></span> <span class='ocrx_word' id='word_1_200' title='bbox 778 2509 833 2574; x_wconf 91' lang='lat' dir='ltr'><strong>sed</strong></span> <span class='ocrx_word' id='word_1_201' title='bbox 856 2516 959 2573; x_wconf 89' lang='lat' dir='ltr'><strong>aetate</strong></span> <span class='ocrx_word' id='word_1_202' title='bbox 980 2509 1081 2574; x_wconf 90' lang='lat' dir='ltr'><strong>multo</strong></span> <span class='ocrx_word' id='word_1_203' title='bbox 1102 2510 1264 2574; x_wconf 80' lang='lat' dir='ltr'><strong>robustior</strong></span> <span class='ocrx_word' id='word_1_204' title='bbox 1284 2519 1316 2575; x_wconf 87' lang='lat' dir='ltr'><strong>ot</strong></span> <span class='ocrx_word' id='word_1_205' title='bbox 1337 2511 1473 2579; x_wconf 89' lang='lat' dir='ltr'><strong>militum</strong></span> <span class='ocrx_word' id='word_1_206' title='bbox 1495 2514 1647 2580; x_wconf 79' lang='lat' dir='ltr'><strong>ducemne</strong></span> 
     </span>
     <span class='ocr_line' id='line_1_22' title="bbox 281 2603 1609 2688; baseline 0.005 -21"><span class='ocrx_word' id='word_1_207' title='bbox 281 2603 499 2688; x_wconf 83' lang='lat' dir='ltr'><strong>quaerentium</strong></span> <span class='ocrx_word' id='word_1_208' title='bbox 522 2605 629 2668; x_wconf 91' lang='lat' dir='ltr'><strong>studio</strong></span> <span class='ocrx_word' id='word_1_209' title='bbox 651 2605 810 2687; x_wconf 78' lang='lat' dir='ltr'><strong>paratiore</strong></span> <span class='ocrx_word' id='word_1_210' title='bbox 832 2611 863 2668; x_wconf 91' lang='lat' dir='ltr'><strong>et</strong></span> <span class='ocrx_word' id='word_1_211' title='bbox 885 2604 918 2667; x_wconf 92' lang='lat' dir='ltr'><strong>iu</strong></span> <span class='ocrx_word' id='word_1_212' title='bbox 940 2604 1003 2668; x_wconf 88' lang='lat' dir='ltr'><strong>alio</strong></span> <span class='ocrx_word' id='word_1_213' title='bbox 1027 2623 1142 2687; x_wconf 77' lang='lat' dir='ltr'><strong>genere</strong></span> <span class='ocrx_word' id='word_1_214' title='bbox 1163 2603 1256 2680; x_wconf 89' lang='lat' dir='ltr'><strong>belli;</strong></span> <span class='ocrx_word' id='word_1_215' title='bbox 1277 2624 1342 2669; x_wconf 93' lang='lat' dir='ltr'><strong>non</strong></span> <span class='ocrx_word' id='word_1_216' title='bbox 1363 2607 1449 2669; x_wconf 90' lang='lat' dir='ltr'><strong>enim</strong></span> <span class='ocrx_word' id='word_1_217' title='bbox 1463 2608 1609 2673; x_wconf 88' lang='lat' dir='ltr'><strong>omnibus</strong></span> 
     </span>
     <span class='ocr_line' id='line_1_23' title="bbox 282 2696 1609 2785; baseline 0.005 -25"><span class='ocrx_word' id='word_1_218' title='bbox 282 2696 389 2761; x_wconf 90' lang='lat' dir='ltr'><strong>Sullae</strong></span> <span class='ocrx_word' id='word_1_219' title='bbox 411 2715 506 2760; x_wconf 88' lang='lat' dir='ltr'><strong>causa</strong></span> <span class='ocrx_word' id='word_1_220' title='bbox 528 2706 634 2780; x_wconf 79' lang='lat' dir='ltr'><strong>grata:</strong></span> <span class='ocrx_word' id='word_1_221' title='bbox 657 2698 796 2762; x_wconf 86' lang='lat' dir='ltr'><strong>declarat</strong></span> <span class='ocrx_word' id='word_1_222' title='bbox 817 2697 986 2762; x_wconf 90' lang='lat' dir='ltr'><strong>multitudo</strong></span> <span class='ocrx_word' id='word_1_223' title='bbox 1009 2698 1274 2782; x_wconf 88' lang='lat' dir='ltr'><strong>proscriptorum,</strong></span> <span class='ocrx_word' id='word_1_224' title='bbox 1295 2704 1343 2762; x_wconf 94' lang='lat' dir='ltr'><strong>tot</strong></span> <span class='ocrx_word' id='word_1_225' title='bbox 1363 2701 1609 2785; x_wconf 85' lang='lat' dir='ltr'><strong>municipiorum</strong></span> 
     </span>
     <span class='ocr_line' id='line_1_24' title="bbox 281 2789 1608 2860; baseline 0.005 -7"><span class='ocrx_word' id='word_1_226' title='bbox 281 2791 437 2854; x_wconf 79' lang='lat' dir='ltr'><strong>maximae</strong></span> <span class='ocrx_word' id='word_1_227' title='bbox 466 2790 666 2856; x_wconf 88' lang='lat' dir='ltr'><strong>calamitates.</strong></span> <span class='ocrx_word' id='word_1_228' title='bbox 710 2789 761 2854; x_wconf 84' lang='lat' dir='ltr'><strong>ti.</strong></span> <span class='ocrx_word' id='word_1_229' title='bbox 786 2792 900 2857; x_wconf 90' lang='lat' dir='ltr'><strong>Caesar</strong></span> <span class='ocrx_word' id='word_1_230' title='bbox 928 2798 1034 2856; x_wconf 91' lang='lat' dir='ltr'><strong>autem</strong></span> <span class='ocrx_word' id='word_1_231' title='bbox 1063 2793 1155 2855; x_wconf 89' lang='lat' dir='ltr'><strong>annis</strong></span> <span class='ocrx_word' id='word_1_232' title='bbox 1181 2792 1289 2857; x_wconf 89' lang='lat' dir='ltr'><strong>multis</strong></span> <span class='ocrx_word' id='word_1_233' title='bbox 1316 2792 1420 2856; x_wconf 89' lang='lat' dir='ltr'><strong>minor</strong></span> <span class='ocrx_word' id='word_1_234' title='bbox 1441 2800 1608 2860; x_wconf 82' lang='lat' dir='ltr'><strong>veteranos</strong></span> 
     </span>
     <span class='ocr_line' id='line_1_25' title="bbox 282 2884 1608 2975; baseline 0.005 -26"><span class='ocrx_word' id='word_1_235' title='bbox 282 2884 446 2967; x_wconf 89' lang='lat' dir='ltr'><strong>cupientes</strong></span> <span class='ocrx_word' id='word_1_236' title='bbox 473 2885 535 2948; x_wconf 91' lang='lat' dir='ltr'><strong>iam</strong></span> <span class='ocrx_word' id='word_1_237' title='bbox 565 2886 765 2969; x_wconf 88' lang='lat' dir='ltr'><strong>requiescere</strong></span> <span class='ocrx_word' id='word_1_238' title='bbox 793 2886 940 2960; x_wconf 88' lang='lat' dir='ltr'><strong>armavit;</strong></span> <span class='ocrx_word' id='word_1_239' title='bbox 970 2905 1040 2950; x_wconf 90' lang='lat' dir='ltr'><strong>eam</strong></span> <span class='ocrx_word' id='word_1_240' title='bbox 1069 2886 1255 2971; x_wconf 87' lang='lat' dir='ltr'><strong>complexus</strong></span> <span class='ocrx_word' id='word_1_241' title='bbox 1278 2895 1327 2951; x_wconf 87' lang='lat' dir='ltr'><strong>est</strong></span> <span class='ocrx_word' id='word_1_242' title='bbox 1355 2908 1499 2964; x_wconf 87' lang='lat' dir='ltr'><strong>causam,</strong></span> <span class='ocrx_word' id='word_1_243' title='bbox 1526 2911 1608 2975; x_wconf 89' lang='lat' dir='ltr'><strong>qnae</strong></span> 
     </span>
    </p>

    <p class='ocr_par' dir='ltr' id='par_1_9' title="bbox 257 2980 1722 4101">
     <span class='ocr_line' id='line_1_26' title="bbox 257 2980 1646 3068; baseline 0.002 -22"><span class='ocrx_word' id='word_1_244' title='bbox 257 3031 260 3046; x_wconf 92' lang='lat'>.</span> <span class='ocrx_word' id='word_1_245' title='bbox 282 2987 367 3043; x_wconf 88' lang='lat' dir='ltr'><strong>esset</strong></span> <span class='ocrx_word' id='word_1_246' title='bbox 381 2980 519 3054; x_wconf 88' lang='lat' dir='ltr'><strong>senatui,</strong></span> <span class='ocrx_word' id='word_1_247' title='bbox 543 2999 625 3065; x_wconf 89' lang='lat' dir='ltr'><strong>quae</strong></span> <span class='ocrx_word' id='word_1_248' title='bbox 647 2980 785 3064; x_wconf 91' lang='lat' dir='ltr'><strong>populo,</strong></span> <span class='ocrx_word' id='word_1_249' title='bbox 807 3000 890 3064; x_wconf 92' lang='lat' dir='ltr'><strong>quae</strong></span> <span class='ocrx_word' id='word_1_250' title='bbox 905 2987 1035 3042; x_wconf 88' lang='lat' dir='ltr'><strong>cunctae</strong></span> <span class='ocrx_word' id='word_1_251' title='bbox 1049 2981 1178 3057; x_wconf 84' lang='lat' dir='ltr'><strong>ltaliae,</strong></span> <span class='ocrx_word' id='word_1_252' title='bbox 1200 3002 1284 3065; x_wconf 90' lang='lat' dir='ltr'><strong>quae</strong></span> <span class='ocrx_word' id='word_1_253' title='bbox 1298 2982 1347 3046; x_wconf 91' lang='lat' dir='ltr'><strong>dis</strong></span> <span class='ocrx_word' id='word_1_254' title='bbox 1361 2982 1646 3068; x_wconf 54' lang='lat' dir='ltr'><strong>hominibusque&amp;</strong></span> 
     </span>
     <span class='ocr_line' id='line_1_27' title="bbox 282 3072 1609 3163; baseline 0.007 -27"><span class='ocrx_word' id='word_1_255' title='bbox 282 3073 468 3155; x_wconf 75' lang='lat' dir='ltr'><strong>gratissima.</strong></span> <span class='ocrx_word' id='word_1_256' title='bbox 503 3074 544 3136; x_wconf 84' lang='lat' dir='ltr'><strong>Et</strong></span> <span class='ocrx_word' id='word_1_257' title='bbox 564 3074 731 3156; x_wconf 89' lang='lat' dir='ltr'><strong>Pompeius</strong></span> <span class='ocrx_word' id='word_1_258' title='bbox 764 3074 804 3138; x_wconf 88' lang='lat' dir='ltr'><strong>ad</strong></span> <span class='ocrx_word' id='word_1_259' title='bbox 826 3075 861 3136; x_wconf 87' lang='lat' dir='ltr'><strong>L.</strong></span> <span class='ocrx_word' id='word_1_260' title='bbox 884 3072 991 3136; x_wconf 90' lang='lat' dir='ltr'><strong>Sullae</strong></span> <span class='ocrx_word' id='word_1_261' title='bbox 1014 3076 1185 3138; x_wconf 81' lang='lat' dir='ltr'><strong>maximum</strong></span> <span class='ocrx_word' id='word_1_262' title='bbox 1206 3076 1374 3160; x_wconf 89' lang='lat' dir='ltr'><strong>imperium</strong></span> <span class='ocrx_word' id='word_1_263' title='bbox 1395 3078 1609 3163; x_wconf 82' lang='lat' dir='ltr'><strong>victoremque</strong></span> 
     </span>
     <span class='ocr_line' id='line_1_28' title="bbox 282 3167 1610 3256; baseline 0.006 -26"><span class='ocrx_word' id='word_1_264' title='bbox 282 3167 459 3230; x_wconf 80' lang='lat' dir='ltr'><strong>exercitum</strong></span> <span class='ocrx_word' id='word_1_265' title='bbox 480 3168 631 3230; x_wconf 72' lang='lat' dir='ltr'><strong>accensita</strong></span> <span class='ocrx_word' id='word_1_266' title='bbox 655 3167 771 3231; x_wconf 88' lang='lat' dir='ltr'><strong>Caesar</strong></span> <span class='ocrx_word' id='word_1_267' title='bbox 791 3188 826 3232; x_wconf 87' lang='lat' dir='ltr'><strong>sc</strong></span> <span class='ocrx_word' id='word_1_268' title='bbox 847 3167 887 3231; x_wconf 88' lang='lat' dir='ltr'><strong>ad</strong></span> <span class='ocrx_word' id='word_1_269' title='bbox 908 3168 1067 3232; x_wconf 89' lang='lat' dir='ltr'><strong>neminem</strong></span> <span class='ocrx_word' id='word_1_270' title='bbox 1081 3168 1243 3246; x_wconf 79' lang='lat' dir='ltr'><strong>adiunxit3</strong></span> <span class='ocrx_word' id='word_1_271' title='bbox 1263 3171 1334 3254; x_wconf 86' lang='lat' dir='ltr'><strong>ipse</strong></span> <span class='ocrx_word' id='word_1_272' title='bbox 1354 3172 1503 3256; x_wconf 89' lang='lat' dir='ltr'><strong>princeps</strong></span> <span class='ocrx_word' id='word_1_273' title='bbox 1518 3193 1610 3238; x_wconf 81' lang='lat' dir='ltr'><strong>exer·</strong></span> 
     </span>
     <span class='ocr_line' id='line_1_29' title="bbox 283 3258 1609 3350; baseline 0.006 -26"><span class='ocrx_word' id='word_1_274' title='bbox 283 3260 365 3324; x_wconf 89' lang='lat' dir='ltr'><strong>citus</strong></span> <span class='ocrx_word' id='word_1_275' title='bbox 386 3258 523 3324; x_wconf 79' lang='lat' dir='ltr'><strong>lactendi</strong></span> <span class='ocrx_word' id='word_1_276' title='bbox 547 3269 579 3324; x_wconf 88' lang='lat' dir='ltr'><strong>et</strong></span> <span class='ocrx_word' id='word_1_277' title='bbox 608 3260 760 3343; x_wconf 86' lang='lat' dir='ltr'><strong>praesidii</strong></span> <span class='ocrx_word' id='word_1_278' title='bbox 782 3262 985 3344; x_wconf 88' lang='lat' dir='ltr'><strong>comparandi</strong></span> <span class='ocrx_word' id='word_1_279' title='bbox 1007 3261 1076 3325; x_wconf 78' lang='lat' dir='ltr'><strong>fnit</strong></span> <span class='ocrx_word' id='word_1_280' title='bbox 1113 3262 1172 3327; x_wconf 90' lang='lat' dir='ltr'><strong>llle</strong></span> <span class='ocrx_word' id='word_1_281' title='bbox 1193 3263 1447 3329; x_wconf 81' lang='lat' dir='ltr'><strong>adversariorum</strong></span> <span class='ocrx_word' id='word_1_282' title='bbox 1467 3266 1609 3350; x_wconf 74' lang='lat' dir='ltr'><strong>panibus</strong></span> 
     </span>
     <span class='ocr_line' id='line_1_30' title="bbox 283 3354 1609 3438; baseline 0.006 -20"><span class='ocrx_word' id='word_1_283' title='bbox 283 3375 391 3438; x_wconf 78' lang='lat' dir='ltr'><strong>agrum</strong></span> <span class='ocrx_word' id='word_1_284' title='bbox 415 3355 565 3418; x_wconf 88' lang='lat' dir='ltr'><strong>Picenum</strong></span> <span class='ocrx_word' id='word_1_285' title='bbox 586 3354 697 3418; x_wconf 87' lang='lat' dir='ltr'><strong>habuit</strong></span> <span class='ocrx_word' id='word_1_286' title='bbox 719 3355 899 3418; x_wconf 89' lang='lat' dir='ltr'><strong>inimicum:</strong></span> <span class='ocrx_word' id='word_1_287' title='bbox 920 3354 973 3419; x_wconf 83' lang='lat' dir='ltr'><strong>liic</strong></span> <span class='ocrx_word' id='word_1_288' title='bbox 988 3375 1030 3420; x_wconf 84' lang='lat' dir='ltr'><strong>ex</strong></span> <span class='ocrx_word' id='word_1_289' title='bbox 1043 3357 1172 3421; x_wconf 81' lang='lat' dir='ltr'><strong>Antonii</strong></span> <span class='ocrx_word' id='word_1_290' title='bbox 1186 3358 1313 3435; x_wconf 83' lang='lat' dir='ltr'><strong>amicis,</strong></span> <span class='ocrx_word' id='word_1_291' title='bbox 1336 3360 1393 3424; x_wconf 89' lang='lat' dir='ltr'><strong>sed</strong></span> <span class='ocrx_word' id='word_1_292' title='bbox 1406 3361 1609 3426; x_wconf 87' lang='lat' dir='ltr'><strong>amicioribus</strong></span> 
     </span>
     <span class='ocr_line' id='line_1_31' title="bbox 283 3447 1647 3539; baseline 0.005 -28"><span class='ocrx_word' id='word_1_293' title='bbox 283 3447 436 3513; x_wconf 82' lang='lat' dir='ltr'><strong>libertatis</strong></span> <span class='ocrx_word' id='word_1_294' title='bbox 459 3458 569 3522; x_wconf 79' lang='lat' dir='ltr'><strong>contra</strong></span> <span class='ocrx_word' id='word_1_295' title='bbox 590 3449 765 3512; x_wconf 78' lang='lat' dir='ltr'><strong>Antonium</strong></span> <span class='ocrx_word' id='word_1_296' title='bbox 787 3448 925 3513; x_wconf 81' lang='lat' dir='ltr'><strong>coniecit</strong></span> <span class='ocrx_word' id='word_1_297' title='bbox 944 3448 1130 3514; x_wconf 85' lang='lat' dir='ltr'><strong>exercitum.</strong></span> <span class='ocrx_word' id='word_1_298' title='bbox 1162 3451 1252 3516; x_wconf 82' lang='lat' dir='ltr'><strong>Illius</strong></span> <span class='ocrx_word' id='word_1_299' title='bbox 1266 3453 1381 3536; x_wconf 77' lang='lat' dir='ltr'><strong>opilius</strong></span> <span class='ocrx_word' id='word_1_300' title='bbox 1396 3453 1485 3518; x_wconf 86' lang='lat' dir='ltr'><strong>Sulla</strong></span> <span class='ocrx_word' id='word_1_301' title='bbox 1497 3469 1647 3539; x_wconf 77' lang='lat' dir='ltr'><strong>regna-ao</strong></span> 
     </span>
     <span class='ocr_line' id='line_1_32' title="bbox 282 3540 1611 3634; baseline 0.007 -28"><span class='ocrx_word' id='word_1_302' title='bbox 282 3545 350 3606; x_wconf 83' lang='lat' dir='ltr'><strong>vit:</strong></span> <span class='ocrx_word' id='word_1_303' title='bbox 371 3540 467 3606; x_wconf 84' lang='lat' dir='ltr'><strong>huius</strong></span> <span class='ocrx_word' id='word_1_304' title='bbox 489 3542 649 3626; x_wconf 89' lang='lat' dir='ltr'><strong>praesidio</strong></span> <span class='ocrx_word' id='word_1_305' title='bbox 671 3543 800 3606; x_wconf 78' lang='lat' dir='ltr'><strong>Antonii</strong></span> <span class='ocrx_word' id='word_1_306' title='bbox 821 3543 1001 3608; x_wconf 88' lang='lat' dir='ltr'><strong>dominatus</strong></span> <span class='ocrx_word' id='word_1_307' title='bbox 1023 3563 1194 3627; x_wconf 88' lang='lat' dir='ltr'><strong>oppressus</strong></span> <span class='ocrx_word' id='word_1_308' title='bbox 1216 3554 1272 3610; x_wconf 87' lang='lat' dir='ltr'><strong>est.</strong></span> <span class='ocrx_word' id='word_1_309' title='bbox 1307 3543 1360 3611; x_wconf 80' lang='lat' dir='ltr'><strong>ts.</strong></span> <span class='ocrx_word' id='word_1_310' title='bbox 1373 3547 1494 3613; x_wconf 88' lang='lat' dir='ltr'><strong>Demus</strong></span> <span class='ocrx_word' id='word_1_311' title='bbox 1512 3549 1611 3634; x_wconf 72' lang='lat' dir='ltr'><strong>igitur</strong></span> 
     </span>
     <span class='ocr_line' id='line_1_33' title="bbox 283 3635 1609 3722; baseline 0.008 -23"><span class='ocrx_word' id='word_1_312' title='bbox 283 3635 453 3719; x_wconf 88' lang='lat' dir='ltr'><strong>imperium</strong></span> <span class='ocrx_word' id='word_1_313' title='bbox 478 3635 622 3711; x_wconf 87' lang='lat' dir='ltr'><strong>Caesari,</strong></span> <span class='ocrx_word' id='word_1_314' title='bbox 650 3636 720 3701; x_wconf 86' lang='lat' dir='ltr'><strong>sine</strong></span> <span class='ocrx_word' id='word_1_315' title='bbox 742 3656 805 3720; x_wconf 93' lang='lat' dir='ltr'><strong>quo</strong></span> <span class='ocrx_word' id='word_1_316' title='bbox 827 3656 879 3700; x_wconf 91' lang='lat' dir='ltr'><strong>res</strong></span> <span class='ocrx_word' id='word_1_317' title='bbox 901 3637 1045 3702; x_wconf 89' lang='lat' dir='ltr'><strong>militaris</strong></span> <span class='ocrx_word' id='word_1_318' title='bbox 1066 3638 1296 3717; x_wconf 85' lang='lat' dir='ltr'><strong>administrari,</strong></span> <span class='ocrx_word' id='word_1_319' title='bbox 1317 3642 1420 3706; x_wconf 89' lang='lat' dir='ltr'><strong>teneri</strong></span> <span class='ocrx_word' id='word_1_320' title='bbox 1440 3645 1609 3722; x_wconf 82' lang='lat' dir='ltr'><strong>exercitus,</strong></span> 
     </span>
     <span class='ocr_line' id='line_1_34' title="bbox 283 3728 1611 3820; baseline 0.01 -29"><span class='ocrx_word' id='word_1_321' title='bbox 283 3728 402 3794; x_wconf 88' lang='lat' dir='ltr'><strong>bellum</strong></span> <span class='ocrx_word' id='word_1_322' title='bbox 425 3729 491 3813; x_wconf 77' lang='lat' dir='ltr'><strong>geri</strong></span> <span class='ocrx_word' id='word_1_323' title='bbox 512 3750 576 3795; x_wconf 92' lang='lat' dir='ltr'><strong>nou</strong></span> <span class='ocrx_word' id='word_1_324' title='bbox 597 3737 723 3812; x_wconf 85' lang='lat' dir='ltr'><strong>potest:</strong></span> <span class='ocrx_word' id='word_1_325' title='bbox 749 3731 791 3794; x_wconf 90' lang='lat' dir='ltr'><strong>sit</strong></span> <span class='ocrx_word' id='word_1_326' title='bbox 812 3750 870 3815; x_wconf 91' lang='lat' dir='ltr'><strong>pro</strong></span> <span class='ocrx_word' id='word_1_327' title='bbox 892 3737 1041 3815; x_wconf 92' lang='lat' dir='ltr'><strong>praetore</strong></span> <span class='ocrx_word' id='word_1_328' title='bbox 1062 3753 1101 3797; x_wconf 87' lang='lat' dir='ltr'><strong>co</strong></span> <span class='ocrx_word' id='word_1_329' title='bbox 1122 3733 1192 3797; x_wconf 92' lang='lat' dir='ltr'><strong>iure</strong></span> <span class='ocrx_word' id='word_1_330' title='bbox 1214 3754 1281 3818; x_wconf 91' lang='lat' dir='ltr'><strong>quo</strong></span> <span class='ocrx_word' id='word_1_331' title='bbox 1301 3737 1358 3820; x_wconf 87' lang='lat' dir='ltr'><strong>qui</strong></span> <span class='ocrx_word' id='word_1_332' title='bbox 1378 3736 1511 3820; x_wconf 82' lang='lat' dir='ltr'><strong>optimo.</strong></span> <span class='ocrx_word' id='word_1_333' title='bbox 1546 3739 1611 3816; x_wconf 86' lang='lat' dir='ltr'><strong>Qui</strong></span> 
     </span>
     <span class='ocr_line' id='line_1_35' title="bbox 282 3822 1610 3908; baseline 0.008 -22"><span class='ocrx_word' id='word_1_334' title='bbox 282 3822 384 3889; x_wconf 84' lang='lat' dir='ltr'><strong>honos</strong></span> <span class='ocrx_word' id='word_1_335' title='bbox 415 3843 605 3908; x_wconf 88' lang='lat' dir='ltr'><strong>quamquam</strong></span> <span class='ocrx_word' id='word_1_336' title='bbox 627 3832 676 3888; x_wconf 89' lang='lat' dir='ltr'><strong>est</strong></span> <span class='ocrx_word' id='word_1_337' title='bbox 696 3844 828 3908; x_wconf 78' lang='lat' dir='ltr'><strong>magnus</strong></span> <span class='ocrx_word' id='word_1_338' title='bbox 849 3825 906 3888; x_wconf 94' lang='lat' dir='ltr'><strong>illa</strong></span> <span class='ocrx_word' id='word_1_339' title='bbox 927 3833 1047 3902; x_wconf 88' lang='lat' dir='ltr'><strong>aetate,</strong></span> <span class='ocrx_word' id='word_1_340' title='bbox 1075 3834 1182 3891; x_wconf 92' lang='lat' dir='ltr'><strong>tamen</strong></span> <span class='ocrx_word' id='word_1_341' title='bbox 1203 3829 1244 3892; x_wconf 90' lang='lat' dir='ltr'><strong>ad</strong></span> <span class='ocrx_word' id='word_1_342' title='bbox 1265 3829 1486 3896; x_wconf 87' lang='lat' dir='ltr'><strong>necessitatem</strong></span> <span class='ocrx_word' id='word_1_343' title='bbox 1505 3852 1610 3898; x_wconf 89' lang='lat' dir='ltr'><strong>rerum</strong></span> 
     </span>
     <span class='ocr_line' id='line_1_36' title="bbox 285 3916 1647 4008; baseline 0.007 -29"><span class='ocrx_word' id='word_1_344' title='bbox 285 3918 509 4000; x_wconf 77' lang='lat' dir='ltr'><strong>gerendarum,</strong></span> <span class='ocrx_word' id='word_1_345' title='bbox 542 3938 608 3982; x_wconf 92' lang='lat' dir='ltr'><strong>non</strong></span> <span class='ocrx_word' id='word_1_346' title='bbox 640 3919 744 3982; x_wconf 90' lang='lat' dir='ltr'><strong>solum</strong></span> <span class='ocrx_word' id='word_1_347' title='bbox 777 3916 817 3980; x_wconf 90' lang='lat' dir='ltr'><strong>ad</strong></span> <span class='ocrx_word' id='word_1_348' title='bbox 847 3918 1031 4002; x_wconf 77' lang='lat' dir='ltr'><strong>dignitatem</strong></span> <span class='ocrx_word' id='word_1_349' title='bbox 1058 3920 1152 3985; x_wconf 83' lang='lat' dir='ltr'><strong>ualet.</strong></span> <span class='ocrx_word' id='word_1_350' title='bbox 1195 3923 1304 4007; x_wconf 90' lang='lat' dir='ltr'><strong>ltaque</strong></span> <span class='ocrx_word' id='word_1_351' title='bbox 1332 3924 1388 3988; x_wconf 91' lang='lat' dir='ltr'><strong>illa</strong></span> <span class='ocrx_word' id='word_1_352' title='bbox 1409 3939 1647 4008; x_wconf 72' lang='lat' dir='ltr'><strong>quaeramus,m</strong></span> 
     </span>
     <span class='ocr_line' id='line_1_37' title="bbox 285 4011 1722 4101; baseline 0.01 -27"><span class='ocrx_word' id='word_1_353' title='bbox 285 4031 368 4093; x_wconf 89' lang='lat' dir='ltr'><strong>quae</strong></span> <span class='ocrx_word' id='word_1_354' title='bbox 391 4013 446 4076; x_wconf 86' lang='lat' dir='ltr'><strong>rix</strong></span> <span class='ocrx_word' id='word_1_355' title='bbox 466 4011 622 4076; x_wconf 86' lang='lat' dir='ltr'><strong>hodierno</strong></span> <span class='ocrx_word' id='word_1_356' title='bbox 645 4012 698 4076; x_wconf 89' lang='lat' dir='ltr'><strong>die</strong></span> <span class='ocrx_word' id='word_1_357' title='bbox 720 4033 961 4097; x_wconf 87' lang='lat' dir='ltr'><strong>consequemur.</strong></span> <span class='ocrx_word' id='word_1_358' title='bbox 1005 4013 1104 4078; x_wconf 80' lang='lat' dir='ltr'><strong>xvii.</strong></span> <span class='ocrx_word' id='word_1_359' title='bbox 1125 4015 1190 4079; x_wconf 88' lang='lat' dir='ltr'><strong>Sed</strong></span> <span class='ocrx_word' id='word_1_360' title='bbox 1211 4035 1307 4101; x_wconf 90' lang='lat' dir='ltr'><strong>saepe</strong></span> <span class='ocrx_word' id='word_1_361' title='bbox 1321 4037 1415 4101; x_wconf 89' lang='lat' dir='ltr'><strong>spero</strong></span> <span class='ocrx_word' id='word_1_362' title='bbox 1431 4018 1502 4084; x_wconf 83' lang='lat' dir='ltr'><strong>fore</strong></span> <span class='ocrx_word' id='word_1_363' title='bbox 1514 4020 1610 4087; x_wconf 88' lang='lat' dir='ltr'><strong>huius</strong></span> <span class='ocrx_word' id='word_1_364' title='bbox 1715 4019 1722 4031; x_wconf 84' lang='lat'>&#39;</span> 
     </span>
    </p>
   </div>
   <div class='ocr_carea' id='block_1_3' title="bbox 283 4273 1684 5304">
    <p class='ocr_par' dir='ltr' id='par_1_10' title="bbox 283 4273 1684 5304">
     <span class='ocr_line' id='line_1_38' title="bbox 351 4273 1611 4346; baseline 0.008 -22"><span class='ocrx_word' id='word_1_365' title='bbox 351 4273 375 4324; x_wconf 94' lang='grc'><strong>4.</strong></span> <span class='ocrx_word' id='word_1_366' title='bbox 393 4274 526 4336; x_wconf 72' lang='lat' dir='ltr'><strong>populique</strong></span> <span class='ocrx_word' id='word_1_367' title='bbox 541 4273 641 4324; x_wconf 69' lang='lat' dir='ltr'><strong>consuet</strong></span> <span class='ocrx_word' id='word_1_368' title='bbox 656 4273 689 4322; x_wconf 84' lang='lat' dir='ltr'><strong>V¹</strong></span> <span class='ocrx_word' id='word_1_369' title='bbox 706 4297 734 4310; x_wconf 93' lang='lat'>-</span> <span class='ocrx_word' id='word_1_370' title='bbox 755 4273 779 4326; x_wconf 81' lang='grc'><strong>3.</strong></span> <span class='ocrx_word' id='word_1_371' title='bbox 796 4275 855 4326; x_wconf 86' lang='lat' dir='ltr'><strong>oettt</strong></span> <span class='ocrx_word' id='word_1_372' title='bbox 871 4276 940 4327; x_wconf 89' lang='lat' dir='ltr'><strong>coni.</strong></span> <span class='ocrx_word' id='word_1_373' title='bbox 954 4276 1066 4326; x_wconf 83' lang='lat' dir='ltr'><strong>Ernesti.</strong></span> <span class='ocrx_word' id='word_1_374' title='bbox 1086 4301 1113 4314; x_wconf 91' lang='lat'>—</span> <span class='ocrx_word' id='word_1_375' title='bbox 1131 4275 1157 4328; x_wconf 83' lang='grc'><strong>4.</strong></span> <span class='ocrx_word' id='word_1_376' title='bbox 1174 4277 1236 4339; x_wconf 77' lang='lat' dir='ltr'><strong>quio</strong></span> <span class='ocrx_word' id='word_1_377' title='bbox 1251 4277 1278 4327; x_wconf 87' lang='lat' dir='ltr'><strong>l:</strong></span> <span class='ocrx_word' id='word_1_378' title='bbox 1295 4279 1422 4342; x_wconf 61' lang='grc'><strong>44444-</strong></span> <span class='ocrx_word' id='word_1_379' title='bbox 1440 4282 1482 4333; x_wconf 86' lang='grc'><strong>40.</strong></span> <span class='ocrx_word' id='word_1_380' title='bbox 1498 4282 1611 4346; x_wconf 75' lang='lat' dir='ltr'><strong>topotv</strong></span> 
     </span>
     <span class='ocr_line' id='line_1_39' title="bbox 287 4348 1608 4414; baseline 0.007 -15"><span class='ocrx_word' id='word_1_381' title='bbox 287 4369 315 4386; x_wconf 88' lang='lat'><em>-</em></span> <span class='ocrx_word' id='word_1_382' title='bbox 333 4349 513 4400; x_wconf 65' lang='grc'><strong>044444444-</strong></span> <span class='ocrx_word' id='word_1_383' title='bbox 534 4348 785 4400; x_wconf 69' lang='grc' dir='ltr'><strong>43.ονωίεσε4-</strong></span> <span class='ocrx_word' id='word_1_384' title='bbox 810 4349 1164 4413; x_wconf 62' lang='lat' dir='ltr'><strong>usumfructum</strong></span> <span class='ocrx_word' id='word_1_385' title='bbox 1180 4352 1306 4414; x_wconf 76' lang='lat' dir='ltr'><strong>optastitV</strong></span> <span class='ocrx_word' id='word_1_386' title='bbox 1324 4379 1353 4392; x_wconf 91' lang='lat'><em>-</em></span> <span class='ocrx_word' id='word_1_387' title='bbox 1377 4356 1418 4406; x_wconf 82' lang='lat' dir='ltr'><strong>ts.</strong></span> <span class='ocrx_word' id='word_1_388' title='bbox 1435 4357 1505 4408; x_wconf 79' lang='lat' dir='ltr'><strong>odat.</strong></span> <span class='ocrx_word' id='word_1_389' title='bbox 1522 4358 1562 4408; x_wconf 86' lang='grc'><strong>44</strong></span> <span class='ocrx_word' id='word_1_390' title='bbox 1580 4383 1608 4396; x_wconf 89' lang='lat'>-</span> 
     </span>
     <span class='ocr_line' id='line_1_40' title="bbox 287 4423 1609 4486; baseline 0.008 -14"><span class='ocrx_word' id='word_1_391' title='bbox 287 4443 316 4460; x_wconf 87' lang='lat'><strong>·-</strong></span> <span class='ocrx_word' id='word_1_392' title='bbox 336 4423 376 4473; x_wconf 89' lang='grc'><strong>46.</strong></span> <span class='ocrx_word' id='word_1_393' title='bbox 393 4428 512 4486; x_wconf 77' lang='lat' dir='ltr'><strong>pareant</strong></span> <span class='ocrx_word' id='word_1_394' title='bbox 529 4424 598 4475; x_wconf 91' lang='lat' dir='ltr'><strong>coni.</strong></span> <span class='ocrx_word' id='word_1_395' title='bbox 618 4424 728 4475; x_wconf 86' lang='lat' dir='ltr'><strong>Ernesti.</strong></span> <span class='ocrx_word' id='word_1_396' title='bbox 749 4449 776 4461; x_wconf 92' lang='lat'><strong>-·</strong></span> <span class='ocrx_word' id='word_1_397' title='bbox 796 4426 836 4476; x_wconf 83' lang='grc'><strong>44.</strong></span> <span class='ocrx_word' id='word_1_398' title='bbox 853 4439 941 4476; x_wconf 85' lang='lat' dir='ltr'><strong>murco</strong></span> <span class='ocrx_word' id='word_1_399' title='bbox 960 4427 1058 4476; x_wconf 71' lang='lat' dir='ltr'><strong>mmsis·</strong></span> <span class='ocrx_word' id='word_1_400' title='bbox 1079 4423 1110 4475; x_wconf 80' lang='grc' dir='ltr'><strong>4ι</strong></span> <span class='ocrx_word' id='word_1_401' title='bbox 1128 4451 1156 4463; x_wconf 92' lang='grc'>-</span> <span class='ocrx_word' id='word_1_402' title='bbox 1179 4427 1221 4477; x_wconf 76' lang='lat' dir='ltr'><strong>it.</strong></span> <span class='ocrx_word' id='word_1_403' title='bbox 1238 4427 1305 4477; x_wconf 78' lang='lat' dir='ltr'><strong>ector</strong></span> <span class='ocrx_word' id='word_1_404' title='bbox 1325 4427 1403 4480; x_wconf 82' lang='lat' dir='ltr'><strong>cdd:</strong></span> <span class='ocrx_word' id='word_1_405' title='bbox 1427 4432 1504 4482; x_wconf 78' lang='lat' dir='ltr'><strong>otioso</strong></span> <span class='ocrx_word' id='word_1_406' title='bbox 1523 4432 1562 4483; x_wconf 87' lang='lat' dir='ltr'><strong>Vl</strong></span> <span class='ocrx_word' id='word_1_407' title='bbox 1580 4459 1609 4472; x_wconf 96' lang='lat'><em>-</em></span> 
     </span>
     <span class='ocr_line' id='line_1_41' title="bbox 285 4497 1684 4567; baseline 0.011 -21"><span class='ocrx_word' id='word_1_408' title='bbox 285 4501 392 4548; x_wconf 80' lang='lat' dir='ltr'><strong>oetatem</strong></span> <span class='ocrx_word' id='word_1_409' title='bbox 408 4497 430 4544; x_wconf 87' lang='lat' dir='ltr'>V</span> <span class='ocrx_word' id='word_1_410' title='bbox 448 4521 476 4535; x_wconf 91' lang='lat'>-</span> <span class='ocrx_word' id='word_1_411' title='bbox 499 4501 542 4550; x_wconf 86' lang='lat' dir='ltr'><strong>st.</strong></span> <span class='ocrx_word' id='word_1_412' title='bbox 556 4501 690 4562; x_wconf 80' lang='lat' dir='ltr'><strong>paratiore</strong></span> <span class='ocrx_word' id='word_1_413' title='bbox 706 4501 817 4564; x_wconf 88' lang='lat' dir='ltr'><strong>scripsi:</strong></span> <span class='ocrx_word' id='word_1_414' title='bbox 842 4503 945 4564; x_wconf 83' lang='lat' dir='ltr'><strong>portior</strong></span> <span class='ocrx_word' id='word_1_415' title='bbox 961 4502 997 4562; x_wconf 88' lang='lat' dir='ltr'><strong>V;</strong></span> <span class='ocrx_word' id='word_1_416' title='bbox 1021 4501 1140 4565; x_wconf 79' lang='lat' dir='ltr'><strong>paratior</strong></span> <span class='ocrx_word' id='word_1_417' title='bbox 1161 4501 1213 4561; x_wconf 74' lang='lat'><strong>103</strong></span> <span class='ocrx_word' id='word_1_418' title='bbox 1240 4502 1274 4553; x_wconf 87' lang='lat' dir='ltr'><strong>cl.</strong></span> <span class='ocrx_word' id='word_1_419' title='bbox 1292 4504 1365 4567; x_wconf 92' lang='lat' dir='ltr'><strong>qnod</strong></span> <span class='ocrx_word' id='word_1_420' title='bbox 1382 4508 1424 4556; x_wconf 91' lang='lat' dir='ltr'><strong>est</strong></span> <span class='ocrx_word' id='word_1_421' title='bbox 1439 4508 1466 4557; x_wconf 92' lang='lat' dir='ltr'><strong>in</strong></span> <span class='ocrx_word' id='word_1_422' title='bbox 1483 4509 1611 4561; x_wconf 84' lang='lat' dir='ltr'><strong>antitheto</strong></span> <span class='ocrx_word' id='word_1_423' title='bbox 1682 4531 1684 4533; x_wconf 95' lang='lat'>·</span> 
     </span>
     <span class='ocr_line' id='line_1_42' title="bbox 285 4572 1609 4639; baseline 0.009 -17"><span class='ocrx_word' id='word_1_424' title='bbox 285 4584 311 4622; x_wconf 90' lang='lat' dir='ltr'><strong>v.</strong></span> <span class='ocrx_word' id='word_1_425' title='bbox 329 4572 376 4622; x_wconf 72' lang='lat'><strong>23:</strong></span> <span class='ocrx_word' id='word_1_426' title='bbox 398 4578 527 4625; x_wconf 67' lang='lat' dir='ltr'><strong>cumanos</strong></span> <span class='ocrx_word' id='word_1_427' title='bbox 542 4576 668 4638; x_wconf 81' lang='lat' dir='ltr'><strong>cupientes</strong></span> <span class='ocrx_word' id='word_1_428' title='bbox 686 4576 740 4625; x_wconf 79' lang='lat' dir='ltr'><strong>iem</strong></span> <span class='ocrx_word' id='word_1_429' title='bbox 757 4577 909 4639; x_wconf 75' lang='lat' dir='ltr'><strong>requiescere</strong></span> <span class='ocrx_word' id='word_1_430' title='bbox 924 4579 1045 4628; x_wconf 77' lang='lat' dir='ltr'><strong>emacuit.</strong></span> <span class='ocrx_word' id='word_1_431' title='bbox 1065 4603 1093 4614; x_wconf 93' lang='lat'>—</span> <span class='ocrx_word' id='word_1_432' title='bbox 1111 4577 1154 4628; x_wconf 75' lang='lat'><strong>22.</strong></span> <span class='ocrx_word' id='word_1_433' title='bbox 1170 4590 1264 4628; x_wconf 71' lang='lat' dir='ltr'><strong>com</strong></span> <span class='ocrx_word' id='word_1_434' title='bbox 1279 4579 1301 4629; x_wconf 92' lang='lat' dir='ltr'>V</span> <span class='ocrx_word' id='word_1_435' title='bbox 1317 4605 1345 4615; x_wconf 98' lang='lat'><em>-</em></span> <span class='ocrx_word' id='word_1_436' title='bbox 1370 4579 1412 4630; x_wconf 75' lang='lat'><strong>2³.</strong></span> <span class='ocrx_word' id='word_1_437' title='bbox 1429 4583 1541 4634; x_wconf 63' lang='lat' dir='ltr'><strong>moetos</strong></span> <span class='ocrx_word' id='word_1_438' title='bbox 1556 4584 1565 4633; x_wconf 96' lang='lat' dir='ltr'><strong>i</strong></span> <span class='ocrx_word' id='word_1_439' title='bbox 1581 4609 1609 4622; x_wconf 90' lang='lat'><em>-</em></span> 
     </span>
     <span class='ocr_line' id='line_1_43' title="bbox 284 4647 1609 4719; baseline 0.009 -22"><span class='ocrx_word' id='word_1_440' title='bbox 284 4647 424 4698; x_wconf 76' lang='lat' dir='ltr'><strong>ctmoitotas</strong></span> <span class='ocrx_word' id='word_1_441' title='bbox 439 4650 461 4698; x_wconf 90' lang='grc'><strong>4</strong></span> <span class='ocrx_word' id='word_1_442' title='bbox 479 4673 507 4688; x_wconf 89' lang='grc'>-</span> <span class='ocrx_word' id='word_1_443' title='bbox 530 4650 573 4703; x_wconf 79' lang='lat' dir='ltr'><strong>ii.</strong></span> <span class='ocrx_word' id='word_1_444' title='bbox 591 4651 711 4714; x_wconf 75' lang='lat' dir='ltr'><strong>copiosis</strong></span> <span class='ocrx_word' id='word_1_445' title='bbox 727 4650 767 4701; x_wconf 87' lang='lat' dir='ltr'><strong>Vi</strong></span> <span class='ocrx_word' id='word_1_446' title='bbox 786 4677 813 4690; x_wconf 88' lang='lat'>-</span> <span class='ocrx_word' id='word_1_447' title='bbox 838 4653 974 4716; x_wconf 74' lang='lat' dir='ltr'><strong>conplexos</strong></span> <span class='ocrx_word' id='word_1_448' title='bbox 989 4653 1012 4702; x_wconf 88' lang='lat' dir='ltr'>V</span> <span class='ocrx_word' id='word_1_449' title='bbox 1026 4677 1054 4689; x_wconf 90' lang='lat'>-</span> <span class='ocrx_word' id='word_1_450' title='bbox 1072 4665 1202 4716; x_wconf 74' lang='lat' dir='ltr'><strong>cousmuq,</strong></span> <span class='ocrx_word' id='word_1_451' title='bbox 1220 4658 1281 4704; x_wconf 80' lang='lat' dir='ltr'><strong>esset</strong></span> <span class='ocrx_word' id='word_1_452' title='bbox 1296 4655 1418 4718; x_wconf 59' lang='lat' dir='ltr'><strong>motdq.</strong></span> <span class='ocrx_word' id='word_1_453' title='bbox 1433 4657 1526 4719; x_wconf 79' lang='lat' dir='ltr'><strong>populo</strong></span> <span class='ocrx_word' id='word_1_454' title='bbox 1541 4659 1564 4709; x_wconf 97' lang='grc'><strong>4</strong></span> <span class='ocrx_word' id='word_1_455' title='bbox 1581 4685 1609 4696; x_wconf 96' lang='grc'>-</span> 
     </span>
     <span class='ocr_line' id='line_1_44' title="bbox 285 4723 1611 4798; baseline 0.011 -26"><span class='ocrx_word' id='word_1_456' title='bbox 285 4723 326 4773; x_wconf 76' lang='lat' dir='ltr'><strong>iti.</strong></span> <span class='ocrx_word' id='word_1_457' title='bbox 345 4724 383 4774; x_wconf 82' lang='lat' dir='ltr'><strong>dis</strong></span> <span class='ocrx_word' id='word_1_458' title='bbox 397 4723 432 4773; x_wconf 81' lang='lat' dir='ltr'><strong>V:</strong></span> <span class='ocrx_word' id='word_1_459' title='bbox 456 4726 504 4776; x_wconf 80' lang='lat' dir='ltr'><strong>diis</strong></span> <span class='ocrx_word' id='word_1_460' title='bbox 519 4727 557 4778; x_wconf 82' lang='lat' dir='ltr'><strong>to</strong></span> <span class='ocrx_word' id='word_1_461' title='bbox 576 4753 603 4765; x_wconf 94' lang='lat'><em>-</em></span> <span class='ocrx_word' id='word_1_462' title='bbox 626 4725 811 4790; x_wconf 64' lang='lat' dir='ltr'><strong>hominibusque</strong></span> <span class='ocrx_word' id='word_1_463' title='bbox 827 4729 942 4780; x_wconf 71' lang='lat' dir='ltr'><strong>Faernus</strong></span> <span class='ocrx_word' id='word_1_464' title='bbox 958 4729 987 4778; x_wconf 89' lang='lat' dir='ltr'><strong>et</strong></span> <span class='ocrx_word' id='word_1_465' title='bbox 1002 4730 1137 4780; x_wconf 77' lang='lat' dir='ltr'><strong>Muretus:</strong></span> <span class='ocrx_word' id='word_1_466' title='bbox 1159 4729 1319 4793; x_wconf 74' lang='lat' dir='ltr'><strong>occultusque</strong></span> <span class='ocrx_word' id='word_1_467' title='bbox 1334 4730 1391 4790; x_wconf 83' lang='grc'><strong>44;</strong></span> <span class='ocrx_word' id='word_1_468' title='bbox 1409 4731 1443 4783; x_wconf 85' lang='lat' dir='ltr'><strong>cl.</strong></span> <span class='ocrx_word' id='word_1_469' title='bbox 1461 4732 1526 4785; x_wconf 84' lang='lat' dir='ltr'><strong>Phil.</strong></span> <span class='ocrx_word' id='word_1_470' title='bbox 1545 4735 1611 4798; x_wconf 84' lang='lat' dir='ltr'><strong>Vnt,</strong></span> 
     </span>
     <span class='ocr_line' id='line_1_45' title="bbox 286 4797 1609 4870; baseline 0.01 -24"><span class='ocrx_word' id='word_1_471' title='bbox 286 4797 675 4864; x_wconf 69' lang='lat' dir='ltr'><strong>540.ep.ad0.lr.li‚i‚</strong></span> <span class='ocrx_word' id='word_1_472' title='bbox 695 4804 766 4853; x_wconf 90' lang='grc'><strong>4.-</strong></span> <span class='ocrx_word' id='word_1_473' title='bbox 791 4802 1095 4866; x_wconf 76' lang='lat' dir='ltr'><strong>au.protssswoov-</strong></span> <span class='ocrx_word' id='word_1_474' title='bbox 1119 4804 1286 4865; x_wconf 61' lang='grc'><strong>4944444-</strong></span> <span class='ocrx_word' id='word_1_475' title='bbox 1309 4806 1609 4870; x_wconf 65' lang='lat' dir='ltr'><strong>summov-</strong></span> 
     </span>
     <span class='ocr_line' id='line_1_46' title="bbox 286 4875 1611 4947; baseline 0.008 -24"><span class='ocrx_word' id='word_1_476' title='bbox 286 4875 385 4924; x_wconf 81' lang='lat' dir='ltr'><strong>cdoers.</strong></span> <span class='ocrx_word' id='word_1_477' title='bbox 404 4875 552 4928; x_wconf 81' lang='lat' dir='ltr'><strong>Ferrarius:</strong></span> <span class='ocrx_word' id='word_1_478' title='bbox 576 4878 604 4927; x_wconf 85' lang='lat' dir='ltr'><strong>io</strong></span> <span class='ocrx_word' id='word_1_479' title='bbox 619 4877 826 4928; x_wconf 62' lang='lat' dir='ltr'><strong>macriorem</strong></span> <span class='ocrx_word' id='word_1_480' title='bbox 842 4877 882 4927; x_wconf 86' lang='lat' dir='ltr'><strong>Vi</strong></span> <span class='ocrx_word' id='word_1_481' title='bbox 901 4905 928 4916; x_wconf 91' lang='lat'>-</span> <span class='ocrx_word' id='word_1_482' title='bbox 952 4878 992 4929; x_wconf 77' lang='lat'><strong>80.</strong></span> <span class='ocrx_word' id='word_1_483' title='bbox 1011 4877 1279 4940; x_wconf 59' lang='lat' dir='ltr'><strong>lepusculorum</strong></span> <span class='ocrx_word' id='word_1_484' title='bbox 1302 4883 1330 4930; x_wconf 86' lang='lat' dir='ltr'><strong>at</strong></span> <span class='ocrx_word' id='word_1_485' title='bbox 1344 4893 1371 4932; x_wconf 84' lang='lat' dir='ltr'><strong>v.</strong></span> <span class='ocrx_word' id='word_1_486' title='bbox 1389 4882 1454 4934; x_wconf 82' lang='lat' dir='ltr'><strong>Phil.</strong></span> <span class='ocrx_word' id='word_1_487' title='bbox 1472 4882 1519 4945; x_wconf 88' lang='grc'><strong>44,</strong></span> <span class='ocrx_word' id='word_1_488' title='bbox 1537 4882 1553 4947; x_wconf 69' lang='lat' dir='ltr'><strong>t</strong></span> <span class='ocrx_word' id='word_1_489' title='bbox 1570 4883 1611 4935; x_wconf 84' lang='grc'><strong>48.</strong></span> 
     </span>
     <span class='ocr_line' id='line_1_47' title="bbox 286 4946 1614 5015; baseline 0.008 -18"><span class='ocrx_word' id='word_1_490' title='bbox 286 4961 313 5014; x_wconf 88' lang='lat' dir='ltr'><strong>p.</strong></span> <span class='ocrx_word' id='word_1_491' title='bbox 333 4946 486 5012; x_wconf 61' lang='lat' dir='ltr'><strong>coeliti</strong></span> <span class='ocrx_word' id='word_1_492' title='bbox 509 4954 576 5002; x_wconf 87' lang='lat' dir='ltr'><strong>ertr.</strong></span> <span class='ocrx_word' id='word_1_493' title='bbox 595 4977 624 4988; x_wconf 88' lang='lat'>-</span> <span class='ocrx_word' id='word_1_494' title='bbox 647 4951 688 5004; x_wconf 84' lang='lat' dir='ltr'><strong>at.</strong></span> <span class='ocrx_word' id='word_1_495' title='bbox 708 4952 905 5015; x_wconf 77' lang='lat' dir='ltr'><strong>proscidiv-</strong></span> <span class='ocrx_word' id='word_1_496' title='bbox 928 4951 968 5004; x_wconf 70' lang='lat'><strong>32.</strong></span> <span class='ocrx_word' id='word_1_497' title='bbox 987 4953 1298 5015; x_wconf 70' lang='lat' dir='ltr'><strong>cooportsoequov-</strong></span> <span class='ocrx_word' id='word_1_498' title='bbox 1324 4956 1500 5007; x_wconf 59' lang='grc'><strong>444444441-</strong></span> <span class='ocrx_word' id='word_1_499' title='bbox 1522 4957 1614 5010; x_wconf 74' lang='lat' dir='ltr'><strong>taso</strong></span> 
     </span>
     <span class='ocr_line' id='line_1_48' title="bbox 283 5025 1608 5096; baseline 0.006 -22"><span class='ocrx_word' id='word_1_500' title='bbox 283 5037 333 5087; x_wconf 87' lang='lat' dir='ltr'><strong>pro</strong></span> <span class='ocrx_word' id='word_1_501' title='bbox 347 5029 465 5086; x_wconf 79' lang='lat' dir='ltr'><strong>praetore</strong></span> <span class='ocrx_word' id='word_1_502' title='bbox 482 5025 631 5076; x_wconf 78' lang='lat' dir='ltr'><strong>Ferrarius:</strong></span> <span class='ocrx_word' id='word_1_503' title='bbox 649 5030 673 5077; x_wconf 85' lang='lat' dir='ltr'><strong>st</strong></span> <span class='ocrx_word' id='word_1_504' title='bbox 685 5039 734 5090; x_wconf 84' lang='lat' dir='ltr'><strong>pre</strong></span> <span class='ocrx_word' id='word_1_505' title='bbox 748 5027 841 5091; x_wconf 83' lang='lat' dir='ltr'><strong>popolo</strong></span> <span class='ocrx_word' id='word_1_506' title='bbox 856 5039 963 5078; x_wconf 76' lang='lat' dir='ltr'><strong>remmio</strong></span> <span class='ocrx_word' id='word_1_507' title='bbox 978 5027 1001 5076; x_wconf 83' lang='lat' dir='ltr'><strong>V</strong></span> <span class='ocrx_word' id='word_1_508' title='bbox 1019 5027 1055 5090; x_wconf 84' lang='lat' dir='ltr'><strong>(et</strong></span> <span class='ocrx_word' id='word_1_509' title='bbox 1070 5028 1110 5079; x_wconf 89' lang='lat' dir='ltr'><strong>sic</strong></span> <span class='ocrx_word' id='word_1_510' title='bbox 1125 5028 1193 5080; x_wconf 86' lang='lat' dir='ltr'><strong>intra</strong></span> <span class='ocrx_word' id='word_1_511' title='bbox 1208 5041 1317 5095; x_wconf 89' lang='lat' dir='ltr'><strong>quoque</strong></span> <span class='ocrx_word' id='word_1_512' title='bbox 1333 5043 1361 5096; x_wconf 90' lang='lat' dir='ltr'><strong>p.</strong></span> <span class='ocrx_word' id='word_1_513' title='bbox 1374 5031 1447 5095; x_wconf 83' lang='grc'><strong>4340,</strong></span> <span class='ocrx_word' id='word_1_514' title='bbox 1465 5033 1490 5092; x_wconf 79' lang='grc'><strong>3,</strong></span> <span class='ocrx_word' id='word_1_515' title='bbox 1508 5033 1564 5083; x_wconf 89' lang='lat' dir='ltr'><strong>&#39;tet</strong></span> <span class='ocrx_word' id='word_1_516' title='bbox 1581 5032 1608 5083; x_wconf 90' lang='grc'><strong>44</strong></span> 
     </span>
     <span class='ocr_line' id='line_1_49' title="bbox 284 5099 1611 5177; baseline 0.007 -29"><span class='ocrx_word' id='word_1_517' title='bbox 284 5113 334 5162; x_wconf 84' lang='lat' dir='ltr'><strong>pro</strong></span> <span class='ocrx_word' id='word_1_518' title='bbox 348 5099 441 5162; x_wconf 81' lang='lat' dir='ltr'><strong>popolo</strong></span> <span class='ocrx_word' id='word_1_519' title='bbox 457 5113 496 5150; x_wconf 83' lang='lat' dir='ltr'><strong>ro.</strong></span> <span class='ocrx_word' id='word_1_520' title='bbox 510 5102 568 5153; x_wconf 90' lang='lat' dir='ltr'><strong>eius</strong></span> <span class='ocrx_word' id='word_1_521' title='bbox 578 5099 638 5152; x_wconf 88' lang='lat' dir='ltr'><strong>loco</strong></span> <span class='ocrx_word' id='word_1_522' title='bbox 650 5101 722 5166; x_wconf 90' lang='lat' dir='ltr'><strong>quod</strong></span> <span class='ocrx_word' id='word_1_523' title='bbox 739 5106 781 5155; x_wconf 90' lang='lat' dir='ltr'><strong>est</strong></span> <span class='ocrx_word' id='word_1_524' title='bbox 793 5117 842 5168; x_wconf 88' lang='lat' dir='ltr'><strong>pro</strong></span> <span class='ocrx_word' id='word_1_525' title='bbox 857 5103 963 5166; x_wconf 83' lang='lat' dir='ltr'><strong>prust.);</strong></span> <span class='ocrx_word' id='word_1_526' title='bbox 982 5107 1006 5153; x_wconf 82' lang='lat' dir='ltr'><strong>at</strong></span> <span class='ocrx_word' id='word_1_527' title='bbox 1020 5115 1069 5165; x_wconf 89' lang='lat' dir='ltr'><strong>pro</strong></span> <span class='ocrx_word' id='word_1_528' title='bbox 1082 5117 1116 5167; x_wconf 90' lang='lat' dir='ltr'><strong>po</strong></span> <span class='ocrx_word' id='word_1_529' title='bbox 1131 5117 1162 5155; x_wconf 83' lang='lat' dir='ltr'><strong>ro</strong></span> <span class='ocrx_word' id='word_1_530' title='bbox 1177 5106 1186 5155; x_wconf 89' lang='lat' dir='ltr'><strong>t</strong></span> <span class='ocrx_word' id='word_1_531' title='bbox 1204 5131 1234 5177; x_wconf 66' lang='lat'><strong>-7</strong></span> <span class='ocrx_word' id='word_1_532' title='bbox 1251 5105 1293 5158; x_wconf 81' lang='grc'><strong>34.</strong></span> <span class='ocrx_word' id='word_1_533' title='bbox 1309 5107 1357 5158; x_wconf 79' lang='lat' dir='ltr'><strong>tito</strong></span> <span class='ocrx_word' id='word_1_534' title='bbox 1372 5112 1454 5158; x_wconf 69' lang='lat' dir='ltr'><strong>wate</strong></span> <span class='ocrx_word' id='word_1_535' title='bbox 1470 5107 1611 5158; x_wconf 79' lang='lat' dir='ltr'><strong>Graevius:</strong></span> 
     </span>
     <span class='ocr_line' id='line_1_50' title="bbox 287 5175 1605 5244; baseline 0.002 -17"><span class='ocrx_word' id='word_1_536' title='bbox 287 5175 333 5226; x_wconf 84' lang='lat' dir='ltr'><strong>itta</strong></span> <span class='ocrx_word' id='word_1_537' title='bbox 347 5177 426 5228; x_wconf 81' lang='lat' dir='ltr'><strong>ootott</strong></span> <span class='ocrx_word' id='word_1_538' title='bbox 441 5177 477 5237; x_wconf 91' lang='lat' dir='ltr'><strong>V,</strong></span> <span class='ocrx_word' id='word_1_539' title='bbox 501 5189 582 5241; x_wconf 71' lang='lat' dir='ltr'><strong>mm</strong></span> <span class='ocrx_word' id='word_1_540' title='bbox 599 5179 719 5230; x_wconf 86' lang='lat' dir='ltr'><strong>veterem</strong></span> <span class='ocrx_word' id='word_1_541' title='bbox 735 5177 841 5231; x_wconf 75' lang='lat' dir='ltr'><strong>mistiri</strong></span> <span class='ocrx_word' id='word_1_542' title='bbox 857 5178 971 5236; x_wconf 84' lang='lat' dir='ltr'><strong>turmam</strong></span> <span class='ocrx_word' id='word_1_543' title='bbox 988 5179 1106 5231; x_wconf 87' lang='lat' dir='ltr'><strong>ituretus</strong></span> <span class='ocrx_word' id='word_1_544' title='bbox 1126 5180 1154 5232; x_wconf 88' lang='lat' dir='ltr'><strong>et</strong></span> <span class='ocrx_word' id='word_1_545' title='bbox 1174 5181 1297 5232; x_wconf 78' lang='lat' dir='ltr'><strong>limatoni</strong></span> <span class='ocrx_word' id='word_1_546' title='bbox 1313 5183 1433 5244; x_wconf 79' lang='lat' dir='ltr'><strong>tuentur3</strong></span> <span class='ocrx_word' id='word_1_547' title='bbox 1455 5181 1494 5233; x_wconf 84' lang='lat' dir='ltr'><strong>itti</strong></span> <span class='ocrx_word' id='word_1_548' title='bbox 1508 5181 1605 5232; x_wconf 69' lang='lat' dir='ltr'><strong>motti</strong></span> 
     </span>
     <span class='ocr_line' id='line_1_51' title="bbox 290 5251 684 5304; baseline 0.005 -2"><span class='ocrx_word' id='word_1_549' title='bbox 290 5277 318 5289; x_wconf 91' lang='lat'><em>-</em></span> <span class='ocrx_word' id='word_1_550' title='bbox 337 5251 378 5304; x_wconf 83' lang='lat' dir='ltr'><strong>aa.</strong></span> <span class='ocrx_word' id='word_1_551' title='bbox 396 5252 430 5302; x_wconf 82' lang='lat' dir='ltr'><strong>od</strong></span> <span class='ocrx_word' id='word_1_552' title='bbox 445 5252 559 5304; x_wconf 86' lang='lat' dir='ltr'><strong>toitotem</strong></span> <span class='ocrx_word' id='word_1_553' title='bbox 573 5253 637 5304; x_wconf 82' lang='lat' dir='ltr'><strong>oetst</strong></span> <span class='ocrx_word' id='word_1_554' title='bbox 652 5252 684 5304; x_wconf 85' lang='lat' dir='ltr'><strong>V.</strong></span> 
     </span>
    </p>
   </div>
   <div class='ocr_carea' id='block_1_4' title="bbox 0 0 2021 6148">
    <p class='ocr_par' dir='ltr' id='par_1_11' title="bbox 0 0 2021 6148">
     <span class='ocr_line' id='line_1_52' title="bbox 0 0 2021 6148; baseline 0 0"><span class='ocrx_word' id='word_1_555' title='bbox 0 0 2021 6148; x_wconf 95' lang='lat' dir='ltr'><strong> </strong></span> 
     </span>
    </p>
   </div>
  </div>
 </body>
</html>
