4009 6159
376 548 461 620 4248
803 551 955 619 OllA'l’lO
976 549 1203 618 PHILIPPICA
1223 552 1262 618 V.

375 725 470 790 nibus
492 721 709 798 oondonandi,
739 720 894 806 populum
915 723 1090 787 Romanum
1112 691 1262 788 servitute
1283 715 1501 805 opprimendi,
1525 737 1568 783 an
1588 718 1706 785 borum

375 819 406 884 ei
427 818 532 883 laoers
554 816 636 882 nihil
657 816 760 880 lioeat.
795 815 942 880 Dubitate
963 815 1041 900 quid
1063 818 1174 899 agatis.
1206 815 1247 879 At
1266 834 1333 879 non
1353 814 1469 877 eadunt
1489 812 1569 878 baeu
1590 815 1626 879 in
1640 814 1708 878 An-

375 913 508 978 tonium.
550 908 583 976 7.
604 910 675 974 lloo
701 930 742 974 ne
771 908 882 994 Cotyla
904 909 1033 994 quidem
1055 910 1161 974 dicere
1184 909 1324 973 auderet
1361 905 1447 984 Quid
1468 908 1552 971 enim
1574 908 1610 971 in
1631 927 1707 971 eum

374 1026 438 1071 non
461 1006 569 1071 eadit?
599 1005 672 1091 qui,
699 1005 789 1069 ouius
810 1009 879 1068 aeta
901 1023 936 1067 se
958 1003 1128 1067 defendere
1153 1003 1246 1078 dicit,
1267 1003 1337 1067 eius
1358 1019 1413 1064 eas
1434 1000 1522 1084 leges
1542 1002 1706 1085 pervertit,

192 1145 200 1164 .
351 1105 454 1186 iquos
476 1101 614 1166 maxime
635 1097 764 1164 laudare
786 1102 977 1182 poteramus.
1013 1097 1071 1160 llle
1091 1097 1224 1179 paludes
1239 1096 1359 1161 sicearo
1372 1094 1491 1159 voluit:
1510 1093 1564 1157 bie
1578 1113 1708 1158 omnem

220 1159 239 1298 ζ
374 1195 497 1259 ltaliam
524 1194 687 1258 moderato
715 1192 853 1267 bomini,
883 1192 917 1253 L.
939 1191 1095 1266 Antonio,
1124 1189 1326 1254 dividendam
1348 1188 1447 1253 dedit.
1488 1187 1596 1264 Quidt
1624 1187 1708 1252 bane
1791 1255 1797 1263 ,

375 1288 478 1372 legem
500 1288 638 1374 populus
660 1275 819 1351 Romanus
842 1286 987 1368 aceepit?
1019 1284 1119 1369 quid?
1148 1304 1207 1367 per
1226 1283 1369 1367 auspicia
1387 1283 1462 1346 ferri
1484 1283 1611 1365 potuitt
1643 1283 1708 1346 Sed

375 1401 477 1465 augur
497 1383 695 1447 verecundus
718 1381 787 1446 sine
809 1380 941 1462 collegis
955 1380 996 1442 de
1017 1378 1186 1463 auspiciis:
1209 1397 1398 1462 quamquam
1414 1375 1470 1441 illa
1484 1377 1627 1461 auspicia
1640 1396 1707 1441 non

376 1482 472 1559 egent
499 1475 779 1560 interpretatione3
810 1475 884 1538 lore
907 1473 992 1536 enim
1021 1478 1152 1536 tonante
1174 1493 1244 1536 oum
1267 1470 1386 1556 populo
1407 1471 1458 1554 agi
1478 1489 1544 1535 non
1566 1492 1638 1536 esse
1658 1471 1707 1535 t'as

340 1575 368 1623 ¹⁰
377 1570 449 1654 quis
471 1569 618 1653 ignorati
641 1569 774 1633 Tribuni
789 1567 874 1652 plebi
889 1566 1030 1630 tulerunt
1044 1566 1084 1630 de
1104 1566 1276 1650 provinciis
1290 1571 1399 1629 oontm
1413 1574 1483 1629 acta
1497 1566 1531 1629 C.
1546 1565 1706 1630 Caesaris:

374 1663 432 1728 ille
454 1664 636 1740 biennium,
657 1663 711 1727 hio
733 1662 931 1728 sexennium.
967 1661 1071 1724 Etiam
1092 1660 1174 1724 bano
1194 1660 1297 1742 legem
1317 1659 1456 1742 populns
1473 1660 1634 1724 Romanus
1654 1678 1708 1722 ae-

371 1760 483 1843 oepit?
513 1758 615 1843 qnid?
642 1757 841 1842 promulgata
867 1755 948 1818 fuist
978 1755 1079 1840 quid?
1106 1773 1172 1818 non
1200 1759 1274 1817 ante
1295 1752 1360 1816 lata
1381 1772 1476 1837 quam
1497 1754 1617 1837 scripta
1637 1754 1707 1816 esti

377 1852 479 1936 qnid‘l
501 1872 567 1916 non
589 1851 802 1916 antefactum
823 1848 963 1914 uidimus
986 1869 1081 1934 quam
1102 1847 1241 1912 Murum
1256 1846 1423 1930 quisquam
1438 1853 1486 1910 est
1506 1847 1707 1931 suspicatus?

228 1941 247 2043 ᾖ
376 1945 408 2010 8.
431 1947 491 2010 Ubi
517 1944 572 2028 [bl
601 1945 740 2010 Caecilia
769 1951 801 2009 et
824 1942 940 2008 Didiat
970 1943 1025 2006 ubi
1054 1940 1267 2025 promulgatio
1286 1940 1403 2004 trinum
1423 1940 1706 2007 nundinumtlubi

180 2087 280 2171 Μ
338 2047 483 2124 tbpoena
502 2039 724 2196 refwfflegei
738 2039 827 2102 Iunia
849 2021 1046 2195 etYLlifleinia)
1067 2038 1246 2193 Ppsstnpptne
1266 2034 1328 2192 braio
1348 2035 1435 2118 leges
1449 2054 1520 2099 esse
1533 2034 1707 2191 saguedi&

247 2147 251 2181 ³
313 2199 316 2209 ,
377 2134 508 2198 interitu
553 2137 571 2196 'e
615 2155 646 2197 m
678 2133 737 2197 roi
783 2151 870 2197 arum
952 2132 1021 2196 oeni
1108 2149 1142 2194 es
1221 2128 1256 2192 in
1297 2148 1387 2193 orum
1416 2128 1601 2193 insinuani
1655 2127 1668 2190 i

379 2227 470 2305 Quae
490 2153 666 2311 porfguffl,
687 2153 843 2290 tonptpual
867 2244 950 2310 quae
972 2149 1159 2307 tempffltasl
1185 2230 1235 2298 ut,
1258 2223 1285 2285 si
1306 2223 1447 2306 auspicia
1467 2225 1510 2288 bl.
1531 2221 1709 2287 Antonium

378 2343 444 2387 non
466 2329 646 2396 moverent,
678 2320 835 2385 sustinere
857 2327 962 2384 tamen
985 2339 1058 2405 eum
1081 2337 1118 2380 ao
1139 2316 1222 2380 terre
1243 2335 1339 2399 possa
1360 2323 1479 2380 tantm
1499 2316 1564 2381 rim
1585 2323 1709 2398 tempe-

379 2417 483 2492 statis,
505 2415 615 2480 imbris
637 2433 674 2478 ae
696 2413 874 2490 turbinum,
895 2413 1010 2477 mirum
1031 2410 1202 2475 videretur.
1243 2410 1346 2486 Quam
1367 2410 1470 2494 legem
1490 2411 1588 2495 igitur
1602 2431 1637 2476 sa
1652 2430 1709 2476 au·

340 2518 438 2594 togur
468 2509 545 2574 dioit
577 2509 689 2574 tulisse
717 2527 783 2571 non
811 2507 907 2573 modo
932 2512 1064 2571 tonante
1095 2505 1188 2581 love,
1221 2504 1277 2568 sed
1297 2523 1399 2588 prope
1420 2505 1550 2569 caelesti
1571 2505 1708 2569 elamore

378 2604 581 2689 probibente,
609 2602 692 2667 bano
722 2601 879 2666 dubitabit
908 2607 1018 2665 oontm
1044 2599 1186 2684 auspicia
1212 2599 1307 2663 latam
1336 2595 1504 2662 eonfiterit
1546 2595 1577 2661 9.
1600 2599 1708 2676 Quid?

378 2697 466 2783 (guod
494 2719 566 2763 eum
593 2718 631 2762 eo
658 2697 780 2779 collega
809 2695 898 2770 tulit,
926 2715 1024 2780 quem
1051 2695 1120 2777 ipse
1144 2692 1222 2756 feeit
1247 2713 1305 2757 sua
1325 2691 1527 2758 nuntiatione
1547 2693 1708 2768 vitiosum,

378 2792 502 2858 nihilne
527 2791 569 2856 ad
596 2791 740 2874 auspicia
760 2791 863 2854 bonus
885 2809 986 2873 augur
1011 2789 1169 2872 pertinere
1191 2787 1358 2852 arbitratus
1379 2789 1450 2850 esti
1492 2788 1546 2851 IV.
1568 2787 1631 2852 Sed
1653 2807 1709 2852 au-

378 2886 551 2970 spiciorum
573 2904 632 2950 nos
653 2884 789 2948 fortasse
805 2883 922 2947 erimus
943 2884 1145 2969 interpretas,
1168 2883 1223 2967 qui
1238 2903 1347 2947 sumus
1362 2884 1432 2947 eius
1446 2881 1596 2965 collegae.
1625 2883 1707 2945 Num

336 2989 366 3040 tt
378 2999 454 3063 ergo
483 2980 578 3046 etiarn
599 2997 759 3044 armorum
781 2979 969 3061 interpretes
992 2978 1196 3062 quaerimus?
1228 2980 1366 3042 Primum
1386 2997 1497 3041 omnes
1517 2976 1579 3040 lori
1600 2974 1707 3039 aditus

377 3073 423 3137 ita
444 3076 561 3160 saepti,
588 3081 639 3150 ut,
669 3074 764 3138 etiam
793 3072 820 3137 si
846 3091 940 3137 nemo
962 3073 1102 3136 obstaret
1123 3078 1277 3147 armatus,
1307 3080 1412 3136 tamen
1432 3071 1495 3135 nisi
1517 3070 1635 3153 saeptis
1656 3089 1708 3132 re-

377 3168 477 3234 vulsis
508 3168 635 3233 introiri
665 3169 699 3231 in
731 3166 833 3231 lorum
862 3166 950 3231 nullo
978 3164 1074 3230 modo
1102 3173 1227 3250 posset:
1262 3166 1307 3230 sio
1337 3185 1413 3230 veru
1437 3172 1528 3229 erant
1554 3164 1709 3251 disposita

377 3262 553 3346 praesidia,
574 3267 629 3338 nt,
657 3281 722 3345 quo
745 3261 840 3324 modo
861 3259 1003 3324 hostiurn
1024 3259 1128 3323 adibus
1150 3259 1230 3323 urbe
1251 3258 1473 3342 probibentur,
1499 3259 1546 3322 ita
1564 3257 1707 3323 eastellis

378 3361 411 3420 ot
432 3355 582 3442 operibus
610 3355 651 3421 ab
680 3354 878 3439 ingressione
906 3353 966 3418 lori
995 3352 1149 3439 populum
1174 3353 1384 3436 mibunosqua
1411 3352 1499 3437 plebi
1526 3351 1706 3436 propulsari

340 3449 513 3514 obsideres.
556 3445 607 3512 lli.
629 3447 754 3525 Quibus
777 3447 817 3511 de
839 3447 943 3512 causis
965 3467 1019 3511 eas
1041 3447 1143 3530 leges,
1164 3467 1245 3532 quas
1261 3448 1303 3511 bl.
1318 3447 1473 3512 Antonius
1494 3446 1606 3511 tulisse
1627 3442 1707 3509 dioi-

444 3685 468 3736 4.
486 3696 580 3748 resp.
597 3680 678 3748 abg;
693 3681 783 3747 populi
799 3684 827 3733 44.
845 3681 984 3734 Manutius.
999 3705 1026 3719 -
1046 3681 1234 3746 opprimendum
1250 3678 1272 3729 V
1288 3705 1316 3718 -
1333 3679 1359 3731 4.
1377 3680 1401 3730 st
1416 3679 1500 3742 soom
1516 3677 1579 3729 444444
1594 3675 1704 3729 Vabt:

377 3752 1042 3823 elbilsuosrselgieiotbilfaosreoexerrore.
1063 3753 1258 3807 -dobttursb
1280 3753 1520 3819 -Aoeb¹gt-
1540 3752 1704 3804 abeon-

378 3835 461 3887 oututo
479 3835 514 3896 V;
531 3835 612 3898 ootuto
628 3835 665 3895 Di
684 3837 711 3884 at
726 3847 753 3885 v.
771 3833 806 3885 ad
823 3845 849 3898 p.
869 3832 942 3894 4497,
962 3833 1003 3884 tt.
1024 3859 1052 3871 -
1070 3833 1174 3884 auderet
1189 3831 1270 3882 diem
1286 3843 1301 3880 a
1320 3856 1348 3867 -
1366 3830 1433 3881 euim
1449 3831 1485 3881 D:
1503 3830 1570 3880 miro
1585 3828 1707 3880 mv

380 3907 834 3972 -tmtcsmsmooun-
857 3909 971 3960 sedt-
996 3921 1190 3972 esromg-
1213 3902 1704 3969 apsumi-oquimin-

377 3985 608 4052 4404444444)-
627 3985 797 4049 oapioiist-
816 3979 1708 4046 9.inorproouomV;uomrerostoneoomeumn-romm

378 4059 467 4111 Va·
486 4057 733 4124 tomulo-plebi
749 4056 949 4121 Vzplebiso-
968 4058 995 4110 0.
1014 4059 1048 4108 V:
1067 4058 1227 4108 omno·
1246 4053 1708 4118 tramomessmmeple

377 4134 479 4186 munit
494 4134 513 4198 4)
530 4136 568 4198 1>;
585 4135 627 4186 tati
644 4135 690 4199 (so.
708 4132 815 4197 tribunt)
832 4132 977 4184 moon
993 4133 1061 4184 coni.
1075 4132 1163 4184 Curio.
1177 4158 1205 4169 -
1224 4129 1347 4182 etimsV:
1365 4143 1427 4181 aura
1441 4129 1518 4181 4444444
1532 4130 1594 4182 Do.
1613 4131 1707 4180 ortum

379 4211 422 4262 est
436 4219 498 4260 naso
514 4223 548 4261 ex
563 4223 628 4262 vers
645 4223 723 4262 ossus
740 4210 925 4262 terminatione
941 4210 1095 4260 ammaim.
1109 4233 1137 4244 -
1156 4208 1208 4273 tego
1223 4207 1246 4257 V
1263 4231 1292 4243 ·-
1314 4206 1405 4270 oodptt
1420 4217 1437 4257 a
1455 4231 1485 4244 -
1502 4207 1544 4258 tt.
1562 4206 1657 4271 wapro
1672 4208 1709 4256 est

378 4283 550 4348 meitsedi:
568 4283 899 4349 lotoestmroriptulz
917 4283 1096 4346 nuptae·
1114 4283 1230 4345 groidv:
1248 4294 1303 4333 orn.
1321 4282 1414 4333 440-
1434 4281 1707 4341 43.υἰ44ηηκοιιι.4;

377 4359 573 4425 oidemmabg
596 4358 989 4424 (pomostdummoidomosbl
1010 4385 1038 4396 -
1061 4357 1256 4409 timendorum
1276 4357 1317 4408 bt
1340 4383 1369 4395 ·-
1396 4357 1587 4422 tmpomov:
1611 4367 1708 4420 poenae

378 4433 475 4500 (mene)
492 4436 528 4498 D,
553 4434 626 4500 quod
642 4447 676 4485 ex
689 4447 773 4498 poeno
789 4431 804 4486 i
822 4432 877 4498 (est)
893 4432 936 4484 vel
954 4447 985 4484 ex
1000 4446 1082 4496 poeno
1097 4445 1112 4484 o
1127 4436 1216 4483 ortum
1232 4429 1346 4483 videtur.
1366 4460 1394 4469 -
1417 4445 1470 4483 erte
1486 4436 1562 4483 rame
1576 4430 1613 4483 V:
1633 4435 1709 4480 rotae

379 4510 542 4562 essebo-
565 4510 606 4563 46.
624 4511 764 4574 amulag,
786 4510 939 4580 44444444-
961 4508 1157 4559 lmiouoodlv:
1183 4506 1364 4558 intromosdili
1384 4533 1411 4545 -·
1431 4507 1705 4571 ttiltoponoa-

379 4586 579 4636 4044444444-
604 4587 687 4636 sslV:
715 4587 848 4636 (4444)·-
874 4585 1066 4648 ouspioiomV3
1092 4583 1272 4646 osptoiart-
1299 4581 1340 4632 48.
1358 4581 1708 4646 molemussosogem

379 4660 449 4724 {men
464 4659 566 4722 miseros
580 4659 608 4724 b)
626 4661 649 4711 l)
668 4687 696 4696 -
719 4661 760 4712 49.
779 4673 811 4712 oo
826 4658 1035 4723 Wesenbergius
1051 4660 1078 4710 in
1095 4657 1226 4710 emendos.
1245 4656 1341 4708 rum.
1359 4657 1407 4719 111,
1424 4670 1452 4722 p.
1471 4658 1502 4708 lli
1520 4671 1553 4709 ex
1569 4657 1707 4722 superiore

380 4745 462 4786 versu
476 4736 620 4800 repetitum
637 4739 713 4801 putat
730 4736 772 4801 (ol.
791 4735 806 4800 5
823 4735 877 4796 444),
900 4747 1062 4799 quamquam
1085 4733 1172 4784 imbris
1186 4745 1219 4783 oo
1234 4731 1361 4783 4444444444
1377 4743 1461 4783 unum
1476 4730 1631 4782 membrum
1648 4729 1709 4781 elli·

382 4821 444 4860 oere
463 4820 544 4874 posse
569 4822 621 4861 non
643 4813 734 4875 neget;
759 4810 792 4863 ol.
815 4809 901 4862 bladv.
925 4811 1020 4874 opusc.
1038 4811 1064 4872 1,
1088 4822 1113 4874 p.
1133 4807 1190 4859 338.
1211 4833 1238 4844 -
1264 4807 1325 4856 diott
1339 4818 1366 4857 so
1381 4819 1466 4872 augia
1481 4805 1499 4856 b
1519 4831 1547 4843 -
1564 4807 1607 4858 2⁰.
1625 4805 1709 4856 4444444

380 4879 1707 4945 aura—caereuv-samoumoh-as.soom.v-ts.austs-psrr.oro.oerv

382 4958 439 5010 ab:
458 4957 646 5023 oromput.
665 4960 729 5022 gtO
750 4985 777 4997 -
796 4957 837 5012 sl.
856 4960 1023 5024 postcom.
1042 4969 1338 5021 arque-numeras
1355 4957 1426 5007 mel:
1449 4951 1705 5006 moeumood.

381 5034 503 5086 Ferrarll.
521 5059 550 5071 -
572 5034 614 5085 td.
630 5035 776 5097 interpretor
795 5035 888 5086 eimro
909 5035 977 5085 coni.
1000 5035 1126 5087 Muretus.
1145 5057 1173 5070 -
1199 5032 1241 5083 26.
1258 5032 1297 5083 ito
1316 5036 1374 5082 suot
1394 5031 1474 5095 saepti
1494 5029 1613 5082 linuatus
1635 5028 1706 5080 oeni.

382 5108 440 5159 eius
456 5106 516 5159 looo
532 5107 605 5172 quod
621 5121 682 5160 esse
700 5108 818 5160 debebat
831 5111 870 5161 ito
885 5115 959 5161 most
974 5123 1009 5171 ις
1028 5121 1077 5160 nos
1092 5110 1221 5174 punctum
1237 5109 1299 5172 post
1310 5112 1394 5171 pm
1407 5119 1435 5159 v.
1453 5107 1485 5158 tr
1502 5103 1665 5158 sustulimus.
1675 5127 1704 5140 -

381 5180 1704 5246 sermome-amtoreooomrroesv-sr.oopm.erma—ss.sotmoooems-

381 5258 1401 5325 mosomo-uoom.a-29.peoiv:peoo0-oo.mrosrtl.
