4009 6159
413 637 495 704 4096
842 637 996 704 casalo
1018 640 1058 702 nt
1081 639 1116 702 L.
1137 638 1314 703 PISONEM

411 810 612 896 praedatores
646 808 788 872 effecisti.
846 809 1020 892 Vectigalia
1049 815 1155 872 nostra
1184 807 1421 891 perturbarunt,
1454 807 1548 871 urbes
1576 815 1738 890 ceperunt,

412 910 573 969 vastarunt
593 921 702 984 agros,
735 902 839 966 socios
867 910 990 966 nostros
1018 904 1052 965 in
1075 903 1259 966 servitutum
1281 901 1498 977 abduxerunt,
1527 901 1660 965 familias
1682 901 1738 964 ab·

412 1001 594 1082 ripueruut,
618 1016 717 1080 pecus
731 997 921 1080 abegerunt,
945 996 1262 1070 Thessalonicenses,
1285 1016 1357 1058 cum
1373 996 1491 1078 oppido
1506 995 1737 1079 desperassent,

412 1093 534 1156 munire
557 1110 661 1154 arcem
684 1097 865 1173 coegerunt.
907 1092 1038 1154 XXXV.
1072 1089 1123 1153 85.
1157 1093 1236 1152 Ate
1258 1091 1342 1152 loris
1366 1090 1430 1153 Urii
1453 1088 1561 1152 lanum
1582 1088 1737 1171 antiquis·

390 1189 525 1250 tsimum
554 1184 758 1249 barbarorum
787 1185 1087 1268 sanctissimumque
1116 1185 1272 1267 direptum
1301 1191 1366 1246 est:
1402 1191 1455 1246 tua
1483 1183 1602 1246 seelera
1624 1181 1656 1245 di
1677 1183 1737 1245 im·

411 1278 559 1344 mortales
589 1280 623 1342 in
652 1287 778 1342 nostros
807 1278 923 1342 milites
953 1280 1179 1362 expiaverunt:
1218 1279 1273 1361 qni
1303 1298 1373 1340 cnm
1406 1297 1470 1338 uno
1499 1295 1613 1359 genere
1635 1277 1737 1339 morbi

410 1371 625 1456 affligerentur
651 1392 766 1480 neque·
785 1393 819 1436 se
849 1393 991 1437 recreare
1014 1374 1184 1457 quisquam
1206 1378 1330 1454 posset,
1364 1371 1420 1453 qui
1443 1371 1542 1434 semel
1564 1369 1737 1446 incidisset,

412 1467 575 1531 dubitabat
596 1485 689 1530 nemo
712 1467 790 1550 quin
813 1467 920 1530 dolati
943 1467 1101 1550 hospites,
1134 1466 1229 1547 legati
1252 1466 1376 1541 necati,
1410 1463 1513 1548 pacati
1542 1471 1638 1547 atque
1660 1463 1737 1527 socii

412 1560 534 1625 nefario
562 1561 647 1626 hello
675 1559 831 1633 lacessiti,
863 1560 935 1624 lana
958 1567 1070 1624 vexata
1098 1560 1179 1623 hano
1208 1566 1328 1623 tantam
1359 1555 1521 1650 efficerent
1548 1558 1735 1621 vastitatem.

289 1691 307 1745 ἦ
379 1655 584 1740 t0Cogn0scis
614 1675 654 1716 er
685 1654 840 1736 particula
868 1673 964 1737 parra
992 1652 1146 1716 scalenum
1176 1661 1207 1715 et
1233 1652 1428 1716 crudelitatis
1438 1633 1523 1714 tuae
1545 1670 1644 1733 genus
1666 1652 1737 1714 uni·

413 1768 549 1813 versum.

498 1839 548 1904 86.
578 1843 662 1920 Quid
684 1844 851 1917 avaritiae,
883 1863 965 1926 quae
988 1844 1170 1908 criminibus
1200 1843 1331 1908 infinitis
1360 1842 1519 1925 implicata
1549 1848 1617 1915 est,
1652 1861 1736 1904 snm·

413 1957 495 2002 mam
518 1957 602 2000 nunc
624 1938 799 2021 explicem?
832 1937 1010 2001 Generatim
1033 1957 1086 2011 ca,
1119 1957 1201 2021 quae
1230 1938 1366 2001 maxime
1393 1945 1469 2000 nota
1500 1942 1590 2010 sunt,
1623 1934 1735 1998 dicam

412 2031 524 2094 Nonne
547 2031 725 2095 sestertium
748 2033 889 2096 centiens
912 2038 944 2094 et
965 2033 1146 2115 octogiens,
1181 2034 1268 2116 quod
1297 2032 1386 2115 qnasi
1417 2031 1530 2094 vasarii
1552 2033 1679 2094 nomine
1701 2032 1733 2093 ia

377 2131 404 2177 ⁴⁵
414 2125 595 2188 venditione
626 2126 688 2188 mei
718 2125 831 2209 capitis
859 2125 1088 2209 adscripseras,
1121 2145 1161 2187 ex
1191 2127 1313 2190 aerario
1336 2125 1391 2188 tibi
1412 2125 1594 2189 attributum
1617 2127 1736 2188 Romae

413 2219 446 2282 in
474 2225 610 2301 quaestu
642 2219 826 2304 reliquisti?
865 2221 975 2282 Nonae
1006 2240 1077 2283 cum
1108 2221 1266 2283 ntalenta
1297 2220 1354 2283 tibi
1376 2218 1596 2302 Apolloniatae
1618 2221 1736 2284 Romae

413 2311 592 2387 dedissent,
615 2333 655 2377 ns
675 2314 827 2396 pecunias
849 2313 983 2378 creditas
1007 2315 1183 2390 solverent,
1213 2314 1294 2378 ultro
1316 2312 1488 2387 Fufidium,
1515 2315 1653 2397 equitem
1674 2314 1737 2375 llo-
1831 2375 1835 2380 ,

413 2423 556 2480 manum,
584 2405 745 2472 bominem
768 2408 1020 2482 ornatissimum,
1051 2408 1236 2472 creditorem
1259 2409 1452 2472 debitoribus
1474 2408 1540 2470 suis
1560 2407 1736 2472 addixisti?
1906 2418 1907 2425 ’

412 2499 541 2574 Nonne,
564 2499 695 2565 hiberna
717 2522 788 2565 cum
809 2503 914 2586 legato
935 2503 1158 2586 praefectoque
1182 2508 1236 2565 tuo
1258 2501 1461 2576 tradidisses,
1484 2504 1624 2567 evertisti
1643 2503 1737 2566 mise·

375 2603 463 2656 roras
483 2590 625 2658 funditus
648 2595 807 2660 civitates?
830 2617 912 2681 quaa
935 2616 999 2660 non
1022 2596 1124 2659 solum
1147 2596 1240 2658 honis
1262 2604 1337 2659 sunt
1357 2597 1546 2670 exhaustae,
1568 2595 1736 2662 sedetiam

412 2687 548 2751 nefarias
576 2687 742 2753 libidinum
773 2690 980 2754 contumelias
1009 2689 1286 2799 turpitudinesque
1309 2691 1482 2754 subierunt.
1526 2689 1590 2765 Qui
1624 2688 1736 2753 modus

411 2780 467 2844 tibi
488 2781 548 2845 fuit
568 2780 717 2846 frumenti
739 2783 948 2848 aestimandi?
984 2787 1058 2893 qui
1070 2784 1257 2847 honorarii?
1293 2785 1320 2847 si
1353 2784 1481 2867 quidem
1511 2792 1617 2866 potest
1643 2784 1673 2846 si
1703 2790 1738 2848 ct

410 2881 496 2940 metu
519 2883 676 2941 extortum
698 2877 902 2942 honorarium
924 2857 1091 2942 nominari.
1136 2877 1228 2954 Quod
1251 2899 1324 2940 oum
1345 2898 1506 2961 peraeque
1521 2898 1647 2952 omnes,
1667 2885 1734 2941 tum

410 2968 613 3034 acerbissime
644 2971 769 3036 boeotii
799 2979 832 3035 et
864 2973 1025 3058 Byzantii,
1063 2972 1277 3036 Cherronesus
1310 2980 1341 3036 et
1370 2972 1596 3036 Thessalonica
1626 2972 1735 3052 sensit.

373 3063 498 3128 sunus
526 3069 561 3127 tu
592 3065 758 3140 dominus,
791 3086 874 3130 unus
905 3067 1103 3140 aestimator,
1137 3087 1219 3128 unus
1252 3067 1397 3130 venditor
1424 3072 1490 3129 tota
1518 3067 1551 3129 in
1573 3068 1735 3150 provincia

410 3179 468 3242 per
495 3159 667 3223 triennium
694 3159 842 3224 frumenti
878 3160 979 3224 omnis
1007 3160 1104 3223 luisti.
1158 3160 1304 3225 XXXVI.
1339 3157 1390 3222 87.
1426 3160 1511 3234 Quid
1541 3180 1599 3241 ego
1629 3181 1733 3223 rerum

410 3251 589 3335 capitalium
618 3253 838 3336 quaestiones,
867 3275 994 3318 reorum
1024 3255 1199 3338 pactiones,
1228 3253 1477 3340 redemptiones,
1514 3253 1733 3318 acerbissimas

411 3345 646 3422 damnationes,
668 3347 943 3412 libidinosissimas
965 3348 1170 3412 liberationes
1193 3348 1371 3430 proteram?
1407 3356 1527 3412 tantum
1550 3346 1656 3410 locum
1678 3347 1758 3410 ali·'

411 3460 506 3524 quem
535 3461 605 3504 cum
634 3441 710 3504 mihi
739 3450 849 3505 notum
879 3463 950 3507 esse
973 3443 1126 3514 senseris,
1162 3451 1265 3507 tecum
1288 3445 1356 3526 ipse
1379 3442 1503 3517 licebit,
1541 3451 1619 3526 quot
1640 3444 1674 3505 in
1695 3463 1734 3506 eo

373 3550 525 3618 soporare
548 3543 580 3598 et
602 3542 723 3619 quanta
744 3535 808 3599 sint
828 3536 976 3610 crimina,
999 3537 1175 3599 recordere.
1219 3537 1329 3612 Quid?
1351 3538 1436 3602 illam
1459 3556 1618 3601 armornm
1637 3535 1735 3600 offici·

410 3645 481 3690 nam
512 3628 628 3712 ecquid
657 3629 850 3705 recordaris,
882 3651 969 3703 oum,
1003 3631 1088 3694 omni
1110 3631 1208 3694 totius
1231 3632 1413 3713 provinciae
1434 3651 1548 3715 pecore
1571 3632 1733 3715 compulso

410 3722 540 3805 pellium
561 3723 707 3797 nominc,
741 3743 866 3788 omnam
898 3731 1063 3808 quaestum
1093 3724 1182 3788 illum
1204 3726 1411 3789 domesticum
1434 3733 1663 3810 paternumque
1684 3745 1733 3788 re·

410 3815 558 3879 novastit
594 3814 726 3880 Videras
758 3817 842 3881 enim
870 3817 998 3902 grandis
1028 3819 1090 3881 iam
1119 3839 1198 3902 puer
1226 3820 1309 3884 bello
1332 3820 1440 3883 Italico
1463 3819 1576 3904 repleri
1600 3828 1731 3904 quaestu

410 3918 545 3974 rostram
576 3909 723 3986 domum,
757 3933 828 3975 cum
858 3921 948 3995 pater
976 3915 1071 3976 armis
1101 3911 1252 3976 iaciendis
1280 3923 1353 3977 tuus
1384 3913 1579 3998 praefuisset.
1623 3912 1732 3990 Quies

373 4003 598 4087 ssvcetigalem
613 4005 824 4088 provinciam,
847 4007 979 4089 singulis
1002 4007 1113 4081 rebus,
1135 4027 1356 4091 quaecumque
1377 4008 1533 4082 venirent,
1555 4016 1641 4072 certo
1662 4029 1733 4092 por-

478 4288 501 4336 4.
517 4287 679 4348 praedatores
696 4287 730 4336 E:
746 4287 884 4350 predborss
902 4290 939 4348 G;
954 4289 1093 4350 perditores
1110 4289 1181 4339 FSO
1199 4316 1226 4324 -
1244 4290 1269 4337 9.
1288 4289 1448 4338 adduxerunt
1463 4289 1513 4338 MS
1526 4315 1553 4325 -
1572 4288 1734 4352 abripusrarst

412 4360 591 4413 Hotomanus:
609 4361 771 4424 arripuerunt
789 4363 819 4412 C.
843 4362 943 4414 Eadem
961 4363 1115 4428 depravatio
1132 4365 1174 4413 est
1189 4362 1214 4413 in
1232 4364 1293 4413 Tac.
1311 4366 1378 4413 Ann.
1396 4363 1454 4424 Xll,
1472 4363 1496 4412 6.
1512 4391 1538 4400 -
1557 4363 1582 4415 4.
1602 4366 1655 4415 Urit
1670 4366 1732 4416 lur-

412 4435 512 4487 nebus:
530 4436 624 4486 orbari
640 4440 686 4487 aut
702 4437 743 4487 aet
758 4439 811 4487 ruri
829 4439 857 4489 C.
882 4438 920 4490 Cl.
939 4440 1049 4504 interpr.
1067 4438 1101 4490 ad
1118 4440 1192 4488 Verr.
1211 4440 1253 4496 lV,
1272 4439 1287 4504 3
1306 4440 1353 4490 4444
1370 4443 1397 4490 et
1413 4439 1442 4489 0.
1456 4440 1527 4490 lahn.
1545 4441 1570 4490 in
1586 4441 1699 4492 zeitschr.
1710 4442 1730 4504 4.

410 4513 434 4562 d.
452 4511 665 4562 Adedamrwiss.
685 4510 761 4572 4944,
784 4526 809 4576 p.
831 4513 887 4564 948.
908 4539 934 4550 -
959 4517 983 4566 6.
1002 4517 1173 4577 expetiverant
1193 4515 1261 4564 coni.
1281 4514 1393 4565 Ernesti.
1417 4541 1443 4550 -
1469 4515 1493 4564 l.
1512 4517 1555 4578 qai
1575 4516 1648 4566 sanet
1667 4517 1730 4568 tls:

410 4589 483 4638 sanet
499 4587 542 4651 qut
559 4589 592 4648 F,
617 4588 661 4650 qai
682 4586 756 4637 simut
777 4587 856 4638 EGP
880 4590 925 4649 (ex
945 4591 1041 4640 aemuli
1063 4603 1088 4639 v.
1108 4587 1239 4639 Ritschelii
1255 4589 1366 4654 Protepp.
1385 4591 1420 4640 od
1434 4589 1514 4640 Plane.
1532 4604 1558 4650 p.
1576 4591 1684 4650 XCVlll
1703 4617 1730 4627 -

411 4663 452 4713 444.
467 4675 552 4725 porco
569 4662 602 4713 C:
619 4675 750 4724 perper-aro
767 4663 796 4713 0.
820 4661 858 4712 Cl.
877 4663 963 4714 Garat.
983 4663 1072 4715 adnot.
1088 4663 1241 4714 eruditionis
1259 4663 1372 4728 plenam.
1387 4691 1414 4700 -
1434 4667 1474 4715 49.
1494 4666 1734 4729 outo-wopam

410 4737 487 4789 alleri
503 4738 650 4788 Priscianus
667 4736 714 4798 IX,
731 4736 756 4797 4,
775 4737 814 4786 37.
831 4763 858 4774 -
877 4738 1007 4801 implicato
1024 4740 1061 4789 C:
1080 4739 1200 4801 implicito
1216 4740 1296 4789 Prisc.
1313 4765 1339 4775 —
1360 4741 1399 4789 lb.
1418 4739 1621 4800 aenomasvet
1636 4755 1698 4791 osso.
1711 4743 1731 4791 C

412 4839 438 4848 —
459 4811 612 4861 adtributam
629 4813 650 4861 G
670 4837 696 4847 -
716 4811 756 4861 46.
776 4811 901 4863 CEGP:
921 4813 959 4864 GC
976 4814 1082 4864 Falso
1102 4840 1128 4850 -
1147 4813 1281 4874 opolttoote
1298 4812 1534 4877 Fhlstvelopp.);
1552 4814 1732 4878 oppottraioteG

412 4911 439 4924 -
460 4887 499 4935 t'l.
517 4885 636 4947 suaidtum
653 4888 674 4937 G
692 4911 718 4923 -
740 4887 779 4937 49.
798 4891 840 4937 tuo
858 4901 910 4939 om.
930 4890 973 4939 FS
993 4917 1019 4926 ι
1039 4887 1079 4938 al.
1098 4889 1169 4938 boetii
1186 4889 1205 4938 C
1226 4915 1252 4923 -
1272 4888 1421 4948 Maeotiis,
1444 4891 1559 4939 buroacb
1574 4891 1593 4940 4·
1611 4917 1638 4927 -
1657 4891 1733 4942 eter-

409 4973 511 5011 ronssur
532 4966 555 5011 et
576 4963 688 5026 scripsi:
713 4962 889 5014 ermonense
912 4965 975 5024 C0;
1000 4963 1203 5015 ctcrroroseraes
1224 4962 1314 5012 munh.
1333 4965 1359 5013 in
1382 4963 1424 5014 od.
1445 4965 1520 5025 4366,
1547 4968 1639 5028 postea
1660 4964 1731 5017 idem

408 5035 561 5087 mammasti
585 5036 637 5088 Sed
649 5037 688 5088 sic
699 5050 807 5102 quoque
819 5036 876 5090 talis
888 5040 971 5090 oratio
990 5039 1098 5087 aboeottt
1114 5043 1143 5088 ot
1158 5037 1285 5099 Bpsocttt,
1303 5039 1465 5099 Cberrmortt,
1485 5039 1654 5090 Mmtontoo
1668 5054 1732 5091 aaa·

407 5111 468 5160 stt
486 5110 579 5161 vitiosa
595 5111 720 5162 toret.-
739 5113 780 5163 44.
799 5115 935 5164 esttrrotor
951 5115 980 5174 S;
1000 5114 1234 5163 existimatortl—
1253 5112 1294 5162 94.
1312 5127 1399 5164 reram
1412 5115 1538 5178 pactiones
1554 5115 1648 5179 Etnon
1660 5117 1729 5176 Gt·-

406 5186 447 5237 29.
466 5199 516 5236 essa
532 5185 575 5237 ed.
595 5185 671 5238 stra:
699 5191 733 5236 ast
754 5187 839 5246 EFS;
866 5201 920 5239 om.
940 5191 1011 5239 G-
1039 5189 1079 5240 34.
1100 5189 1231 5238 reprom
1252 5188 1295 5238 ed.
1315 5190 1400 5240 Crete
1425 5191 1642 5242 recordoroc-
1661 5192 1732 5242 444444

405 5273 563 5313 memorator
585 5263 605 5314 C
628 5261 858 5326 (sedEltlomtn
880 5265 1074 5328 4444444944)-
1098 5265 1138 5316 34.
1157 5271 1180 5316 ct
1200 5265 1260 5339 qaid
1279 5265 1399 5321 FGS-
1418 5265 1459 5316 33.
1476 5266 1648 5332 temptandis
1665 5269 1727 5332 (om.

404 5335 523 5406 444444·
