4009 6159
393 536 456 607 790
765 539 919 608 ORATIO
939 541 1019 607 PRO
1040 538 1194 608 iaculi
1214 540 1349 609 POETA

393 714 478 790 Quia
498 712 680 798 suppeditat
699 711 806 788 nobis,
833 712 890 777 ubi
921 719 953 777 et
972 713 1099 777 animus
1121 732 1162 778 ex
1181 712 1245 777 hoc
1265 712 1384 777 forensi
1405 713 1540 798 strepitu
1559 710 1720 780 reficiatur

392 815 425 871 et
445 827 538 872 aures
560 806 703 872 convicio
723 807 867 871 defessae
889 807 1127 891 conquiescant.
1162 808 1212 870 An
1233 814 1270 871 tu
1290 809 1450 872 existimas
1472 814 1527 872 aut
1547 815 1719 892 suppetere

389 902 482 966 nobis
502 921 612 986 posse,
634 902 721 985 quod
742 901 887 986 quotidie
908 901 1049 965 dicamus
1077 902 1111 965 iu
1139 908 1226 965 tanta
1247 902 1398 968 varietate
1420 922 1543 978 rerum,
1568 902 1633 967 nisi
1651 904 1721 968 ani·

390 1015 459 1059 mos
482 1002 607 1059 nostros
628 996 772 1059 doctrina
793 995 994 1069 excolamus,
1016 1002 1071 1058 ant
1090 994 1174 1059 ferre
1195 997 1318 1060 animos
1340 1001 1460 1060 uniam
1478 1014 1574 1080 posse
1587 1002 1720 1059 couten-

366 1089 527 1164 otionem,
556 1088 619 1153 nisi
646 1108 703 1153 eos
732 1089 875 1153 doctrina
904 1089 1016 1153 eadem
1043 1088 1243 1153 relaxemus?
1276 1090 1345 1172 Ego
1372 1108 1448 1153 uero
1472 1088 1576 1153 fateor
1595 1088 1720 1153 mobis

389 1182 502 1247 studiis
530 1204 600 1248 esse
629 1183 789 1247 deditum:
817 1190 939 1247 ceteros
966 1183 1101 1268 pudeat,
1128 1182 1156 1246 si
1183 1182 1239 1268 qui
1260 1184 1305 1247 ita
1327 1202 1362 1246 so
1383 1181 1498 1246 litteris
1520 1181 1720 1259 obdiderunt,

388 1283 425 1341 ut
452 1276 532 1341 nibil
558 1279 682 1362 possint
709 1297 749 1340 ex
778 1276 819 1341 iis
850 1296 956 1361 neque
977 1276 1019 1341 ad
1040 1297 1241 1341 communem
1262 1274 1534 1341 aileme'fructum
1554 1295 1663 1361 neque
1683 1277 1719 1341 in

388 1369 568 1454 adspectum
589 1371 757 1454 lucemque
778 1370 940 1453 proferre;
963 1377 1141 1435 meantem
1156 1372 1234 1456 quid
1255 1370 1391 1455 pudeat,
1413 1371 1471 1456 qui
1492 1377 1539 1435 tot
1552 1390 1653 1435 annos
1673 1374 1720 1436 ita

387 1462 475 1539 vivo,
497 1462 636 1539 iudices,
657 1471 734 1527 uta
755 1464 874 1527 nullius
896 1484 1049 1550 umquam
1070 1485 1120 1530 mc
1143 1472 1283 1550 ternpore
1298 1465 1534 1531 autcommodc
1548 1465 1719 1529 autolium

351 1566 493 1621 timeum
520 1558 710 1623 abstraxerit
733 1564 787 1622 aut
809 1559 955 1643 voluptas
978 1559 1119 1622 avocarit
1138 1566 1194 1624 aut
1215 1560 1353 1644 denique
1373 1578 1504 1623 somnus
1525 1558 1717 1623 seuiuariti

387 1647 401 1713 i
408 1648 439 1714 3.
462 1651 567 1727 Quare
596 1652 669 1736 quis
698 1652 825 1716 tandem
854 1673 904 1716 mc
935 1651 1146 1734 reprehendat
1167 1662 1222 1718 out
1243 1654 1314 1737 quis
1335 1652 1413 1717 mibi
1433 1654 1503 1716 iure
1524 1658 1718 1729 suscenseat,

387 1746 430 1821 si,
459 1752 614 1828 quantum
644 1747 757 1810 ceteris
779 1746 819 1810 ad
842 1765 916 1811 suas
937 1766 988 1810 res
1010 1746 1191 1823 obeundas,
1221 1753 1375 1833 quantum
1396 1745 1437 1811 ad
1456 1746 1556 1811 festos
1578 1746 1646 1811 dies
1666 1748 1718 1811 lu·

387 1840 500 1903 dorum
530 1838 756 1917 celebrandos,
783 1847 936 1925 quantum
965 1840 1007 1904 ad
1035 1842 1113 1906 alias
1134 1842 1312 1926 voluptates
1334 1848 1367 1905 et
1387 1839 1428 1904 ad
1448 1840 1550 1926 ipsam
1570 1842 1717 1925 requiem

387 1932 484 1997 animi
506 1940 538 1995 et
560 1933 701 2017 corporis
723 1934 909 1998 conceditur
930 1942 1125 2019 temporum,
1148 1942 1303 2020 quantum
1316 1935 1372 1999 alii
1392 1934 1538 2000 tribuunt
1557 1938 1719 2021 tempesti-

351 2026 434 2091 itvis
460 2028 630 2103 conviviis,
664 2035 817 2112 quantum
847 2029 983 2114 denique
1013 2029 1155 2105 alveolo,
1187 2036 1342 2115 quantum
1362 2028 1464 2113 pilae,
1494 2034 1618 2094 tantum
1638 2029 1719 2093 milii
1758 2048 1765 2061 ·

387 2129 513 2205 agonum
533 2120 574 2185 ad
595 2122 674 2186 haec
695 2123 800 2187 studia
822 2123 992 2188 recolenda
1014 2127 1201 2207 sumpsero?
1228 2126 1333 2208 Atque
1348 2118 1424 2203 (hoc
1444 2143 1483 2187 eo
1503 2122 1584 2186 mibi
1603 2143 1718 2189 concc-

387 2215 527 2279 deudum
556 2223 606 2279 est
632 2217 746 2299 magis,
781 2217 869 2302 quod
899 2238 940 2281 ex
968 2218 1018 2283 liis
1040 2220 1155 2283 studiis
1174 2218 1255 2282 baec
1276 2236 1405 2301 quoque
1425 2217 1541 2303 crescit
1562 2217 1664 2281 oratio
1686 2225 1720 2282 et

386 2309 542 2391 facultas)
558 2329 660 2394 quae,
681 2318 939 2395 quantacumque
961 2312 994 2374 in
1017 2331 1068 2375 me
1090 2320 1155 2387 est,
1177 2330 1351 2395 numquam
1373 2309 1547 2375 amicorum
1567 2311 1716 2395 periculis

388 2401 498 2467 defuit.
532 2402 621 2479 Quae
644 2404 672 2467 si
694 2405 745 2467 cui
767 2405 867 2469 levior
886 2404 1029 2481 ridetur,
1051 2405 1107 2469 illa
1128 2404 1257 2490 quidem
1271 2412 1374 2480 certe,
1396 2424 1480 2489 quae
1496 2424 1620 2469 summa
1633 2414 1718 2482 sunt,

350 2511 429 2560 roex
450 2515 516 2581 quo
538 2496 626 2561 fonte
646 2497 790 2563 hauriam
819 2500 932 2563 sentio.
977 2495 1027 2562 ii.
1049 2502 1129 2563 Nam
1157 2501 1219 2564 nisi
1245 2500 1417 2564 multorum
1437 2500 1614 2584 praeceptis
1635 2499 1718 2563 mul·

387 2590 493 2676 iisque
513 2590 628 2655 litteris
649 2592 728 2655 mihi
750 2592 789 2656 ab
811 2591 1027 2658 adolescentia
1049 2595 1236 2669 suasissem,
1263 2593 1345 2656 nibil
1366 2614 1437 2658 esse
1458 2594 1493 2657 in
1512 2595 1578 2658 rita
1600 2613 1715 2678 magno

388 2704 484 2770 opere
512 2686 726 2769 expetendum
756 2686 817 2749 nisi
846 2685 973 2752 laudem
1002 2695 1099 2772 atque
1123 2688 1339 2763 honestatem,
1366 2688 1401 2749 in
1423 2706 1462 2751 en
1482 2696 1589 2752 autem
1608 2708 1717 2772 perse·

387 2780 650 2865 quendaomnes
680 2782 835 2845 cmciatus
864 2783 1019 2865 corporis,
1049 2783 1154 2846 omnia
1180 2781 1321 2867 pericula
1348 2782 1459 2845 mortis
1487 2788 1583 2867 atque
1611 2782 1716 2846 exsilii

387 2878 477 2962 parvi
500 2895 570 2939 esse
593 2874 737 2939 ducenda
743 2878 756 2951 ,¹
773 2895 947 2960 numquam
968 2895 1019 2940 mc
1041 2896 1099 2959 pro
1121 2875 1223 2941 salute
1236 2881 1342 2939 restra
1360 2876 1395 2938 in
1417 2880 1465 2940 tot
1485 2894 1522 2939 ac
1542 2882 1646 2940 tantas
1667 2876 1717 2940 di·

256 2954 286 2975 '⁸
349 2970 573 3035 aomicationes
594 2975 694 3054 atque
715 2969 749 3033 in
770 2968 829 3034 lios
852 2971 1090 3054 profligatorum
1110 2970 1275 3035 bominum
1290 2970 1494 3054 quotidianos
1508 2971 1646 3055 impetus
1660 2972 1717 3034 ob-

387 3065 541 3129 iecissem.
578 3064 641 3128 Sed
657 3063 759 3153 (pleni
788 3084 897 3128 omncs
918 3071 993 3163 spint
1014 3064 1104 3140 libri,
1132 3064 1246 3149 plenae
1267 3062 1459 3147 sapientium
1479 3083 1593 3140 voces,
1621 3066 1716 3149 plena

387 3159 606 3243 exemplorum
635 3144 796 3238 vetustas)
821 3180 905 3244 quae
927 3159 1067 3223 iacerent
1088 3161 1121 3222 in
1143 3159 1282 3223 tenebris
1303 3158 1427 3233 omnia,
1457 3158 1519 3222 nisi
1539 3158 1715 3223 litterarum

386 3255 495 3318 lumen
517 3251 828 3329 acceieravnuam
851 3255 966 3318 multas
986 3254 1078 3318 nobis
1093 3254 1247 3336 imagines
1259 3272 1325 3316 non
1339 3253 1444 3316 solum
1459 3252 1500 3316 ad
1515 3252 1714 3329 intuendum,

388 3366 497 3411 verum
526 3348 622 3411 etiam
651 3345 692 3411 ad
720 3348 908 3411 imitandum
929 3348 1175 3412 fortissimorum
1196 3348 1335 3411 virorum
1358 3366 1524 3429 expressas
1546 3348 1715 3430 scriptores

350 3448 420 3506 acet
441 3441 553 3505 Graeci
575 3448 607 3504 st
628 3441 732 3505 Latini
752 3441 966 3524 reliquerunt!
990 3461 1070 3526 quas
1091 3461 1150 3524 ego
1171 3440 1249 3505 mibi
1270 3460 1395 3523 semper
1414 3441 1449 3505 in
1467 3439 1717 3507 administranda

386 3556 422 3599 re
447 3534 574 3618 publica
603 3553 785 3617 proponens
812 3536 952 3599 animum
974 3542 1007 3597 et
1027 3543 1164 3598 mentem
1186 3554 1288 3599 meam
1308 3532 1380 3618 ipsa
1400 3536 1591 3618 cogitatione
1610 3534 1714 3600 bomi-

387 3650 464 3693 num
485 3628 706 3693 excellentium
728 3627 971 3693 couiormabam.

472 3725 539 3789 vii.
562 3718 614 3787 45.
643 3722 783 3798 Quaeret
808 3723 980 3807 quispiam:
1016 3721 1124 3799 Quidi
1158 3722 1205 3787 illi
1238 3722 1299 3805 ipsi
1327 3722 1440 3785 summi
1469 3723 1548 3799 viri,
1577 3744 1713 3809 qnorum

388 3820 517 3884 virtutes
538 3816 651 3881 litteris
672 3818 818 3902 proditae
841 3824 931 3891 sunt,
960 3817 1062 3881 istane
1085 3817 1243 3893 doctrina,
1269 3836 1366 3900 quam
1386 3824 1421 3880 tu
1443 3818 1536 3883 effers
1556 3818 1714 3894 laudibus,

348 3912 503 3977 oacruditi
533 3909 684 3975 luerunt?
729 3908 865 3975 Difficile
897 3914 945 3974 est
973 3911 1036 3974 hoc
1058 3912 1098 3974 de
1119 3911 1268 3975 omnibus
1290 3910 1493 3987 confirmare3
1523 3912 1580 3975 sed
1607 3918 1715 3976 tamen

387 4014 435 4071 est
455 4014 590 4083 certum,
613 4006 689 4091 quid
711 4006 931 4089 respondeam.
966 4005 1034 4089 Ego
1056 4005 1171 4069 multos
1192 4004 1339 4069 homines
1361 4005 1530 4071 excellenti
1550 4006 1656 4071 animo
1677 4027 1715 4071 ac

453 4271 478 4322 4.
497 4269 597 4321 monos
613 4272 655 4333 ec]
672 4270 737 4321 eobo
754 4270 796 4320 icc
812 4271 890 4321 GEP
914 4298 942 4309 -
968 4272 993 4323 3.
1012 4272 1138 4322 coitdleti
1160 4296 1188 4308 -
1211 4269 1236 4322 i.
1254 4271 1525 4322 docoiocnsatmos
1545 4283 1600 4323 om.
1618 4272 1667 4324 iis
1684 4296 1713 4307 -

385 4349 410 4398 6.
429 4360 454 4397 ss
469 4346 542 4397 ltuL
562 4372 588 4381 -
608 4346 633 4396 7.
651 4345 683 4395 ilo
699 4345 856 4409 Madvigius:
874 4344 912 4395 lits
928 4348 1019 4398 ceteri.
1039 4373 1066 4383 -
1086 4346 1112 4398 9.
1130 4360 1147 4397 a
1163 4346 1389 4397 aadtmGEiiL:
1407 4345 1440 4396 ab
1456 4346 1585 4397 aautin
1604 4372 1632 4382 -
1649 4358 1716 4397 cmu-

384 4424 486 4473 modam
502 4420 580 4473 codd.
599 4420 822 4483 Lagomarsiniani
838 4420 970 4485 quinque,
988 4422 1039 4473 AL
1056 4422 1501 4485 (conpascuicccmosiummasm
1518 4420 1612 4473 deletis
1624 4420 1714 4474 verbis

384 4503 431 4549 cist
447 4500 538 4560 attica,
557 4495 731 4559 Garatonius.)
752 4522 778 4532 -
798 4496 839 4546 iii.
858 4498 1006 4549 uwccaerti
1022 4500 1043 4547 G
1061 4523 1088 4533 -
1108 4496 1148 4548 43.
1166 4498 1236 4561 ipsas
1251 4500 1273 4549 G
1289 4524 1317 4533 -
1337 4497 1378 4549 ii.
1396 4499 1514 4561 torporis
1528 4511 1592 4549 cum
1608 4497 1652 4549 ed.
1669 4497 1716 4550 ill-

384 4573 446 4624 dina
462 4573 482 4623 L
502 4598 529 4609 -
547 4571 589 4622 ie.
607 4570 704 4621 desolo
721 4570 799 4622 iiiii>
816 4571 850 4635 (in
868 4573 889 4623 G
907 4572 966 4624 ead.
985 4586 1022 4623 m.
1034 4584 1169 4638 superscr.
1183 4572 1240 4624 «vel
1257 4572 1352 4637 deuel:
1369 4574 1440 4626 abac
1450 4575 1472 4625 ii
1482 4574 1531 4626 io
1544 4600 1572 4611 -
1591 4579 1716 4638 queem

383 4645 619 4711 deotqus--ptlueJ
637 4647 699 4709 qais
714 4646 795 4709 sioqat
813 4647 868 4709 pilu
884 4648 902 4698 S
919 4674 946 4684 -
967 4648 1007 4699 46.
1025 4662 1054 4699 co
1071 4648 1228 4700 Lambinus:
1253 4650 1308 4701 ideo
1325 4648 1403 4701 codd.
1422 4650 1647 4714 ingomarsiuiani
1662 4662 1715 4701 uu·

384 4722 481 4786 decim,
498 4724 534 4779 A3
553 4721 615 4772 adso
626 4721 698 4772 GEO
716 4720 802 4785 (Atque
817 4724 844 4772 td
860 4736 889 4773 so
904 4724 965 4773 mibi
981 4725 1071 4775 Nauck
1088 4724 1115 4774 in
1131 4724 1288 4776 labniiAoo.
1301 4726 1365 4777 Noc.
1377 4726 1504 4789 Sripplem.
1521 4725 1587 4776 viii.
1605 4738 1633 4791 p.
1645 4724 1713 4789 292.)

384 4822 413 4835 -
436 4798 477 4858 48.
494 4798 522 4847 ta
539 4810 579 4847 ose
595 4800 630 4847 cst
646 4797 709 4847 ii:
734 4800 770 4847 ssi
785 4798 812 4847 ia
827 4811 867 4849 me
883 4799 917 4857 03
941 4805 976 4851 cri
992 4812 1046 4850 om.
1066 4800 1144 4850 GEP
1162 4827 1190 4837 -
1213 4800 1255 4850 ii.
1270 4802 1484 4865 peraccesserat,
1507 4827 1535 4838 -
1562 4813 1714 4866 maqaopsre

383 4873 490 4924 (iiiii.
508 4897 535 4907 -
554 4870 596 4921 23.
608 4872 688 4922 comis
704 4873 724 4921 G
744 4897 771 4907 -
789 4872 868 4923 anilia
884 4874 971 4925 GEP.
997 4874 1037 4925 ci.
1055 4872 1223 4939 Wesenberg
1239 4874 1274 4926 ad
1290 4888 1330 4926 or.
1349 4888 1376 4940 p.
1394 4877 1480 4928 Sestio
1496 4890 1523 4942 p.
1535 4875 1578 4928 34.
1595 4890 1623 4926 n.
1640 4876 1666 4927 2.
1682 4900 1710 4911 -

381 4949 423 5001 ib.
438 4948 632 5013 pariitpatorum
647 4948 704 5013 (per
715 4948 914 5013 compendium)
926 4950 945 5001 E
958 4976 985 4986 -
1003 4950 1141 5001 cotidianos
1156 4953 1219 5003 (i-
1237 4953 1392 5003 coniecissem
1406 4952 1534 5005 iialmius.
1548 4980 1576 4991 -
1588 4952 1630 5003 26.
1639 4952 1712 5016 piens

382 5027 404 5076 G
421 5050 448 5059 -
467 5028 525 5075 mat
540 5022 654 5075 maeri]
673 5049 701 5060 -
716 5024 789 5088 plores
804 5026 868 5076 G-
886 5026 1026 5088 sapientam
1041 5026 1061 5076 1.
1080 5051 1108 5062 -
1125 5026 1167 5077 28.
1185 5026 1329 5077 acmadaet
1344 5027 1404 5078 ΕΛ.
1427 5026 1466 5079 Gi.
1484 5026 1540 5079 Vol.
1559 5027 1626 5080 iiax.
1642 5026 1710 5096 iiii,

382 5097 1200 5163 ii,i:siumcniiuerunocqcoq1eiumcriiiocccsaisec
1219 5126 1246 5138 -
1266 5100 1306 5153 3i.
1324 5102 1607 5166 efferslaudtbssGE:
1625 5101 1711 5152 hudi-

381 5172 426 5225 bca
441 5176 514 5237 effers
530 5173 608 5225 ibo
622 5200 650 5211 —
669 5174 709 5226 ³6.
728 5175 795 5237 qood
811 5176 860 5230 GE
878 5176 921 5240 (est
936 5177 1003 5239 qood
1018 5177 1182 5241 respondeam
1198 5174 1286 5229 deleto
1302 5190 1329 5231 v.
1343 5183 1439 5233 wasa
1453 5179 1665 5244 iiommsenius.)
1679 5206 1707 5217 -

380 5249 449 5315 Erpa
465 5250 523 5301 ΕΡ.
