4009 6159
417 537 500 606 idat
837 543 990 608 ORATIO
1011 544 1090 609 Pac
1111 547 1153 610 Μ.
1176 545 1321 612 CAELIO

417 714 488 778 dem
518 713 742 778 obscenissima
771 720 819 777 est
845 713 951 778 fabula
980 721 1173 780 consecuta?
1206 717 1290 781 Nihil
1312 727 1374 793 est,
1397 721 1483 803 qnod
1504 721 1538 784 in
1559 722 1734 786 eiusmodi

415 811 578 875 mulierem
598 827 664 871 non
686 809 797 871 cadere
819 809 963 873 videatur
971 831 984 904 :-
1003 811 1110 873 audita
1124 817 1158 873 et
1172 811 1385 893 percelebrata
1398 816 1597 879 sermonibus
1610 837 1662 880 res
1675 827 1734 881 est.

415 904 578 989 Percipitis
605 902 736 976 animis,
766 902 903 977 indices,
932 903 995 966 iam
1025 903 1159 979 dudum,
1189 905 1264 989 quid
1287 907 1399 983 velim,
1431 910 1481 972 vel
1504 911 1622 993 potius,
1656 910 1734 994 quid

415 999 512 1062 nolim
535 996 650 1060 dicere.
684 995 777 1070 Quod
802 997 895 1060 etiam
916 997 943 1059 si
966 997 1167 1072 estfactum,
1201 1007 1285 1063 certe
1306 1021 1327 1064 a
1348 1002 1455 1064 Caelio
1476 1024 1542 1066 non
1563 1014 1628 1078 est;
1656 1006 1734 1088 quid

391 1095 498 1156 sonim
519 1091 694 1156 attinebat?
716 1099 763 1154 est
784 1091 868 1153 enim
889 1091 929 1153 ab
949 1091 1057 1175 aliquo
1079 1090 1212 1155 fortuma
1234 1092 1433 1160 adolescente
1454 1117 1519 1160 non
1534 1105 1597 1161 tam
1613 1100 1734 1162 insulso

415 1206 509 1270 quam
530 1205 595 1249 non
617 1185 807 1248 verecundo.
838 1185 893 1248 Sin
908 1193 1013 1248 autem
1029 1193 1077 1247 est
1091 1182 1211 1260 lictum,
1233 1206 1296 1250 non
1311 1189 1391 1252 illud
1406 1191 1534 1274 quidem
1548 1193 1732 1266 modestum,

414 1283 470 1346 sed
491 1289 595 1344 tamen
617 1286 751 1342 estnon
772 1278 940 1344 infacetum
963 1278 1176 1342 mendacium:
1190 1275 1291 1364 (quod
1320 1284 1462 1365 profecto
1484 1306 1655 1369 numquam
1676 1284 1734 1348 bo-

413 1378 532 1442 minum
554 1394 656 1438 sermo
677 1381 772 1456 atque
795 1374 903 1456 opinio
918 1372 1177 1474 comprolrassetj
1186 1375 1248 1438 nisi
1271 1378 1387 1452 omnia,
1407 1399 1488 1460 quae
1509 1401 1580 1442 cum
1598 1379 1732 1462 turpitu-

412 1472 487 1534 dine
508 1470 612 1553 aliqua
635 1469 828 1541 dicerentur,
850 1468 884 1529 in
906 1468 997 1530 istam
1019 1467 1175 1551 quadrare
1197 1477 1270 1551 apte
1292 1471 1486 1535 viderentur.

376 1569 404 1628 44
496 1563 547 1626 70.
570 1563 659 1625 Dicta
690 1569 738 1624 est
766 1581 784 1623 a
810 1569 862 1624 ine
888 1581 995 1636 causa,
1030 1560 1169 1636 iudices,
1202 1572 1235 1626 et
1262 1575 1416 1647 perorata.
1457 1567 1522 1630 Iam
1546 1568 1733 1651 intelligitis,

356 1704 358 1708 -
412 1667 565 1745 quantum
594 1655 749 1719 indicium
781 1654 976 1730 sustineatis,
1009 1663 1126 1738 quanta
1153 1675 1204 1719 res
1233 1659 1275 1720 sit
1301 1660 1468 1726 commissa
1495 1662 1593 1724 vobis.
1633 1664 1732 1728 lieri

413 1752 573 1840 quaeritis.
603 1750 693 1826 Quae
714 1749 768 1812 lex
789 1747 829 1811 ad
852 1749 1031 1831 imperium,
1053 1748 1094 1838 ad
1108 1750 1321 1828 maiestatem,
1342 1754 1381 1816 ad
1397 1762 1511 1818 statum
1534 1757 1670 1837 patriae,
1692 1758 1731 1820 ad

412 1849 545 1912 salutern
575 1844 716 1907 omnium
745 1842 898 1926 pertinet;
930 1862 1026 1926 quam
1056 1842 1159 1926 legem
1180 1843 1220 1920 Q.
1243 1847 1373 1910 Catulus
1394 1857 1512 1912 armata
1534 1849 1732 1914 dissensione

412 1943 527 2006 civium
549 1940 596 2004 rei
616 1937 763 2022 publicae
785 1956 885 2018 paene
908 1937 1057 2000 extremis
1078 1939 1271 2020 temporibus
1287 1941 1368 2016 tulit,
1391 1962 1537 2026 quaeque
1556 1945 1608 2006 lex
1623 1945 1732 2008 sedata

375 2037 466 2102 cailla
493 2037 617 2099 flamma
645 2030 828 2094 consulatus
856 2032 917 2094 mei
942 2030 1098 2094 fumantes
1125 2034 1277 2116 reliquias
1307 2037 1535 2100 coniurationis
1556 2037 1728 2101 exstinxit:

409 2131 470 2194 bac
498 2129 580 2193 enim
609 2126 678 2209 loge
702 2124 800 2188 Caelii
825 2124 1040 2190 adolescentia
1065 2145 1130 2188 non
1151 2127 1191 2189 ad
1213 2128 1259 2190 rei
1280 2129 1427 2211 publicae
1448 2151 1584 2212 poenas,
1612 2132 1668 2194 sed
1688 2130 1729 2192 ad

409 2225 550 2289 mulieris
571 2220 757 2284 libidinosae
779 2217 908 2282 delicias
923 2218 1114 2301 deposcitur.
1157 2222 1259 2283 XXX.
1282 2218 1333 2284 74.
1355 2225 1459 2308 Atque
1477 2225 1539 2288 boc
1552 2225 1730 2289 etiamloco

410 2321 452 2384 ld.
474 2319 497 2400 †
521 2315 669 2380 Camurtii
691 2323 723 2377 et
745 2314 778 2376 C.
802 2313 961 2377 Caesernii
985 2314 1144 2378 damnatio
1165 2316 1375 2396 praedicatur.
1408 2317 1435 2379 0
1458 2318 1660 2382 stultitiamne
1683 2319 1731 2382 di·

410 2431 478 2477 cam
500 2431 542 2474 an
562 2407 788 2492 impudentiam
810 2408 1017 2490 singularem!
1051 2408 1240 2485 audetisne,
1263 2431 1332 2474 cum
1354 2411 1394 2474 ab
1416 2431 1453 2473 ea
1473 2413 1604 2476 muliere
1624 2414 1731 2476 venia·

372 2509 466 2583 nas,
487 2506 591 2568 lacero
611 2504 743 2566 istorum
764 2500 928 2565 bominum
949 2502 1164 2566 mentionem?
1185 2504 1349 2568 audetisne
1375 2507 1512 2569 excitare
1527 2508 1606 2571 tanti
1621 2508 1730 2589 flagitii

409 2600 609 2672 memoriam,
631 2616 695 2659 non
719 2597 904 2659 exstinctam
926 2596 1012 2659 illam
1028 2597 1174 2678 quidem,
1197 2597 1253 2660 sed
1268 2617 1445 2681 repressam
1459 2604 1635 2663 vetustate?
1657 2602 1729 2677 Quo

410 2697 493 2760 enim
518 2695 565 2757 illi
587 2691 717 2756 crimine
745 2696 941 2774 peccatoque
966 2693 1156 2774 perierunt?
1183 2712 1298 2774 nempe
1320 2692 1405 2774 qnod
1426 2693 1566 2757 eiusdem
1587 2696 1728 2759 mulieris

409 2790 553 2855 dolorem
575 2793 606 2849 et
626 2785 772 2848 iniuriam
795 2783 941 2847 Vettiano
963 2784 1084 2848 nefario
1107 2793 1216 2867 stupro
1237 2794 1310 2849 sunt
1328 2788 1495 2868 persecuti.
1527 2788 1610 2870 Ergo
1624 2797 1659 2852 ut
1672 2808 1727 2851 au·

409 2886 529 2950 diretur
554 2880 653 2945 Vettii
680 2899 794 2943 nomen
822 2879 854 2941 in
886 2899 995 2955 causa,
1026 2888 1063 2943 ut
1084 2877 1142 2942 ttia'
1160 2889 1249 2943 vetus
1269 2881 1390 2944 aeraria
1410 2880 1517 2945 tabula
1537 2880 1727 2957 reticeretur,

371 2979 526 3047 asidcirco
548 2977 571 3058 †
595 2975 744 3039 Camurtii
766 2979 798 3036 et
813 2972 974 3036 Caesernii
996 2981 1046 3036 est
1066 2992 1160 3037 causa
1180 2977 1350 3037 renovata?
1372 2975 1428 3057 qui
1443 2994 1635 3060 quamquam
1656 2975 1727 3058 lega

408 3075 447 3138 de
468 3075 500 3138 vi
529 3079 612 3136 certe
643 3089 708 3132 non
730 3066 934 3143 tenebantur,
964 3087 1002 3129 eo
1024 3065 1179 3130 maleficio
1201 3076 1305 3131 tamen
1327 3077 1417 3131 erant
1436 3068 1608 3151 implicati,
1630 3077 1664 3133 ut
1685 3091 1725 3133 ex

407 3168 524 3232 nullius
552 3165 633 3247 legis
662 3162 783 3246 laqueis
812 3159 971 3224 eximendi
1001 3159 1191 3223 viderentur.
1234 3157 1284 3223 72.
1307 3163 1348 3223 Μ.
1371 3181 1445 3225 vero
1469 3162 1592 3227 Caelim
1606 3185 1672 3226 ‘cnr
1692 3165 1724 3226 in

406 3262 468 3326 hoc
490 3260 645 3325 iudicium
665 3258 819 3320 vocaturi
850 3255 899 3318 cui
923 3273 1028 3338 neque
1047 3254 1209 3337 proprium
1230 3256 1422 3339 quaestionis
1437 3257 1555 3320 crimen
1570 3256 1725 3331 obiicitur,

407 3375 465 3419 nec
487 3371 563 3418 vero
586 3350 716 3435 aliquod
739 3348 934 3422 eiusmodi,
959 3347 1044 3431 quod
1066 3349 1107 3410 sit
1128 3368 1146 3411 a
1167 3349 1237 3432 lege
1259 3350 1545 3425 seiunctnmrcum
1558 3359 1663 3414 vestra
1676 3370 1725 3414 se-

368 3451 538 3516 scveritate
560 3445 779 3509 coniunctum:
805 3444 893 3506 euius
914 3442 1017 3525 prima
1038 3451 1124 3507 aetas
1138 3442 1245 3509 dedita
1260 3443 1446 3528 disciplinae
1468 3444 1528 3509 tuit
1549 3445 1655 3530 iisque
1675 3465 1725 3508 ar·

472 3687 496 3734 4.
509 3677 679 3733 obscenissimo
695 3677 726 3726 P:
745 3675 961 3726 abraamissimao
976 3704 1002 3712 -
1021 3683 1056 3727 ert
1070 3677 1089 3741 s.
1103 3689 1165 3728 nos:
1183 3678 1215 3727 rit
1229 3677 1248 3740 s.
1262 3677 1346 3728 CO·
1364 3679 1515 3730 beccam.
1528 3679 1619 3730 EG·
1632 3679 1656 3729 3.
1669 3680 1726 3729 iac·

405 3761 498 3812 dodam
514 3760 534 3809 P
552 3782 580 3792 -
599 3752 624 3805 4.
641 3766 691 3802 oco
708 3755 742 3802 ert
759 3751 793 3801 C:
818 3763 869 3800 eoa
884 3751 1029 3815 esttecum
1045 3754 1065 3803 0
1084 3779 1111 3788 -
1138 3754 1163 3803 7.
1180 3752 1315 3817 iciacetreo
1330 3755 1419 3805 PGS:
1446 3754 1571 3818 ioecctrcc
1587 3754 1676 3818 El‘d0
1696 3782 1722 3792 -

405 3837 430 3887 8.
442 3834 491 3885 nist
501 3858 516 3870 -
524 3859 537 3868 -
548 3829 691 3880 4444444444
706 3825 782 3876 atiert
793 3826 938 3876 Arusianus
947 3827 1059 3877 Messius
1071 3839 1093 3878 s.
1106 3839 1132 3876 v.
1145 3827 1280 3890 quadrare.
1296 3855 1322 3864 —
1341 3828 1381 3879 46.
1393 3828 1562 3893 ictetiepitisP
1575 3857 1602 3866 -
1622 3829 1661 3880 42.
1673 3829 1723 3893 tea]

404 3923 445 3960 rer
461 3909 521 3959 E-
545 3906 584 3956 tc.
602 3903 721 3968 fumantis
739 3901 758 3952 C
777 3927 804 3936 -
823 3901 933 3951 micuit
948 3903 968 3951 P
987 3928 1015 3938 -
1039 3902 1079 3952 46.
1097 3903 1144 3953 bac
1159 3918 1226 3954 caeo
1246 3905 1355 3970 scripsi:
1381 3905 1428 3955 liae
1449 3906 1515 3955 eotm
1530 3905 1639 3973 Czubac
1655 3907 1675 3956 0
1694 3932 1721 3942 -

405 3983 467 4034 caeli
484 3985 504 4032 P
523 4008 550 4018 -
576 3979 614 4030 it.
634 3977 779 4028 4464ᾶί444444
795 3975 854 4027 cod.
873 3976 980 4027 bamb:
1004 3977 1134 4035 abices...
1152 3981 1194 4037 P¹;
1212 3979 1323 4030 libidines
1337 3984 1361 4028 et
1376 3976 1528 4031 1³²Eesc.
1552 3980 1592 4031 Cl.
1610 3980 1721 4042 iladvig.

404 4073 431 4126 p.
450 4057 507 4120 tce,
526 4057 579 4106 not.
598 4055 622 4105 2.
643 4080 670 4089 -
689 4052 793 4102 memes
808 4053 837 4102 P¹
855 4077 882 4087 -
904 4051 944 4102 48.
963 4053 1076 4104 camarti
1093 4055 1126 4116 C,
1145 4054 1193 4105 sed
1211 4056 1236 4105 in
1253 4056 1391 4106 Pcaracrti
1407 4061 1431 4105 et
1446 4067 1540 4118 magna
1557 4069 1589 4104 ex
1605 4059 1679 4120 parte
1696 4056 1722 4105 in

404 4145 457 4184 ras.
475 4133 510 4182 ita
532 4130 660 4193 scriptum
680 4129 734 4190 est,
753 4129 783 4177 nt
798 4128 913 4192 spatium
928 4127 1075 4179 litterarum
1092 4129 1240 4180 deletarum
1258 4142 1311 4179 non
1327 4130 1361 4181 sit
1377 4128 1524 4194 expletum
1543 4130 1656 4181 camum
1671 4131 1724 4180 Ga-

343 4205 356 4226 *
403 4208 498 4260 ratoni.
519 4231 546 4242 -
565 4204 592 4256 G.
611 4217 664 4254 om.
683 4201 762 4254 codd.
777 4229 804 4239 -
822 4204 933 4254 caeream
948 4205 983 4268 (P)
996 4203 1038 4255 vel
1053 4206 1147 4256 ceram
1163 4205 1183 4256 C
1197 4231 1224 4240 -
1244 4204 1285 4254 49.
1302 4205 1473 4267 inpudentiam
1488 4207 1508 4255 P
1521 4230 1548 4241 -
1566 4205 1608 4256 26.
1625 4205 1723 4256 werci-

403 4290 459 4336 tcre
474 4279 503 4334 P¹
522 4304 549 4317 -
568 4280 609 4329 24.
627 4278 763 4328 mitratum
779 4280 840 4328 P-
857 4283 1005 4330 uetustatem
1021 4282 1039 4330 P
1057 4304 1081 4316 —
1101 4280 1142 4330 23.
1160 4284 1318 4342 eaotdupro
1333 4285 1390 4329 ema
1406 4281 1439 4341 P;
1458 4285 1616 4343 nutstrcpro
1631 4279 1721 4340 EGO;

404 4359 463 4410 tort.
476 4359 522 4408 isto
537 4360 623 4418 stupro
639 4359 697 4405 ucat
709 4381 736 4389 —
754 4352 795 4406 24.
807 4354 868 4404 cedi
883 4356 903 4405 P
917 4381 944 4391 —
963 4354 1068 4406 aeraria
1080 4355 1217 4405 Garatoni:
1236 4355 1338 4417 afraria
1348 4355 1381 4414 C,
1400 4353 1449 4404 sed
1460 4353 1519 4405 cod.
1533 4356 1569 4405 st.
1581 4355 1647 4405 vict.
1660 4367 1724 4405 arc·

401 4435 457 4493 ria3
475 4430 610 4496 parracio
620 4430 654 4490 03
671 4429 815 4494 Afroniam
830 4427 922 4480 Lamb.
937 4457 971 4468 -
986 4433 1128 4495 reficeretur
1143 4426 1273 4481 P’EGS:
1290 4429 1435 4492 retectretor
1451 4427 1493 4489 P¹;
1510 4430 1646 4494 referretur
1661 4429 1721 4481 cod.

403 4509 440 4560 St.
452 4508 519 4558 vict.
538 4507 565 4556 et
580 4505 597 4556 4
613 4505 729 4566 Oxonn.;
746 4506 910 4570 refricaretur
926 4507 955 4556 0.
982 4506 1021 4556 Cl.
1035 4504 1120 4557 liade.
1136 4518 1164 4569 p.
1177 4502 1234 4555 464.
1249 4529 1276 4540 -
1294 4505 1336 4555 24.
1352 4505 1444 4554 iccirm
1460 4506 1481 4554 G
1498 4530 1525 4539 -
1544 4505 1720 4555 amttam.

401 4581 432 4637 1)ι
447 4585 475 4634 in
492 4583 611 4632 extremo
628 4592 715 4632 versu.
735 4606 762 4617 -
785 4582 895 4631 44444444
915 4583 964 4631 4Ρ
987 4581 1037 4641 (est
1055 4581 1142 4645 prima
1159 4578 1235 4629 tectio
1251 4579 1325 4629 varia
1341 4592 1421 4643 quam
1433 4580 1521 4630 -ilains
1536 4579 1563 4630 in
1579 4581 1632 4630 Sea·
1646 4583 1721 4629 orati.

400 4659 494 4723 papio.
512 4653 617 4710 ilediol.
636 4654 699 4705 ltili
716 4667 749 4705 ex
766 4668 819 4706 uno
836 4655 896 4706 lolio
913 4653 1076 4720 palimpsesti
1092 4653 1258 4705 ambrosiani
1274 4652 1376 4716 attulit.)
1396 4681 1423 4690 -
1446 4655 1487 4705 26.
1504 4660 1570 4705 certe
1585 4658 1617 4718 P.
1635 4655 1684 4706 sed
1700 4660 1723 4704 te

402 4734 430 4784 ln
446 4746 498 4784 ras.
519 4757 546 4769 —
570 4743 598 4781 eo
617 4729 738 4794 malefido
759 4735 842 4781 moseo
857 4731 917 4794 444)
941 4732 969 4780 et
985 4729 1061 4780 edd:
1086 4742 1114 4779 eo
1135 4728 1257 4793 matema
1273 4730 1303 4787 S;
1325 4734 1348 4779 et
1362 4729 1484 4794 makeda
1502 4731 1594 4792 PEG,
1613 4730 1671 4781 tort.
1689 4743 1722 4778 ex

401 4806 490 4873 ei(eo)
506 4811 591 4856 tameo
605 4805 666 4854 mal.
681 4831 709 4841 -
726 4805 840 4868 iopttaca·
855 4807 875 4856 4
892 4831 920 4842 -
938 4807 978 4856 27.
991 4805 1159 4855 οω44444444ι
1178 4804 1303 4854 rotbodi
1318 4803 1396 4856 codd.
1415 4803 1589 4856 4414440-
1606 4807 1647 4858 28.
1664 4817 1722 4868 pro-

398 4883 486 4947 priam
505 4879 583 4933 codd.
601 4880 708 4945 praeter
723 4881 757 4930 A:
782 4881 915 4944 propriam
931 4880 1029 4943 puidam
1044 4879 1110 4938 4ος
1128 4880 1156 4929 at
1170 4892 1196 4928 r.
1214 4877 1300 4930 iladv.
1318 4893 1345 4945 p.
1363 4879 1420 4941 446,
1438 4880 1488 4931 nisi
1504 4879 1582 4931 lectio
1599 4880 1721 4943 corrupta

402 4959 445 5009 est
460 4955 643 5019 expropriem
659 4955 783 5018 quoddam
801 4983 828 4994 -
846 4957 940 5008 obsec
956 4953 1171 5020 mammio
1190 4979 1218 4992 -
1237 4953 1478 5008 4644444446-
1496 4955 1537 5007 aa.
1556 4955 1719 5020 adpocdtsc.

403 5031 512 5095 odmen)
525 5033 558 5081 P:
578 5029 674 5093 aliqud
684 5033 705 5081 4
715 5032 744 5094 tt)
753 5031 773 5081 Ε
783 5034 804 5081 6
813 5031 841 5081 0.
861 5031 899 5082 ct.
913 5029 1041 5083 Wesenb.
1054 5029 1090 5081 ad
1099 5031 1169 5081 sest.
1182 5042 1209 5096 p.
1222 5031 1262 5092 42,
1276 5033 1330 5081 not.
1344 5032 1400 5081 t.-
1412 5045 1470 5082 mers
1480 5034 1517 5082 A:
1534 5036 1558 5082 et
1572 5045 1629 5082 crea
1639 5027 1717 5080 codd.

402 5103 474 5166 rell.;
491 5105 519 5155 in
534 5106 553 5156 P
567 5110 591 5156 et
604 5117 709 5154 meran
719 5105 876 5156 cmtcmtcm
892 5107 918 5156 in
936 5119 1019 5170 marg.
1033 5118 1113 5156 mann
1128 5107 1154 5158 2.
1172 5103 1293 5170 suppleta
1311 5112 1381 5160 sunt.
1401 5135 1429 5144 —
1446 5107 1488 5158 34.
1504 5105 1576 5158 cades
1587 5103 1672 5166 prim
1682 5127 1719 5140 ··

400 5191 473 5231 aean
487 5181 610 5244 [orauere
626 5179 703 5230 ederi
717 5179 809 5231 rhetor
825 5181 941 5232 incertus
958 5181 985 5231 in
999 5180 1129 5233 decedatis
1143 5182 1223 5232 Parte.
1235 5182 1273 5233 ed.
1285 5182 1399 5233 44444444
1410 5195 1438 5247 p.
1451 5180 1475 5232 4.
1491 5207 1519 5219 -
1531 5178 1673 5241 4444444444
1682 5181 1717 5231 A:

402 5253 538 5320 4444494444
553 5254 631 5308 codd.
650 5251 707 5308 rell.
725 5256 753 5308 et
769 5257 801 5320 0,
819 5255 847 5308 in
864 5267 917 5321 qua
932 5254 1045 5310 lectione
1062 5260 1247 5324 exspectares:
1264 5259 1297 5311 tie
1311 5258 1455 5325 4444444444.
1475 5281 1502 5294 -
1519 5256 1589 5318 44444
1604 5257 1671 5308 444.
