4009 6159
326 567 478 636 ORATIO
500 565 583 636 duit
604 567 779 636 SiliilA'i'UI
799 565 972 634 amitas
993 565 1090 634 iiiiii
1112 565 1189 632 cn.
1202 567 1312 633 1-11,
1332 563 1379 652 §5
1393 561 1497 630 t-3.
1539 560 1597 628 sit

285 760 402 826 quaeso
431 741 653 824 obtestorque,
681 759 723 804 ne
743 757 833 804 meae
854 743 986 804 naturae
1006 738 1111 822 potius
1132 757 1230 821 wem
1250 735 1460 820 magnitudini
1481 744 1603 802 resno·

283 854 353 898 rnm
372 829 598 898 beneficiorum
619 833 651 898 id
673 831 875 898 tribuendum
897 832 1026 916 putetis.
1062 832 1153 908 Quae
1172 839 1262 898 tanta
1281 834 1367 897 enim
1391 838 1497 916 potest
1517 832 1603 896 exsi-

284 935 365 992 stere
386 929 513 992 ubertas
533 928 673 1012 ingenii,
695 947 778 1012 quae
792 933 882 991 tanta
896 927 1023 992 dicendi
1037 927 1147 1010 copia,
1169 927 1257 1010 qnod
1271 933 1335 992 tam
1350 925 1492 992 divinum
1506 932 1602 1008 atque

284 1022 468 1088 incredibile
488 1042 588 1105 genus
609 1022 777 1096 orationis,
799 1039 865 1105 quo
887 1021 1057 1105 quisquam
1077 1022 1179 1104 possit
1194 1028 1300 1086 vestra
1320 1022 1354 1087 in
1374 1039 1434 1084 nos
1454 1021 1604 1086 universa

283 1117 453 1200 promerita
472 1136 539 1179 non
561 1116 664 1179 dicam
686 1113 855 1198 complenti
873 1113 1013 1190 orando,
1034 1113 1090 1178 sed
1105 1135 1294 1198 percensere
1307 1112 1527 1180 numerandot
1547 1114 1627 1198 qnia

283 1211 360 1274 mibi
381 1210 509 1275 fratrem
533 1209 781 1293 optatissimum,
803 1227 854 1272 mc
875 1207 963 1272 fratri
983 1210 1215 1286 amantissimo,
1236 1209 1345 1274 liberis
1358 1208 1476 1272 nostris
1490 1227 1603 1291 peren-

282 1313 345 1379 tes,
367 1304 460 1369 nobis
482 1304 617 1377 liberos,
639 1304 696 1387 qui
717 1302 920 1386 dignitatem,
944 1303 999 1386 qui
1022 1302 1183 1379 ordinem,
1204 1304 1261 1389 qui
1281 1302 1442 1378 toruum,
1463 1304 1519 1386 qni
1537 1322 1604 1366 am·

282 1399 457 1480 piissimam
478 1417 546 1462 rem
566 1396 734 1481 publicam,
758 1397 815 1480 qui
836 1397 979 1479 patriam,
1003 1393 1081 1482 [qua
1100 1398 1181 1461 nibil
1200 1404 1389 1482 potestesse
1410 1391 1603 1478 iucundius]

283 1492 338 1576 qui
359 1491 500 1575 denique
521 1491 752 1575 nosmetipsos
773 1490 866 1554 nobis
887 1490 1079 1555 reddidistis.
1121 1489 1151 1555 ἓ.
1174 1491 1269 1568 Quod
1290 1492 1317 1555 si
1338 1497 1488 1574 parentes
1508 1491 1605 1555 caris·

282 1587 378 1651 simos
394 1579 516 1650 'bebere
538 1585 707 1660 debemus,
734 1585 820 1669 quod
828 1577 851 1678 (
848 1585 887 1648 ab
910 1586 949 1648 iis
970 1586 1063 1650 nobis
1085 1585 1167 1660 vita,
1197 1585 1437 1669 patrimonium,
1466 1586 1642 1662 libertasse

283 1681 392 1744 civitam
414 1681 528 1744 tradita
549 1665 625 1837 esp?
637 1680 664 1743 si
687 1680 765 1743 deos
786 1679 997 1754 immortales,
1019 1700 1155 1764 quonum
1174 1678 1330 1743 beneficio
1351 1686 1384 1744 et
1402 1679 1481 1744 baec
1502 1680 1606 1744 tenni·
1676 1671 1773 1746 ,qv

282 1795 352 1838 mus
375 1782 407 1838 et
428 1767 541 1838 ceteris
563 1794 579 1835 r
619 1793 657 1837 us
678 1773 763 1838 aucti
778 1793 904 1850 sumus3
927 1773 955 1836 si
976 1773 1130 1858 populum
1151 1775 1343 1848 Romanum,
1364 1775 1456 1839 cuins
1476 1775 1608 1839 bonori-

281 1867 341 1932 bus
362 1869 397 1930 in
418 1868 615 1951 amplissimo
638 1867 772 1932 consilio
796 1868 881 1931 etin
903 1866 1056 1931 altissimo
1078 1867 1178 1950 gradu
1198 1866 1361 1951 dignitatis
1382 1874 1478 1951 atque
1498 1867 1607 1932 inbao

102 2015 103 2024 ,
282 1963 425 2026 omnium
446 1969 600 2024 terrarum
622 1980 694 2024 arce
717 1959 865 2024 collocati
887 1980 1012 2035 sumus;
1040 1961 1068 2024 si
1087 1961 1172 2025 bunc
1193 1962 1297 2046 ipsum
1319 1962 1480 2038 ordinem,
1502 1982 1521 2026 a
1542 1981 1606 2044 qno

102 2055 104 2132 ζ
174 2065 182 2083 '
281 2075 378 2138 saepe
408 2051 728 2138 magnificentissimis
750 2054 886 2118 decretis
908 2073 1018 2118 sumus
1038 2054 1214 2119 honestati:
1244 2056 1435 2120 immensum
1455 2055 1646 2140 quiddamst

282 2157 315 2213 et
334 2149 493 2213 infinitum
514 2155 577 2225 est,
600 2148 687 2233 quod
710 2149 799 2213 vobis
821 2148 1007 2224 debeamus,
1030 2149 1086 2232 qui
1099 2155 1206 2213 vestro
1221 2149 1375 2232 singulari
1388 2148 1494 2215 smdio
1508 2157 1607 2234 atque

281 2263 442 2307 consensu
462 2250 629 2328 parentum
650 2239 821 2320 beneficia,
844 2243 976 2308 deorum
998 2243 1223 2307 immortalium
1242 2262 1389 2332 munera,
1410 2243 1522 2328 populi
1543 2245 1608 2306 ito·

280 2337 367 2401 mani
394 2337 547 2413 honores,
576 2342 682 2401 vestra
710 2337 751 2400 de
777 2357 829 2400 me
849 2337 951 2402 muita
977 2336 1094 2402 iudicia
1121 2337 1214 2402 nobis
1242 2357 1308 2402 nno
1335 2343 1480 2420 tempore
1500 2339 1607 2404 omnia

279 2429 478 2507 reddidistis,
501 2439 549 2507 ut,
571 2451 643 2495 cum
665 2432 764 2496 muita
784 2432 894 2506 vobis,
915 2451 1030 2516 magna
1050 2432 1171 2515 populo
1184 2433 1343 2507 Romano,
1364 2431 1607 2498 innumerabilia

279 2526 482 2610 parentibus,
512 2526 621 2590 omnia
648 2525 697 2590 dis
725 2526 954 2590 immortalibus
974 2525 1162 2602 debeamus,
1189 2526 1268 2590 haee
1288 2532 1383 2591 anua
1404 2526 1528 2610 singola
1548 2541 1644 2608 perit

279 2619 356 2683 iilos
377 2619 596 2696 babuerimus,
625 2640 711 2683 nunc
738 2619 887 2684 universa
906 2640 964 2704 per
990 2641 1049 2684 vos
1077 2621 1325 2704 reciperarimus.
1367 2621 1406 2683 ii.
1429 2617 1460 2683 3.
1482 2622 1605 2705 ltaque,

278 2719 388 2796 patres
410 2715 597 2796 conscripti,
619 2712 707 2797 quod
728 2733 769 2776 ne
784 2713 955 2797 optandum
971 2714 1102 2798 quidem
1115 2722 1164 2779 est
1177 2715 1317 2790 bomini,
1338 2714 1606 2780 immortalitatem

280 2807 443 2890 quandam
464 2827 521 2891 per
541 2828 598 2872 vos
620 2827 691 2871 esse
712 2807 821 2891 adepti
835 2807 988 2872 ridemur.
1004 2805 1016 2902 l
1022 2807 1117 2885 Quod
1132 2807 1217 2870 enirn
1232 2816 1356 2892 tempus
1370 2808 1431 2872 erit
1445 2827 1606 2892 umquam,

279 2921 353 2964 oum
373 2908 551 2966 vestrorum
572 2903 605 2965 in
626 2921 684 2965 nos
706 2899 933 2966 beneficiorum
955 2903 1107 2966 memoria
1127 2922 1164 2965 ac
1183 2899 1268 2964 fama
1288 2883 1528 2984 moriatur,lqui
1549 2899 1606 2964 iiio
1691 2899 1765 2971 ...ξι

278 2995 353 3078 ipso
374 3003 527 3078 tempore,
549 3015 621 3058 oum
642 2996 674 3060 vi
696 2994 797 3071 icrro,
819 3001 905 3058 metu
933 2996 1028 3059 minis
1051 2995 1173 3059 obsessi
1196 2995 1398 3070 teneremini,
1419 3013 1485 3058 non
1505 2993 1644 3064 multosa

278 3097 355 3172 post
383 3089 557 3154 discessum
585 3109 691 3154 menna
726 3108 776 3152 me
803 3088 943 3153 universi
971 3089 1194 3166 revocavistis,
1229 3088 1387 3152 referente
1418 3088 1456 3151 l..
1476 3088 1605 3164 Ninnio,

347 3397 372 3446 i.
389 3395 560 3461 mpndudine
575 3395 636 3446 Ε-
654 3396 680 3446 i.
697 3395 725 3444 id
740 3393 969 3446 manuductus:
987 3394 1179 3446 &mesdeo
1194 3395 1283 3454 ΕΡΡς
1302 3394 1330 3444 id
1344 3392 1529 3444 cttddustsdrm
1542 3393 1603 3445 cod.

279 3471 393 3522 Graevii.
419 3470 472 3520 Sed
488 3472 578 3521 tuetur
594 3470 751 3522 tribuendum
767 3471 847 3521 etiam
864 3471 974 3521 imitatio
991 3469 1093 3521 Claudii
1109 3469 1257 3521 lismertini
1273 3469 1300 3520 in
1312 3469 1385 3520 Grai.
1398 3473 1448 3520 nei.
1460 3470 1508 3520 issi.
1525 3482 1550 3520 c.
1561 3469 1604 3520 at.

280 3573 308 3582 -
323 3551 396 3598 ionic
410 3547 477 3596 scios
493 3546 564 3596 mei:
581 3545 648 3596 caim
663 3545 767 3596 moino
781 3571 809 3582 -
827 3545 1019 3597 adamans
1033 3544 1312 3611 (marspotcstcod.
1325 3543 1471 3608 bambi-
1489 3543 1514 3596 i.
1529 3545 1608 3608 possit

278 3625 340 3673 PS:
355 3625 438 3685 posset
454 3620 501 3671 EF
518 3621 546 3670 et
562 3621 584 3670 o
600 3631 640 3684 pr.
654 3633 690 3670 m.
706 3647 735 3658 —
751 3625 861 3670 oestrum
876 3621 924 3672 EF
943 3647 971 3658 -
991 3623 1015 3673 i.
1032 3623 1125 3673 merita
1141 3621 1203 3672 ood.
1215 3621 1296 3672 ilenr.
1308 3621 1444 3685 Stephani.
1462 3647 1491 3658 -
1509 3622 1607 3672 orando

278 3699 342 3748 PG:
365 3695 479 3747 omoado
500 3695 582 3745 EFS.
608 3695 726 3746 sordido
748 3695 789 3745 est
808 3707 858 3760 pro
874 3697 1001 3759 mathae,
1024 3697 1107 3760 idque
1123 3695 1201 3760 longe
1217 3697 1305 3762 opttus
1321 3694 1406 3746 verbo
1422 3697 1604 3760 conpiscmdi.

277 3771 371 3824 bieiior
387 3773 478 3821 tamen
494 3771 522 3818 st
537 3769 655 3820 usitatior
672 3772 715 3821 esi
730 3771 860 3836 oppositio
876 3771 904 3822 in
921 3783 960 3822 or.
978 3771 1014 3824 ad
1030 3772 1103 3833 Quis.
1120 3771 1151 3833 i,
1169 3771 1199 3822 a:
1223 3785 1274 3821 noc
1292 3771 1366 3821 modo
1387 3783 1482 3836 osam
1499 3777 1548 3824 cst
1562 3785 1607 3823 or·

276 3859 343 3898 scre
359 3846 486 3906 muium,
503 3843 546 3894 sed
561 3857 707 3897 munem
724 3851 770 3896 cut
785 3847 926 3908 conequi.»
945 3847 987 3898 Fa.
999 3849 1063 3899 Aua.
1077 3848 1168 3898 Wonr.
1182 3873 1211 3884 -
1227 3847 1385 3897 moade
1394 3848 1472 3899 GEP
1488 3850 1516 3899 et
1526 3846 1605 3899 codd.

277 3921 415 3988 plerique:
434 3919 601 3970 memmcodo
618 3920 735 3983 dLsgg„
754 3920 809 3970 SO.
837 3923 884 3975 «Ut
897 3935 1042 3986 percensere
1055 3923 1212 3973 amando
1228 3921 1292 3974 nihii
1309 3927 1351 3976 esi
1366 3920 1438 3973 aliud
1453 3923 1504 3974 nisi
1519 3935 1608 3973 me-

277 4011 341 4048 rcre
361 3995 458 4061 [potius
477 3993 550 4044 idem
573 3991 645 4058 quod
666 3995 836 4060 meamea,
862 3997 898 4048 ita
920 3999 1048 4060 commit
1067 3999 1182 4049 mando
1206 3997 1269 4049 nihii
1286 4003 1328 4052 est
1343 3996 1415 4049 nitud
1431 3997 1482 4047 nisi
1498 4009 1606 4047 mm:

277 4073 424 4134 uirumque
435 4081 509 4130 vero,
527 4070 655 4132 complecti
671 4073 864 4136 etsspsrosriaere,
883 4075 993 4139 propter
1008 4074 1128 4125 actvm
1143 4075 1209 4125 scite
1225 4075 1333 4140 ponitur
1343 4073 1378 4125 sd
1388 4071 1500 4124 ornandi
1510 4083 1608 4123 numo-

277 4146 411 4210 randique
427 4143 620 4209 perfectionem
635 4144 863 4210 significandam.»
881 4148 1008 4198 Gsmrorr
1023 4146 1052 4198 in
1069 4148 1142 4199 tisis
1156 4159 1204 4198 xc.
1219 4173 1247 4184 -
1265 4149 1290 4200 d.
1308 4148 1430 4212 optim
1445 4147 1537 4198 Frano.
1555 4149 1607 4198 Fa-

277 4219 382 4270 bricius
399 4231 433 4269 ex
451 4218 511 4270 cod.
530 4231 592 4282 suo,
610 4222 640 4270 ui
655 4221 768 4272 videtur.
794 4223 857 4274 Eius
874 4223 1059 4275 adnotationes
1075 4223 1109 4276 sd
1126 4223 1197 4276 hanc
1213 4226 1281 4274 orat.
1292 4223 1414 4288 vulgans
1431 4224 1536 4274 suntin
1546 4223 1608 4274 idis-

277 4296 363 4346 ides
377 4296 464 4346 usco
478 4295 595 4346 dimone
612 4297 647 4356 11,
666 4308 693 4361 p.
706 4296 754 4348 iti
765 4309 824 4362 sqq.
844 4324 872 4333 —
891 4299 915 4350 8.
935 4300 1177 4362 poeniteamini
1191 4301 1213 4350 P
1227 4311 1288 4365 snp.
1299 4298 1345 4350 iin.
1361 4297 1446 4350 babet
1459 4310 1496 4349 m.
1508 4299 1539 4360 t,
1556 4297 1607 4350 sed

277 4372 380 4420 vetere
400 4395 427 4405 —
446 4369 471 4420 9.
488 4369 559 4421 nobb
573 4377 667 4423 minut
680 4374 747 4436 ipsos
763 4373 815 4424 Eri.
831 4399 859 4410 -
876 4375 1005 4424 reddidisti
1021 4373 1042 4425 ii
1060 4399 1089 4411 -
1107 4375 1148 4425 to.
1166 4373 1199 4424 ci
1214 4375 1262 4437 iss
1274 4375 1308 4436 Ε,
1327 4375 1356 4425 ui
1370 4373 1428 4425 iere
1444 4371 1561 4438 semper.
1574 4399 1605 4412 «-

277 4447 321 4496 tt.
333 4445 515 4507 inmortaiiffl,
527 4445 744 4499 immmiaiui'-
761 4451 936 4502 immass-
954 4448 1482 4515 taocmioodtpsississnsmsmnis-
1497 4448 1609 4500 tice*

277 4521 427 4572 beotii-
440 4521 469 4586 si]
482 4521 555 4572 redii
568 4547 596 4558 -
609 4523 913 4588 ordinanipscmilrf.-
931 4525 1069 4576 isam
1084 4525 1257 4576 medaii-
1273 4525 1513 4576 immm-
1531 4526 1608 4588 qaid-

277 4595 385 4645 dsmast
401 4599 424 4645 ct
439 4595 608 4660 tumtunm
627 4593 689 4650 d'tv.
703 4598 737 4649 de
750 4598 934 4663 offic.i,58i:
953 4600 1319 4665 mmccsmioaiecondipm
1333 4599 1609 4661 mmmdoeust

277 4668 411 4719 minoren
426 4669 504 4721 dmiis
519 4676 563 4722 est.
577 4697 604 4708 -
625 4673 665 4723 iti.
678 4673 808 4725 detsomcs
818 4675 872 4725 mei
885 4674 913 4724 et
923 4675 1002 4739 Lsgg.
1015 4687 1125 4725 omnes:
1142 4674 1256 4726 mmor
1266 4673 1423 4736 Lambinus,
1441 4673 1501 4725 cod.
1514 4675 1606 4726 itanc

278 4744 392 4808 primns,
406 4745 435 4794 0,
453 4743 574 4810 Explico:
592 4747 730 4799 umectum
745 4749 814 4800 cote
829 4748 911 4800 debui
921 4749 1115 4801 oowcidsnmr
1125 4743 1301 4817 (ὀφείλοιμεν
1315 4741 1372 4814 ἄν).
1382 4772 1411 4784 -
1426 4754 1510 4800 om
1525 4751 1609 4802 onas

280 4843 310 4854 -
330 4819 371 4870 ta.
387 4831 439 4870 seso
455 4823 565 4885 tmepore
580 4824 665 4874 monio
681 4826 749 4876 mei:
768 4825 854 4876 omnio
867 4837 919 4874 isio
934 4826 1041 4889 corpo
1058 4851 1086 4862 -
1105 4826 1146 4877 tt.
1163 4825 1292 4878 reddidisti
1306 4825 1328 4877 Ε
1344 4849 1375 4865 -
1390 4829 1421 4876 at
1436 4837 1486 4888 quo
1501 4826 1549 4878 pp
1565 4825 1608 4891 (ex

278 4898 309 4944 st
324 4905 400 4956 quon
416 4897 477 4946 ante
492 4897 976 4963 mdc.)—-td.dis1³ti:dits0-
995 4901 1208 4965 mutescit,
1225 4904 1256 4953 ui
1271 4900 1431 4967 pierumque
1444 4899 1606 4951 inbocvoc.

282 4993 311 5006 -·
330 4969 393 5021 baec
409 4971 525 5022 Pers:
544 4975 688 5034 caodiosc
704 4972 768 5037 sm
791 4976 819 5026 in
835 4977 855 5026 P
872 4975 938 5038 cred
954 4985 1014 5042 sup.
1031 4975 1077 5028 iin.
1095 4977 1399 5029 estmtrecentione.
1415 4975 1606 5027 -sstsiin

280 5045 323 5095 tt.
339 5045 536 5105 reciperatisnrss
551 5051 586 5100 P:
604 5053 834 5114 mannaim
849 5051 912 5111 istc
929 5052 1134 5115 meroem
1147 5054 1178 5114 ὃς
1195 5052 1399 5117 rxaspuoricmt
1414 5051 1436 5102 0
1452 5075 1481 5088 ·-
1497 5050 1540 5104 id.
1557 5061 1609 5102 stat

283 5119 370 5183 adepti
385 5122 457 5172 mei:
482 5125 641 5176 oisemo
664 5151 692 5163 -
713 5123 754 5177 ti.
775 5139 833 5177 aar
855 5127 916 5177 PG:
940 5139 989 5191 qno
1011 5127 1096 5180 ESO.
1130 5129 1170 5182 Gt.
1191 5129 1313 5194 Madvigii
1333 5129 1447 5180 m.
1470 5125 1531 5191 liaa·
1548 5125 1607 5176 tsi,

283 5193 299 5259 S
317 5193 367 5247 stt
384 5197 438 5246 not.
455 5195 482 5248 i.
501 5221 529 5236 -
548 5197 590 5250 td.
607 5211 648 5252 ms
662 5201 773 5253 micam
788 5201 860 5254 mei:
877 5202 946 5253 istic.
962 5215 1003 5254 ms
1018 5203 1041 5253 0
1057 5229 1087 5242 ·-
1104 5205 1134 5259 1,.
1145 5206 1239 5259 bissis
1254 5203 1356 5257 habam
1369 5204 1426 5256 met
1441 5202 1471 5253 et
1484 5202 1547 5266 lag.
1558 5201 1605 5262 ¹⁴3

281 5269 308 5321 in
318 5267 455 5337 plerisque
467 5270 546 5324 codd.
564 5270 622 5328 reli.
639 5285 738 5329 nomen
757 5275 836 5331 ioede
852 5279 1009 5347 corruptum
1024 5280 1074 5332 est
