4009 6159
656 574 730 642 444.
752 576 966 642 44444-4444.
993 573 1040 660 qs
1062 573 1210 642 ea-so.
1519 574 1602 643 4444

273 745 357 811 blica
377 751 488 829 posset
509 746 626 821 oratio,
656 765 720 830 qua
741 745 937 830 deponerent
957 766 1132 811 maerorem
1153 753 1250 833 atque
1271 746 1391 811 luctum
1413 748 1602 833 gauderent·

274 862 338 925 que
364 839 491 923 potius,
521 860 592 905 cum
614 840 714 904 multa
735 849 767 906 et
788 843 880 907 varia
900 842 1120 926 impenderent
1138 841 1322 906 bominibus
1345 862 1461 927 genera
1482 846 1601 922 mortis,

271 935 306 999 id
327 954 444 1018 genus,
468 934 554 1019 quod
576 944 661 999 esset
681 936 942 1019 pulcherrimum,
964 936 1031 1001 suis
1053 936 1220 1019 obtigisse,
1243 956 1362 1021 eosque
1377 958 1434 1002 neo
1456 939 1602 1003 inhuma-

271 1035 320 1094 tos
348 1049 419 1094 esso
447 1048 507 1092 nec
534 1029 692 1105 desertos,
722 1031 809 1114 quod
836 1038 942 1095 tamen
968 1032 1074 1114 ipsum
1101 1051 1159 1114 pro
1181 1032 1281 1115 patria
1303 1052 1367 1097 non
1388 1033 1601 1099 miserandum

268 1131 414 1207 putatur,
443 1143 503 1188 nec
531 1124 684 1209 dispersis
712 1126 814 1189 bustis
834 1125 948 1188 humili
971 1126 1135 1208 sepultura
1156 1133 1328 1203 crematos,
1358 1128 1414 1193 sed
1437 1136 1624 1194 contectost

270 1217 405 1300 publicis
431 1219 580 1304 operibus
601 1227 698 1303 atque
718 1221 902 1285 muneribus
924 1240 1027 1304 eaque
1050 1218 1283 1297 exstructione,
1305 1240 1388 1306 quae
1411 1223 1452 1288 sit
1473 1225 1512 1287 ad
1535 1244 1601 1287 me-

270 1312 402 1375 moriam
432 1315 629 1378 aeternitatis
656 1335 710 1378 444
738 1315 879 1378 Virtutis.
923 1312 975 1378 35.
998 1315 1101 1391 Quam
1125 1315 1254 1379 obrem
1276 1318 1448 1380 maximum
1470 1317 1599 1402 quidem
1624 1336 1628 1343 ¹

270 1406 424 1471 solacium
441 1410 501 1471 erit
517 1412 778 1493 propinquorum,
794 1409 908 1473 eodem
926 1417 1132 1475 monumento
1152 1410 1304 1475 declarari
1317 1419 1350 1475 et
1364 1412 1510 1475 virtutem
1526 1430 1601 1473 suo-

269 1521 339 1564 rum
356 1509 387 1565 et
404 1503 516 1586 populi
530 1504 663 1567 Romani
680 1506 830 1588 pietatem
847 1512 879 1567 et
896 1512 1025 1569 senatus
1041 1502 1134 1567 fidem
1149 1511 1181 1567 et
1192 1504 1401 1569 crudelissimi
1416 1507 1599 1568 memoriam

268 1594 364 1658 belli:
385 1596 420 1659 in
442 1618 506 1681 quo
529 1598 591 1661 nisi
613 1605 701 1662 tanta
725 1599 862 1663 militum
883 1599 983 1662 virtus
1006 1598 1195 1672 exstitisset,
1217 1599 1388 1681 parricidio
1410 1601 1453 1665 Μ.
1468 1600 1599 1663 Antonii
1609 1609 1637 1656 ⁴⁰
1670 1674 1674 1683 ¹

269 1707 386 1753 nomen
406 1691 518 1775 populi
541 1693 674 1756 Romani
696 1692 870 1756 occidisset
906 1694 1011 1776 Atque
1032 1693 1126 1757 etiam
1142 1712 1274 1769 censeo,
1296 1700 1402 1776 patres
1417 1694 1599 1777 conscripti,

269 1804 352 1866 quae
373 1786 514 1868 praemia
535 1786 687 1850 militibus
709 1785 911 1872 promisimus
934 1807 993 1849 nos
1015 1806 1049 1850 re
1071 1785 1199 1869 publica
1215 1793 1400 1869 recuperata
1414 1788 1599 1863 tributuros,

269 1898 307 1943 ea
328 1881 409 1944 rivis
429 1880 666 1964 victoribusque
687 1881 864 1956 cumulate,
887 1900 960 1944 oum
984 1889 1107 1963 tempus
1128 1881 1269 1955 venerit,
1291 1880 1518 1965 persolvenda:
1542 1880 1597 1964 qui

269 1981 374 2037 44444444
396 1994 438 2038 ex
459 1974 513 2049 iis,
542 1974 659 2058 quibus
680 1975 734 2039 illa
756 1976 914 2058 promissa
935 1983 1026 2050 sunt,
1054 1994 1111 2057 pro
1133 1974 1235 2057 patria
1257 1972 1458 2050 occiderunt,
1487 1993 1597 2039 eorum

268 2069 468 2151 parentibus,
490 2068 840 2158 liberishconiugibns,
861 2068 1011 2133 fratribus
1034 2068 1144 2132 eadem
1167 2067 1335 2133 tribuenda
1356 2088 1482 2133 censeo.
1608 2082 1636 2129 rt

351 2162 436 2224 xlv.
458 2157 510 2224 36.
533 2161 612 2237 Sed,
634 2162 864 2246 utaliquando
887 2164 1045 2227 sententia
1066 2163 1272 2246 complectar,
1296 2162 1340 2226 ita
1362 2182 1496 2228 censeor
1519 2162 1598 2227 Cum

270 2252 303 2317 C.
325 2256 443 2331 Pansa,
472 2255 599 2345 consul,
629 2257 817 2341 imperator,
845 2258 969 2322 initium
996 2276 1070 2321 cnm
1096 2257 1239 2321 hostibus
1262 2257 1452 2342 confligendi
1473 2255 1597 2349 fecerit,
1738 2214 1771 2331 ί

268 2367 333 2431 quo
355 2348 477 2432 proelio
505 2349 589 2432 legio
611 2352 724 2416 Martia
745 2351 920 2415 admirabili
941 2346 1185 2434 incredibilique
1206 2352 1321 2414 virtute
1342 2352 1518 2417 libertatem
1541 2372 1599 2436 po·

266 2440 335 2524 puli
365 2443 497 2508 Romani
527 2442 720 2521 defenderit,
752 2443 838 2529 quod
862 2444 946 2507 idem
968 2444 1112 2529 legiones
1133 2444 1272 2507 tironum
1294 2442 1442 2521 fecerint,
1464 2447 1597 2531 ipseque

269 2533 303 2598 C.
324 2536 440 2614 Pansa,
469 2539 595 2633 consul,
621 2540 808 2623 imperator,
837 2560 908 2603 cnm
935 2539 1018 2602 inter
1039 2537 1143 2602 media
1164 2536 1302 2600 bostium
1325 2537 1388 2600 tela
1410 2547 1635 2615 versaretur,so
1659 2562 1670 2669 )
1748 2538 1766 2578 1'

266 2630 398 2695 vulnera
419 2634 596 2717 acceperit:
619 2633 755 2719 cumque
773 2634 810 2696 Α.
826 2633 962 2709 Hirtius,
984 2632 1112 2719 consul,
1134 2632 1319 2723 imperator,
1341 2631 1464 2715 proelio
1478 2632 1598 2709 audito,

267 2727 467 2809 recognita,
494 2727 668 2793 fortissimo
698 2728 1033 2813 praestantissimoque
1064 2727 1169 2790 animo
1192 2716 1366 2789 exercitum
1389 2725 1498 2789 castris
1521 2726 1598 2789 edu·

266 2818 350 2882 xerit
371 2821 589 2907 impetumque
610 2823 644 2886 in
664 2821 707 2886 Μ.
722 2822 895 2886 Antonium
917 2822 1156 2904 exercitumque
1178 2819 1318 2883 bostium
1339 2818 1449 2883 fecerit
1465 2819 1598 2901 eiusque

253 2914 376 2997 copias
399 2913 565 2979 occidione
588 2917 757 2994 occiderit,
786 2936 844 2979 suo
866 2917 1007 2979 exercitu
1028 2916 1073 2979 ita
1093 2914 1261 2990 incolumi,
1288 2921 1385 2978 utne
1409 2932 1506 2976 unum
1527 2912 1599 2995 qui-

268 3005 340 3070 dem
363 3009 493 3074 militem
515 3010 720 3076 desiderarit:
753 3008 805 3074 37.
828 3030 965 3095 cumque
988 3010 1023 3073 C.
1048 3010 1177 3085 Caesar,
1199 3028 1257 3094 pro
1279 3014 1441 3092 praetore,
1463 3007 1635 3094 impera-ss
1707 3007 1734 3082 ,s

267 3106 332 3177 tor,
365 3103 499 3169 oonsilio
529 3105 758 3191 diligentiaque
786 3127 843 3171 sua
870 3113 972 3169 eastra
997 3105 1131 3169 feliciter
1151 3104 1328 3167 defenderit
1348 3102 1520 3186 copiasque
1540 3099 1598 3164 bo·

267 3196 375 3274 stium,
406 3220 488 3283 quae
515 3200 555 3263 ad
578 3209 679 3266 castra
700 3208 913 3276 accesserant,
941 3198 1116 3282 profligarit
1142 3197 1309 3261 occiderit:
1337 3197 1376 3261 ob
1399 3217 1453 3261 eas
1475 3217 1527 3261 res
1549 3216 1599 3263 se·

267 3299 377 3355 natum
399 3294 581 3360 existimare
604 3303 637 3360 et
657 3295 796 3359 iudicare
812 3316 920 3359 eorum
942 3294 1037 3357 trium
1058 3293 1282 3375 imperatorum
1299 3292 1431 3366 virtute,
1453 3290 1598 3375 imperio,

268 3386 422 3462 consilio,
452 3386 622 3470 gravitate,
653 3390 846 3466 constantia,
873 3387 1091 3472 magnitudine
1120 3387 1232 3462 animi,
1262 3385 1414 3450 felicitate
1441 3385 1597 3469 populum

266 3478 445 3544 Romanum
471 3480 655 3547 foedissima
678 3483 962 3567 crudelissimaque
983 3481 1135 3546 servitute
1157 3480 1342 3556 liberatum3
1372 3499 1508 3564 cumque
1530 3494 1635 3544 remeo

249 3567 441 3656 publicam,
462 3576 590 3652 urbem,
605 3578 723 3662 templa
737 3577 869 3642 deorum
884 3574 1119 3650 immortalium,
1133 3574 1218 3638 bona
1232 3573 1441 3658 fortunasque
1456 3574 1597 3637 omnium

267 3665 451 3753 liberosque
480 3671 697 3734 conservarint
724 3670 927 3736 dimicatione
949 3676 981 3733 et
1001 3667 1146 3752 periculo
1169 3670 1251 3733 ritae
1274 3687 1368 3745 suae,
1410 3667 1457 3731 uti
1480 3668 1521 3731 ob
1544 3686 1598 3732 eas

268 3781 319 3825 res
340 3762 438 3840 bene,
459 3761 583 3829 fortiter
602 3765 801 3849 feliciterque
830 3771 934 3849 gestas
958 3763 991 3826 C.
1014 3763 1116 3826 Pansa
1136 3763 1174 3826 Α.
1195 3762 1318 3828 Hirtius
1348 3763 1512 3857 consules,
1538 3764 1611 3855 5¹32,
1651 3803 1659 3858 l
1754 3774 1785 3858 ί

267 3865 448 3941 penatores,
470 3857 550 3922 alter
571 3860 719 3936 ambove,
747 3868 818 3935 ant,
846 3860 873 3923 si
894 3858 1044 3931 aberunt,
1065 3857 1107 3919 Μ.
1132 3856 1290 3921 Cornutus
1311 3865 1439 3942 praetor
1458 3859 1597 3922 urbanus
1644 3863 1658 3911 s

267 3952 517 4037 supplicationes
549 3974 607 4038 per
636 3955 705 4018 dies
736 3953 966 4039 quinquaginta
996 3951 1037 4015 ad
1069 3950 1176 4014 omnia
1203 3951 1383 4034 pulvinaria
1410 3941 1634 4017 c'bostituatras

267 4042 319 4111 38.
344 4066 480 4134 cumque
507 4047 607 4113 virtus
634 4049 796 4133 legionum
824 4047 920 4131 digna
947 4044 1130 4111 clarissimis
1160 4044 1403 4129 imperatoribus
1425 4046 1597 4123 exstiterit,

334 4319 359 4369 4.
376 4319 511 4370 marmotis
530 4317 647 4370 malebat
667 4319 835 4370 Burmannus
857 4318 1002 4371 secundus.
1022 4344 1049 4356 -
1073 4316 1096 4369 3.
1116 4318 1176 4391 arti
1195 4343 1223 4355 -
1246 4316 1298 4368 44444
1314 4330 1368 4369 om.
1385 4318 1395 4368 4
1412 4344 1440 4356 -
1465 4320 1489 4371 6.
1508 4324 1598 4369 444444-

267 4395 348 4447 etione
362 4396 422 4445 aiv
440 4420 468 4433 -
487 4395 511 4443 4.
530 4395 629 4456 quidem
643 4396 786 4445 marim
802 4394 871 4445 abv
891 4420 919 4431 -
938 4394 963 4445 8.
980 4393 1101 4444 4444444444
1118 4406 1172 4442 av:
1190 4392 1307 4443 4444444444
1323 4393 1384 4443 0-
1404 4394 1452 4444 erit
1467 4406 1521 4443 om.
1540 4391 1596 4451 ab;

268 4471 329 4523 tort.
347 4470 520 4523 scribendum
537 4472 591 4520 est:
611 4470 693 4531 04444444
709 4470 738 4520 ot
753 4482 809 4521 reon
824 4471 872 4520 ortt
886 4470 949 4520 444444
965 4470 1063 4533 quidem
1079 4468 1221 4519 mammam
1236 4468 1358 4518 solacium
1375 4469 1426 4519 cst.
1442 4493 1469 4502 -
1489 4467 1514 4516 9.
1532 4472 1596 4529 etp.

266 4560 291 4596 r.
306 4546 426 4609 pietatem
441 4544 474 4595 b:
492 4549 516 4596 et
531 4549 622 4595 44444444
638 4545 663 4604 i;
681 4546 836 4609 etptctctem
852 4546 923 4596 ard
936 4571 963 4582 -
983 4545 1023 4595 40.
1041 4544 1148 4595 militnm
1164 4545 1213 4595 44444
1229 4544 1331 4595 44444444)
1348 4571 1375 4580 -
1394 4544 1481 4595 antoni
1497 4542 1530 4602 b3
1549 4555 1599 4591 an-

267 4621 413 4672 4444444-
434 4621 620 4672 ttsomonr.
636 4633 745 4682 pn·-
764 4619 1020 4685 ponor--ropott
1039 4633 1173 4671 44444-
1200 4621 1241 4671 44.
1256 4634 1284 4683 p.
1302 4632 1407 4671 r.v-
1427 4618 1467 4669 43.
1485 4618 1554 4668 send
1569 4614 1598 4667 b¹

269 4720 297 4732 -
315 4695 359 4748 tl.
376 4693 567 4747 4444444444-
587 4696 816 4748 ltt.cademom.i
834 4722 862 4734 -
881 4697 922 4748 46.
939 4694 976 4759 nt]
992 4694 1404 4747 utria-fortaententiom-
1423 4690 1598 4757 eornptecustb

269 4796 299 4809 -
316 4771 358 4822 48.
370 4773 401 4824 n.
412 4774 510 4824 P.v-
530 4773 571 4823 rs.
583 4772 722 4834 444144ιά4444
736 4773 745 4821 4
761 4786 802 4836 pr.
815 4786 852 4823 m.
867 4798 895 4809 -
914 4772 1025 4822 tueor
1040 4773 1067 4821 tn
1083 4770 1166 4821 44444444
1182 4783 1199 4820 a
1214 4782 1245 4813 s-
1262 4771 1304 4821 at.
1322 4770 1352 4821 A.
1369 4780 1492 4819 44444-
1512 4767 1599 4817 audito

266 4850 292 4896 et
305 4849 405 4912 44444444
420 4847 429 4898 4
447 4873 475 4884 -
493 4848 535 4898 22.
551 4848 800 4911 mammemque
814 4847 923 4900 Ursinus
941 4872 968 4883 -
987 4852 1011 4897 et
1027 4846 1164 4898 4444444444
1181 4859 1196 4895 4
1216 4872 1244 4881 -
1263 4845 1304 4896 23.
1323 4858 1375 4896 etus
1391 4856 1406 4894 a
1422 4869 1457 4881 -
1473 4841 1514 4894 44.
1533 4840 1601 4891 occi-

268 4921 341 4974 dione
357 4924 492 4975 Ferrarius
510 4922 588 4974 etb:
609 4923 803 4973 oceidoneaiv
821 4950 849 4961 -
871 4913 1599 4979 bbdecideraritab2dasidercceritiv0-Cuesar1

267 4994 318 5048 cir.
335 5012 352 5049 44
370 5028 399 5039 -
414 5014 464 5064 pro
475 5002 560 5062 praet.
578 4996 679 5063 aliquot
694 4997 772 5049 codd.
791 5000 918 5051 Ferrarii:
936 5012 990 5051 om.
1005 4998 1071 5056 mei:
1091 4997 1230 5048 Garatonio
1248 4997 1328 5048 etiam
1342 4995 1458 5059 pontisera
1475 4994 1536 5043 ante
1551 5003 1601 5054 pro

192 5091 199 5115 =
264 5085 308 5135 pr.
325 5072 480 5127 addendum
495 5073 650 5136 videbatur,
668 5076 699 5125 nt
714 5078 756 5126 est
771 5076 797 5126 444
815 5076 925 5127 decreto
941 5075 973 5137 V,
992 5072 1052 5139 sto
1069 5075 1097 5123 et
1112 5072 1154 5123 63.
1167 5096 1196 5109 -
1214 5071 1256 5122 26.
1273 5072 1358 5135 felicia
1373 5069 1443 5121 obv
1460 5094 1488 5106 -
1507 5067 1548 5117 27.
1567 5064 1602 5115 od

268 5160 301 5198 sn
315 5156 402 5201 4444444
417 5149 491 5202 Klotz
508 5175 536 5188 -·
555 5150 597 5201 66.
608 5149 779 5200 meldim
795 5149 824 5200 b¹
838 5176 864 5187 -
882 5149 925 5199 34.
942 5150 1003 5200 44444.
1018 5161 1033 5199 4
1052 5174 1080 5186 -
1098 5147 1139 5198 34.
1157 5146 1362 5197 4444444444444444
1378 5158 1394 5195 4
1408 5170 1436 5181 -
1454 5142 1514 5192 64444.
1529 5139 1602 5203 pori-

267 5222 405 5289 culoqneb
425 5249 453 5265 -
475 5227 575 5277 4444-
598 5224 813 5278 aalaidis.
834 5225 874 5277 Ct.
893 5224 970 5290 adp.
988 5224 1046 5286 934,
1065 5224 1105 5274 44.
1127 5249 1154 5259 -
1178 5214 1599 5277 ct.ooecoooort-ao.smp.

212 5379 214 5384 ’
309 5390 484 5442 umens
1345 5386 1387 5453 89
