4009 6159
910 776 1141 973 stes

793 1086 838 1179 II.
864 1087 1007 1181 TULLII
1032 1086 1264 1185 CICERONIS

540 1314 689 1405 Plio
728 1317 784 1405 Ia.
815 1316 1165 1409 VALERIO
1206 1316 1507 1409 FhACCO

820 1502 972 1613 444444
993 1549 1049 1613 m
1070 1547 1241 1614 4444444.

927 1745 1131 1797 RECOGNOVI'I'

709 1904 770 1966 40.
794 1904 1046 1967 (4440264448
1069 1904 1327 1967 BAI'I'ERUS.

805 2252 988 2315 nouitium
1006 2252 1248 2315 exitiosum.

361 2388 427 2439 it==
444 2385 589 2439 Scholiasta
609 2385 748 2439 4444444444
767 2386 837 2453 4444
859 2389 926 2453 Aug.
943 2388 1042 2441 Maiam
1065 2388 1143 2441 04444.
1160 2389 1231 2441 dact.
1249 2401 1263 2440 e
1280 2386 1359 2440 Votis.
1376 2387 1449 2441 codd.
1466 2387 1524 2441 4444.
1541 2389 1570 2441 t.
1588 2390 1611 2442 11
1626 2402 1655 2456 p.
1672 2390 1684 2441 4

444 2474 521 2527 seqq.
540 2462 584 2513 ed.
602 2463 709 2514 nostres
725 2475 752 2527 p.
770 2462 819 2513 226
836 2475 914 2528 seqq.

362 2538 384 2589 c
402 2560 429 2581 =
446 2536 530 2589 codex
546 2537 746 2597 Ambrosianus.
764 2537 837 2591 unde
853 2538 1032 2604 fragmentum
1048 2536 1257 2601 4444444444444,
1275 2539 1346 2591 inter
1361 2550 1421 2605 444.
1432 2538 1450 2590 4
1461 2538 1515 2591 443
1531 2536 1610 2589 butas
1627 2550 1690 2590 ora-

443 2613 520 2664 tionis
535 2612 679 2673 insertnm,
697 2612 799 2678 primus
817 2611 899 2664 edidit
915 2616 980 2678 ing.
993 2612 1078 2665 444444
1091 2613 1175 2667 oran.
1184 2628 1234 2678 444
1245 2614 1356 2677 sowa,
1370 2627 1421 2677 pro
1433 2613 1524 2677 4444444,
1538 2626 1589 2677 444
1599 2613 1689 2665 444444

442 2689 528 2739 Partes
542 2689 608 2740 4444.
626 2687 731 2741 Medici.
750 2686 823 2740 titii.
850 2688 889 2741 ct.
908 2690 1062 2751 Peyronom
1077 2702 1106 2755 p.
1121 2689 1170 2741 ita
1185 2703 1245 2755 seq.
1263 2692 1291 2740 et
1306 2702 1334 2755 p.
1350 2687 1399 2739 449
1414 2699 1493 2753 seqq.

359 2762 423 2815 44ιτ
442 2763 528 2814 codex
544 2764 701 2825 Vaticanus,
720 2762 754 2813 de
772 2776 826 2828 qna
837 2763 993 2815 Garatonius
1008 2762 1044 2813 ad
1060 2765 1150 2817 Pison.
1162 2777 1189 2830 p.
1201 2764 1262 2816 sto:
1282 2761 1389 2815 «Codex
1405 2762 1448 2813 est
1463 2761 1580 2826 optimus
1596 2762 1624 2813 et
1638 2774 1690 2813 an-

352 2824 397 2859 *
443 2837 619 2902 tiquissimus,
642 2837 772 2903 quadrata
792 2838 892 2899 torma,
919 2834 1085 2890 membranis
1106 2837 1254 2901 latissimis,
1275 2851 1329 2890 une
1350 2848 1458 2901 quaque
1476 2835 1572 2901 pagina
1590 2836 1618 2887 in
1633 2839 1689 2889 tres

442 2910 580 2965 4444444444
597 2912 694 2976 divisa,
712 2912 876 2979 marginibus
893 2912 973 2964 etiam
990 2914 1056 2965 satis
1072 2912 1166 2980 amplis
1181 2913 1336 2975 interiectis,
1355 2922 1438 2977 quem
1449 2910 1476 2962 in
1486 2908 1627 2962 tabulario
1637 2911 1690 2962 Ba-

443 2984 533 3037 4444444
554 2998 666 3039 versare
684 2988 749 3039 mibi
770 3000 802 3039 44
822 2990 906 3039 totum
928 2987 1050 3040 44444444
1070 2986 1152 3040 444444.
1186 2987 1326 3040 sexdecim
1345 2985 1459 3053 proinde
1478 2986 1591 3051 paginae
1610 2985 1689 3037 butas

443 3060 620 3126 trementum
641 3063 767 3115 arebonis
791 3063 830 3126 (in
846 3064 875 3115 L.
893 3064 1030 3126 Pisonem)
1048 3064 1197 3123 444444444,
1217 3061 1291 3127 quod
1306 3064 1369 3113 ante
1384 3058 1457 3113 mille
1477 3057 1622 3124 pluresque
1638 3058 1690 3111 ior

443 3138 513 3188 tasse
530 3149 615 3188 annos
632 3138 813 3202 conscriptum
830 3140 871 3189 est
887 3135 980 3189 44444444
997 3136 1144 3190 maioribus
1160 3150 1265 3189 summa
1277 3134 1418 3201 diligentia.
1437 3133 1514 3197 Quod
1530 3132 1628 3185 deinde
1644 3145 1690 3185 se-

442 3212 533 3276 444444
547 3213 634 3263 totum
649 3212 797 3264 minoribus
813 3210 906 3265 iiiteris
922 3210 1112 3278 perscribitur,
1129 3223 1243 3276 quarum
1259 3210 1345 3263 torma
1356 3208 1442 3275 444444
1453 3206 1529 3260 tacite
1541 3206 1690 3260 444444444

443 3287 474 3336 44
488 3284 580 3337 444444
596 3286 702 3339 decimo
715 3287 909 3353 descriptorem
919 3288 1018 3339 vixisse
1032 3288 1150 3338 censeat.
1174 3283 1250 3337 44444
1263 3288 1336 3337 certe
1350 3284 1491 3352 posterior.
1508 3281 1588 3350 paulo
1598 3284 1689 3335 444444

443 3362 574 3426 antiquior
594 3362 618 3414 ts
642 3374 703 3414 esse
727 3363 822 3428 potuit.
855 3362 892 3413 Ea
913 3374 979 3414 vero
999 3374 1063 3427 pars
1080 3366 1122 3414 est
1142 3359 1225 3413 multo
1241 3361 1371 3423 maxima,
1397 3372 1451 3425 qua
1470 3357 1619 3423 isagmeuta
1638 3370 1689 3423 pro

443 3435 536 3487 444444
553 3434 594 3502 (45
605 3434 710 3499 att-oti
728 3439 756 3488 44
770 3448 820 3502 pro
831 3437 952 3497 Fonteio,
971 3436 1070 3490 deinde
1080 3435 1240 3503 Philippicae
1251 3436 1446 3488 eontinentur.»
1463 3432 1502 3487 ct.
1514 3432 1689 3485 Niebubrium

443 3510 524 3562 oratt.
539 3523 589 3573 pro
604 3512 640 3561 44.
657 3510 759 3563 44444444
776 3516 799 3562 et
810 3524 861 3575 pro
878 3511 904 3564 0.
922 3510 1026 3563 44444444
1042 3512 1171 3577 44444444.
1187 3524 1215 3578 4.
1227 3511 1259 3562 34
1276 3523 1353 3575 seqq.
1372 3510 1400 3562 et
1414 3521 1443 3575 p.
1459 3508 1507 3560 ios
1523 3520 1595 3574 444.,
1613 3508 1688 3559 coitis

443 3583 582 3638 collatione
599 3598 631 3636 44
648 3585 689 3637 444
705 3598 812 3648 sumus,
832 3598 915 3651 44444
930 3585 1008 3639 nobis
1020 3599 1036 3639 4
1048 3584 1186 3638 4444444444
1202 3584 1324 3652 exempto
1334 3583 1511 3637 (taratantara
1527 3582 1688 3647 exscriptam

441 3658 621 3728 suppeditavit
636 3659 758 3712 tinuatur.
777 3661 807 3712 in
821 3672 902 3713 nsum
918 3661 1012 3713 444444
1028 3663 1110 3715 etiam
1126 3674 1194 3727 quas
1210 3674 1244 3714 ex
1260 3662 1313 3713 444
1329 3658 1423 3713 444444
1439 3657 1579 3724 exscripsit
1593 3656 1688 3710 tectio-

440 3748 490 3787 nes
505 3737 563 3801 ipse
580 3736 744 3787 (4444444444.
766 3734 805 3786 ci.
824 3747 905 3800 supra
922 3748 949 3801 p.
967 3735 1025 3789 tos.
1052 3744 1055 3749 ’

353 3810 423 3890 ἐξ
440 3809 527 3861 codex
542 3808 748 3875 salisburgensis
763 3808 865 3863 4444444
881 3823 908 3862 4.
921 3808 966 3875 34,
984 3824 1056 3867 nune
1066 3812 1129 3867 444.
1140 3811 1197 3865 Lat.
1209 3810 1374 3865 Monacensis
1384 3808 1479 3874 44434,
1496 3808 1531 3861 ab
1542 3808 1564 3861 1.
1576 3811 1607 3861 (4.
1619 3808 1687 3861 Kea-

441 3895 547 3934 4444444
563 3881 762 3948 diligentissime
782 3882 900 3937 44444444.
1546 3935 1549 3941 ,

358 3958 379 4008 Τ
397 3973 423 3994 =
440 3955 501 4010 cod.
519 3958 662 4011 Bemensis
679 3972 706 4012 4.
723 3958 782 4011 444.
808 3958 847 4011 (44.
866 3958 942 4011 Halm
958 3974 1008 4013 xor
1023 3956 1295 4027 Hmdocbtneoioaode
1309 3961 1355 4014 dor
1370 3960 1421 4014 044.
1438 3958 1511 4011 Scir.
1527 3972 1555 4026 p.
1573 3958 1616 4010 40.

353 4018 423 4083 F=
441 4034 535 4084 «vetas
551 4032 662 4097 codex»,
680 4045 696 4085 4
713 4046 767 4099 quo
784 4034 898 4085 Levinus
913 4034 1067 4089 Torrentius
1086 4048 1186 4103 paucas
1203 4034 1332 4089 lectiones
1347 4035 1384 4089 ad
1398 4034 1548 4100 marginem
1564 4033 1687 4086 editionis

440 4108 605 4161 Ueratianae
623 4109 657 4173 44.
670 4108 742 4172 icet)
760 4109 907 4175 surempsit.

358 4183 378 4233 i
394 4194 421 4216 =
439 4180 519 4234 editio
535 4184 629 4234 444444
644 4184 792 4246 rarissima,
812 4185 913 4237 Romae
929 4187 1003 4239 4443.

442 4259 536 4311 cetera
554 4256 619 4322 sigla
634 4259 696 4309 vide
712 4271 794 4324 snpra
810 4272 837 4324 p.
856 4260 913 4311 344.

418 4344 559 4395 Praeterea
579 4340 700 4395 consului
718 4341 846 4396 lectiones
867 4344 991 4397 codicum
1012 4357 1059 4398 sex
1080 4345 1269 4400 oxoniensium
1284 4347 1312 4399 et
1327 4346 1457 4413 Excerpta
1472 4342 1684 4399 tilebnbxianae

358 4419 512 4485 quindecim
527 4417 665 4471 codicibus
681 4419 927 4484 begommsinianis.

423 4628 448 4693 1.
469 4624 499 4694 4.
522 4626 601 4693 Cum
623 4627 657 4692 in
678 4627 825 4693 maximis
846 4629 997 4714 periculis
1014 4629 1111 4694 buius
1124 4628 1211 4693 urbis
1224 4634 1320 4713 atque
1333 4628 1476 4714 imperii,
1497 4626 1683 4711 pravissimo

359 4730 456 4811 atque
486 4722 687 4789 acerbissimo
715 4722 762 4787 rei
791 4722 937 4807 publicae
962 4742 1055 4800 4444,
1083 4723 1172 4788 socio
1193 4728 1289 4807 etque
1310 4723 1456 4789 adiutore
1478 4723 1683 4789 consiliorum

422 4948 559 4997 4444444444
577 4946 689 4998 coniers.
719 4946 768 4997 Pro
787 4946 816 4997 4..
837 4945 936 4998 444444
951 4946 1042 4998 444444
1057 4948 1090 5006 Ρ;
1116 4946 1153 4998 it.
1172 4945 1199 4997 Τ.
1216 4944 1341 4998 0444444444
1362 4958 1411 5010 pro
1425 4946 1455 4998 1..
1472 4944 1562 4997 444444
1577 4944 1613 4996 od
1627 4943 1681 4995 iad.

357 5023 440 5074 444444
454 5022 543 5085 4444444
558 5024 588 5083 S;
603 5036 653 5087 444
671 5021 770 5075 raom
785 5022 876 5075 444444
891 5020 1010 5075 Isidorus
1025 5022 1099 5086 44444.
1118 5020 1205 5087 ceap.
1222 5022 1260 5084 44,
1277 5021 1303 5084 4,
1320 5020 1363 5073 33.

424 5100 448 5150 4.
465 5098 555 5151 Malim
570 5098 682 5162 44444444,
704 5098 732 5148 ts
752 5098 900 5163 4444444444
920 5100 972 5150 cet.
993 5124 1020 5135 -
1043 5097 1069 5149 4.
1088 5094 1192 5149 (44444444
1207 5096 1271 5162 (444.
1288 5108 1371 5163 sopra
1387 5096 1422 5148 44
1439 5108 1465 5161 4.
1483 5093 1532 5147 444
1547 5107 1574 5146 4.
1591 5092 1616 5160 3)
1635 5090 1681 5146 444.

356 5170 390 5224 ii
406 5186 434 5223 a:
461 5176 506 5226 aut
522 5176 565 5225 est
582 5174 609 5225 in
625 5173 776 5227 Flacciana:
802 5186 860 5225 4444
882 5174 950 5225 socio
972 5178 997 5225 et
1020 5173 1136 5225 44444444
1153 5173 1313 5225 waddonem
1333 5171 1552 5237 4444444444444
1569 5180 1682 5221 mem

355 5248 436 5312 444444
457 5248 558 5301 cadom
576 5248 681 5301 444444
699 5248 844 5315 4444444444
866 5248 1277 5313 toeooeeeeooetoetera.»
