4009 6159
422 586 485 655 esc
747 680 750 687 Ι
845 592 996 660 casuro
1019 595 1062 659 nv
1083 595 1118 659 r.
1138 594 1337 661 varuuuu

421 762 542 828 nelium
563 781 627 827 non
648 760 867 827 defenderem:
893 784 970 827 num
998 763 1102 846 legem
1121 763 1262 847 aliquam
1284 762 1451 827 Cornelius
1472 770 1582 828 contra
1602 767 1746 850 auspicia

420 857 542 932 tulerit,
570 876 645 920 num
672 856 807 933 Aeliam,
835 877 910 920 num
938 857 1060 921 Fufiam
1087 857 1191 940 legem
1211 858 1404 940 neglexerit,
1432 878 1510 921 uum
1531 860 1655 922 consuli
1676 860 1746 923 vim

421 951 574 1026 attulerit,
600 968 677 1017 uum
704 950 831 1015 armatis
851 951 1033 1016 bominibus
1055 943 1209 1035 templum
1230 954 1382 1027 tenuerit,
1403 972 1480 1017 num
1500 953 1746 1017 intercessorem

419 1043 450 1108 vi
472 1043 638 1119 deiecerit,
666 1063 744 1108 uum
763 1045 934 1128 religiones
956 1046 1123 1128 polluerit,
1152 1048 1308 1111 aerarium
1329 1045 1527 1121 exhauserit,
1548 1067 1616 1111 rem
1637 1047 1747 1129 publi·

396 1140 488 1201 54444
515 1136 713 1221 compilarit?
743 1140 810 1203 Tua
837 1146 926 1213 sunt,
954 1146 1008 1203 tua
1036 1148 1110 1204 sunt
1135 1139 1214 1203 baec
1243 1142 1365 1203 omnia:
1395 1140 1542 1203 Cornelio
1565 1140 1633 1203 elus
1656 1141 1747 1205 modi

419 1228 498 1293 nihil
520 1231 679 1295 obiectum
700 1237 759 1295 est.
796 1231 943 1296 Codicem
965 1233 1081 1317 legisse
1102 1233 1274 1297 dicebatur.
1306 1232 1502 1297 Defendebat
1521 1234 1655 1298 testibus
1676 1233 1747 1297 ool-

418 1325 497 1408 lagis
519 1325 585 1389 suis
607 1344 673 1388 non
694 1346 729 1389 se
750 1327 903 1390 recitandi
925 1348 1018 1392 causa
1039 1328 1172 1412 legisse,
1201 1327 1257 1391 sed
1278 1326 1535 1410 recognoscendi.
1572 1328 1748 1392 Constabat

417 1426 522 1481 tamen
545 1418 728 1485 Cornelium
750 1421 917 1485 concilium
939 1422 995 1485 illo
1018 1421 1070 1487 die
1086 1421 1259 1497 dimisisse,
1280 1421 1501 1486 intercessioni
1514 1420 1669 1504 paruisse.
1693 1424 1747 1484 Tu

417 1530 509 1587 vero,
532 1514 583 1577 cui
606 1513 746 1577 Cornelii
768 1513 913 1579 defensio
935 1515 1097 1598 displicet,
1119 1534 1215 1599 quam
1236 1535 1364 1578 eausam
1377 1514 1417 1577 ad
1439 1523 1588 1598 patrmos
1602 1521 1673 1579 tuos
1687 1521 1748 1581 aut

380 1604 504 1689 ltquod
527 1627 562 1671 os
584 1609 721 1671 afferes?
743 1608 860 1693 quibus
882 1609 944 1672 iam
966 1598 1315 1693 praeseribisfquanto
1330 1607 1392 1672 illis
1405 1609 1521 1692 probro
1535 1608 1673 1673 tirtamus
1690 1610 1746 1683 sit,

418 1696 445 1762 si
453 1702 498 1762 “te
520 1700 736 1777 defenderint,
758 1722 828 1765 cum
851 1710 885 1765 tu
907 1703 985 1766 mibi
1009 1703 1146 1766 Cornelii
1169 1702 1387 1767 defensionem
1408 1704 1441 1765 in
1464 1702 1640 1767 maledictis
1661 1702 1746 1765 obii-

417 1792 562 1858 ciendam
582 1796 715 1879 putaris.
758 1792 789 1860 6.
811 1800 857 1859 Ac
878 1804 983 1861 tanmn
1003 1797 1082 1872 hoc,
1109 1798 1234 1872 Vatini,
1261 1804 1419 1861 memento
1440 1797 1536 1879 pavalo
1557 1805 1629 1881 post
1648 1796 1746 1859 istam

417 1884 632 1953 defensionem
654 1910 774 1967 meam,
797 1910 893 1976 quam
915 1898 949 1955 tu
970 1893 1064 1955 bonis
1085 1890 1385 1979 virisldisplicuisse
1399 1890 1490 1965 dicis,
1512 1911 1563 1959 me
1584 1911 1656 1954 oum
1669 1891 1747 1953 uui-

417 1980 499 2043 versi
530 1983 641 2066 populi
671 1985 802 2048 Romani
835 2004 956 2051 summa
986 1986 1150 2050 voluntate
1177 1993 1244 2049 tum
1274 1986 1385 2069 optimi
1412 1988 1567 2069 cuiusque
1588 1984 1746 2067 singulari

380 2075 520 2139 testudio
554 2074 862 2161 magnificentissime
893 2088 966 2162 post
999 2078 1166 2143 hominum
1199 2080 1379 2144 memoriam
1412 2079 1577 2143 consulem
1608 2078 1745 2157 factum,

418 2170 588 2255 omniaque
611 2190 649 2234 ea
669 2191 720 2236 me
740 2171 898 2255 pudenter
917 2173 1053 2237 vivendo
1076 2180 1277 2238 consecutum
1292 2194 1374 2248 esse,
1395 2192 1477 2257 quae
1491 2182 1527 2237 tu
1540 2173 1745 2256 impudenter

359 2268 362 2273 '
416 2262 618 2329 vaticinando
641 2286 769 2349 sperare
791 2274 823 2331 te
845 2286 941 2350 saepe
963 2268 1083 2332 dixisti.

501 2357 554 2419 111.
577 2360 656 2422 Nam
678 2360 765 2444 quod
785 2360 862 2423 mibi
884 2363 1061 2427 discessum
1083 2362 1225 2426 obiecisti
1247 2381 1353 2425 meum
1375 2369 1407 2424 et
1420 2363 1507 2445 quod
1524 2360 1650 2435 borum,
1671 2361 1746 2445 qui·

416 2451 476 2513 bus
498 2451 551 2514 ille
573 2452 641 2516 dies
661 2454 881 2520 acerbissimus
902 2455 976 2531 fuit,
999 2458 1054 2540 qui
1076 2456 1161 2520 idem
1182 2456 1240 2519 tibi
1262 2455 1469 2528 laetissimus,
1493 2456 1614 2519 luctum
1634 2463 1668 2519 et
1687 2475 1745 2537 ge-

379 2544 526 2610 remitum
547 2565 700 2611 renovare
721 2547 869 2624 voluisti,
890 2556 1013 2613 tantum
1033 2550 1091 2613 tibi
1111 2551 1305 2634 respondeo,
1327 2546 1490 2627 me,(cum
1504 2556 1539 2613 tu
1553 2558 1744 2633 ceteraeque

204 2624 283 2711 api*
416 2638 628 2722 reipublicae
658 2649 762 2739 pesteq
785 2662 942 2707 armorum
965 2664 1091 2708 causam
1114 2638 1364 2729 quaereretislet
1384 2665 1456 2708 cum
1477 2663 1536 2726 per
1556 2664 1662 2707 meum
1682 2664 1745 2707 no·

418 2753 490 2796 men
511 2733 653 2798 fortunas
676 2735 882 2819 locupletium
905 2736 1056 2821 diripere,
1081 2742 1267 2823 sanguinem
1288 2740 1465 2821 principum
1483 2739 1618 2801 civitatis
1632 2758 1745 2802 exsor-

239 2824 253 2894 ssl
284 2880 291 2885 .
322 2821 373 2907 ji
415 2827 508 2902 bere,
536 2828 752 2894 crudelitatem
782 2839 917 2919 vestram
949 2834 1121 2917 odiumque
1150 2833 1352 2908 diuturnum,
1384 2833 1469 2916 quod
1498 2831 1532 2895 in
1553 2832 1655 2895 bonos
1677 2833 1744 2897 iam

414 2924 621 2987 inveteratum
650 2925 835 3003 habebatis,
869 2932 1010 2991 saturare
1039 2930 1213 3011 cuperetis,
1246 2927 1350 2991 scelus
1378 2933 1410 2990 et
1436 2926 1576 2989 imorem
1604 2934 1744 2990 vestrum

378 3015 558 3081 secedendo
588 3018 739 3083 maluisse
769 3020 914 3103 frangere
945 3041 1041 3106 quam
1070 3021 1258 3085 resistendo.
1301 3018 1331 3083 7.
1355 3020 1461 3096 Quare
1488 3026 1562 3101 peto
1590 3027 1679 3094 ate,
1704 3029 1744 3084 ut

417 3112 494 3176 mibi
516 3112 670 3196 ignoscas,
692 3115 813 3190 Vab'ni,
836 3136 909 3180 cum
931 3117 960 3178 ei
983 3117 1103 3199 patriae
1125 3116 1272 3200 peperci,
1294 3134 1390 3199 quam
1412 3132 1619 3189 servaveram,
1641 3122 1689 3187 et,
1711 3116 1741 3178 si

416 3226 476 3289 ego
498 3214 529 3271 te
549 3208 739 3291 perditorem
762 3216 794 3274 et
815 3218 998 3274 vexatorem
1020 3212 1066 3274 rei
1089 3211 1234 3295 publicae
1254 3209 1342 3285 fero,
1363 3217 1398 3273 tu
1419 3230 1470 3273 me
1489 3213 1741 3272 conservatorem

416 3308 449 3365 et
477 3300 639 3365 custodem
670 3302 763 3366 feras.
807 3304 929 3368 Deinde
959 3306 1029 3368 eius
1059 3305 1118 3368 viri
1147 3305 1322 3369 discessum
1342 3305 1502 3387 increpas,
1535 3322 1631 3386 quem
1650 3302 1742 3366 vides

416 3396 557 3460 omnium
587 3395 701 3459 civium
726 3397 901 3473 desiderio,
930 3399 1032 3482 ipsius
1053 3399 1192 3483 denique
1213 3399 1260 3462 rei
1282 3399 1428 3481 publicae
1449 3398 1537 3460 luctu
1559 3415 1628 3459 esse
1648 3415 1741 3459 revo-

377 3495 530 3553 eocatum.
568 3492 608 3551 At
636 3490 721 3553 enim
751 3490 858 3555 dixisti
887 3512 951 3556 non
978 3513 1065 3568 mea,
1095 3493 1151 3556 sed
1179 3492 1225 3555 rei
1248 3493 1394 3575 publicae
1416 3511 1512 3555 causa
1532 3489 1677 3552 homines
1699 3488 1740 3551 de

415 3602 486 3647 meo
508 3582 612 3646 reditu
633 3584 803 3648 laborasse.
838 3585 938 3662 Quasi
958 3606 1035 3649 vero
1058 3587 1228 3671 quisquam
1243 3587 1301 3661 vir,
1322 3585 1489 3650 excellenti
1504 3584 1609 3649 animo
1624 3585 1658 3647 in
1672 3603 1739 3647 rem

415 3676 574 3761 publicam
596 3678 770 3761 ingressus,
792 3680 960 3763 optabilius
979 3680 1153 3765 quidquam
1176 3681 1342 3745 arbitretur
1363 3700 1458 3765 quam
1479 3699 1513 3743 se
1536 3698 1555 3741 a
1576 3678 1643 3743 suis
1665 3678 1740 3741 civi·

480 3940 505 3989 4.
524 3938 634 4002 emtis
649 3942 669 3991 P
687 3963 714 3976 -
733 3941 758 3990 4.
776 3940 883 4005 Pamin]
898 3943 960 4006 flent
977 3942 1005 4002 P,
1023 3940 1175 4006 suppletum
1192 3953 1228 3991 m.
1241 3941 1267 3991 4.
1284 3967 1318 3977 -
1332 3940 1466 3990 nument
1481 3941 1501 3989 P
1520 3964 1547 3975 -
1565 3951 1613 3989 coa.
1631 3940 1652 3988 G
1669 3938 1737 4003 (sup.

415 4014 460 4067 lin.
477 4014 518 4066 tid.
538 4028 553 4065 a
570 4028 607 4065 m.
624 4016 641 4065 4
659 4038 684 4058 ==
701 4016 847 4076 4444444444)
862 4040 888 4052 -
908 4016 932 4067 3.
951 4032 1013 4068 nom
1029 4020 1098 4083 (post
1113 4019 1227 4081 44444444)
1244 4020 1263 4070 Ρ
1280 4030 1349 4068 corr.
1363 4018 1373 4067 4
1390 4029 1426 4067 m.
1439 4029 1472 4067 ex
1486 4029 1538 4066 non
1549 4040 1577 4051 -
1595 4013 1621 4066 4.
1639 4014 1740 4064 44444444

414 4093 475 4144 Ρ-
493 4091 605 4141 nortem
621 4091 681 4141 P—
700 4092 725 4142 6.
738 4090 1050 4157 detmdedatltadvtgius:
1068 4094 1242 4157 444444ὼὸ44444
1257 4094 1336 4145 PGO
1349 4119 1383 4130 —
1398 4092 1505 4155 conbpir
1521 4092 1581 4141 P-
1599 4090 1624 4139 ’4.
1641 4091 1735 4141 aePG:

414 4180 467 4217 om.
486 4166 532 4217 SO
551 4192 578 4203 -
597 4169 721 4221 cosmoe
741 4193 767 4205 -
786 4167 811 4219 8.
829 4168 960 4219 4444444444
975 4169 1146 4219 intercessione
1163 4172 1184 4219 G
1202 4196 1230 4207 -
1249 4169 1272 4219 9.
1291 4166 1394 4217 cornelii
1409 4169 1429 4217 P
1445 4178 1515 4217 corr.
1533 4178 1566 4215 er
1581 4164 1689 4215 conredo
1707 4188 1735 4201 -

413 4256 491 4307 44444
507 4246 528 4295 G
545 4256 613 4295 corr.
632 4256 664 4295 ex
680 4240 723 4307 qni
740 4267 765 4289 ε
784 4246 903 4307 qnoniam
922 4272 949 4281 -
968 4245 1009 4295 44.
1026 4245 1120 4295 ceredi
1136 4240 1204 4296 P¹G¹
1222 4270 1249 4281 -
1271 4244 1424 4294 4444444444
1438 4244 1458 4292 Ρ
1476 4242 1513 4305 (ut
1527 4252 1637 4303 semper
1651 4240 1679 4289 in
1695 4238 1737 4290 bis

414 4316 503 4369 verbis
520 4319 697 4383 compositis);
716 4318 897 4370 obdiendcmG
916 4344 943 4355 ·-
963 4318 1005 4369 44.
1022 4318 1057 4369 Ac
1072 4324 1156 4369 444444
1172 4316 1216 4381 P¹,
1235 4320 1264 4368 ut
1279 4317 1487 4380 Wesenbergius
1504 4315 1582 4381 (apud
1598 4313 1684 4365 Madv.
1702 4314 1738 4365 ad

414 4393 464 4444 Cio.
477 4393 507 4443 de
522 4392 594 4443 Fines.
607 4406 634 4457 p.
647 4392 703 4457 874)
721 4395 870 4459 suspicatus
888 4394 942 4443 est:
962 4398 1074 4445 unomen
1090 4392 1149 4444 P²G
1159 4394 1178 4444 0
1189 4420 1223 4430 —
1239 4392 1280 4444 43.
1298 4396 1326 4441 tn
1341 4391 1440 4442 doan
1451 4392 1527 4442 extra
1542 4389 1640 4441 lineam
1655 4387 1739 4440 habet

414 4482 429 4519 a
446 4480 482 4519 m.
501 4480 567 4529 sec..
585 4467 635 4520 sed
651 4471 751 4520 vetere.
777 4470 884 4519 Poterat
899 4474 927 4519 tn
942 4482 958 4518 a
975 4468 1035 4520 loeo
1051 4468 1157 4520 abesse.
1178 4493 1205 4503 —
1231 4465 1271 4517 44.
1289 4467 1384 4528 optseni
1399 4468 1449 4518 PG
1467 4490 1494 4503 ·-
1519 4461 1690 4529 4444444444)1
1708 4490 1736 4500 -

414 4543 455 4593 46.
473 4542 651 4605 mutuose·-
662 4544 749 4594 4444444
765 4541 877 4594 habeti
893 4568 921 4581 ·-
939 4556 970 4593 eo
986 4558 1003 4594 o
1018 4558 1059 4595 rne
1075 4546 1138 4605 PG,
1156 4542 1205 4595 sed
1221 4543 1247 4593 in
1265 4544 1286 4593 G
1301 4542 1433 4607 posterior
1449 4556 1467 4592 c
1481 4542 1622 4606 punctata3
1640 4552 1736 4591 eccm

414 4610 730 4681 a-pnumnretss-
757 4619 1147 4683 44440444-44Ῑ444444
1170 4644 1197 4654 -
1223 4618 1481 4680 inpudenmAP-
1509 4618 1737 4672 tamene-

414 4694 454 4745 49.
473 4694 646 4745 mmmm
662 4696 683 4744 G
702 4720 728 4731 -
753 4695 851 4757 4444444
867 4694 910 4745 tibi
927 4689 956 4744 P¹
975 4720 1001 4729 -
1024 4694 1065 4744 20.
1083 4693 1218 4756 respondeo
1235 4694 1268 4743 P:
1291 4691 1440 4754 respondebo
1457 4692 1507 4742 GO
1525 4718 1552 4729 -
1575 4692 1617 4743 44.
1634 4705 1739 4742 comme

414 4772 442 4831 P,
461 4768 510 4820 sed
525 4782 551 4819 m
567 4767 689 4820 interlita.
702 4796 729 4806 -
747 4770 787 4821 44.
802 4769 955 4832 principum]
970 4769 1032 4831 prin
1047 4771 1067 4819 P
1084 4769 1111 4819 tn
1127 4771 1246 4818 extremo
1262 4781 1356 4829 versu,
1375 4769 1500 4830 quattuor
1515 4765 1617 4817 litterae
1635 4764 1738 4817 deletae

414 4848 489 4904 suut;
514 4843 576 4894 hinc
592 4856 652 4895 voc.
670 4846 696 4895 iu
714 4845 773 4896 cod.
792 4846 870 4896 Beru.
891 4847 918 4896 et
933 4843 989 4895 aliis
1006 4845 1113 4896 omnino
1131 4843 1216 4893 deest.
1237 4869 1263 4881 -
1291 4842 1449 4894 4444444444
1467 4840 1508 4901 P¹;
1534 4841 1652 4893 euertere
1668 4843 1689 4891 G
1707 4866 1737 4879 -·

414 4920 455 4972 44.
473 4920 598 4983 mperotie
613 4918 682 4970 1²¹-
701 4921 741 4971 44.
760 4922 876 4980 4444444
891 4923 910 4972 P
923 4946 950 4955 —
968 4925 997 4969 st
1013 4924 1036 4969 44
1051 4919 1111 4969 nib
1128 4916 1219 4969 bamb.
1234 4942 1261 4954 -
1275 4917 1316 4967 46.
1328 4929 1603 4968 aerumnarum
1618 4914 1700 4966 44444
1715 4919 1737 4967 Α

418 5022 444 5033 -
457 5008 515 5046 eom
530 4996 553 5045 ei
565 5008 593 5057 p.
604 4996 704 5058 peperci
715 4996 745 5046 C.
758 4996 798 5047 Pr.
812 4996 994 5047 Hermannus:
1013 5007 1070 5044 44444
1086 4998 1109 5043 et
1122 4994 1225 5056 patrico
1237 4993 1444 5055 pepercissent,
1462 5004 1517 5042 om.
1529 5004 1588 5043 voe.
1606 4993 1736 5055 sequente

416 5082 507 5133 gnoma
531 5072 554 5118 44
569 5080 626 5120 mem
639 5083 666 5133 p.
682 5071 837 5133 pepercerim
852 5073 917 5130 PG;
941 5071 1007 5133 qnod
1022 5070 1086 5132 eip.
1101 5068 1201 5131 peperci
1217 5066 1363 5130 Madvigius
1379 5080 1407 5132 p.
1419 5066 1483 5126 44ος
1501 5068 1567 5129 qnod
1578 5066 1681 5129 patriae
1692 5079 1737 5127 pe·

412 5143 536 5208 peccam
551 5142 644 5195 Lamb.
659 5170 687 5183 ·—
706 5157 784 5206 quom
800 5158 854 5196 om.
866 5149 902 5203 A:
921 5146 948 5195 in
964 5157 1043 5206 qoam
1059 5140 1089 5193 G¹
1106 5169 1130 5179 -
1147 5155 1307 5193 moeream
1322 5144 1357 5203 .4;
1375 5154 1506 5193 maora
1521 5143 1584 5202 PG;
1602 5139 1636 5191 cf.
1649 5139 1684 5190 ad
1695 5153 1734 5191 or.

416 5234 443 5287 p.
461 5220 528 5271 sest.
548 5217 562 5282 fi
580 5219 620 5271 44.
641 5247 668 5259 -
687 5221 728 5273 47.
747 5226 770 5273 te
788 5232 840 5271 om.
860 5224 880 5272 G
898 5247 925 5258 -
944 5221 986 5273 28,
1005 5220 1166 5271 arcannm
1181 5218 1292 5281 44444444
1308 5218 1377 5269 coni.
1396 5215 1487 5269 bamb.
1508 5242 1536 5253 -
1558 5216 1626 5265 sides
1642 5227 1696 5266 om.
1714 5216 1736 5265 G

419 5324 446 5333 -
463 5294 504 5349 49.
522 5293 603 5357 suen,
620 5301 640 5353 P
659 5324 686 5336 -
704 5296 897 5350 recooctnnvto
917 5324 944 5336 -
963 5296 1005 5349 34.
1022 5296 1192 5362 4444444444
1211 5320 1240 5331 -
1257 5293 1509 5349 4444444444-
1527 5304 1599 5355 qoem
1615 5292 1643 5342 P.
