4009 6159
236 1267 255 1312 o

197 1310 275 1388 Ψ

414 537 497 628 roso
673 561 824 630 oanrro
845 561 898 628 nn
920 561 1148 628 raovuvcns
1169 561 1467 628 consumamus

414 755 448 798 se
470 740 502 799 et
522 733 678 817 quietam,
706 731 793 796 tenui
816 731 973 815 praesidio
994 739 1088 816 atque
1110 732 1224 815 exigvm
1243 751 1339 796 sumu
1372 731 1465 795 etiam
1494 731 1562 797 sine
1589 731 1724 813 imperio

413 826 611 911 perlegales
633 825 761 890 nomine
783 826 853 909 ipso
874 826 986 909 populi
1006 826 1139 889 Bomani
1159 826 1337 889 tuebamur:
1360 845 1443 908 quae
1464 845 1548 890 nuuc
1568 824 1726 890 consulari

413 920 544 1005 imperio
572 925 668 1004 atque
699 919 838 982 exercitu
869 919 911 983 its
939 927 1053 982 vexata
1078 926 1142 995 est,
1172 920 1227 982 vix
1247 927 1283 983 ut
1302 939 1337 982 se
1358 919 1460 1002 possit
1479 918 1726 1000 diutumapaee

412 1033 568 1089 recreare,
599 1033 670 1078 curn
702 1013 821 1077 interea
852 1013 924 1096 quis
955 1019 1093 1076 vestrum
1123 1013 1185 1075 boc
1215 1031 1280 1078 non
1313 1013 1449 1088 audivit,
1481 1014 1552 1096 quis
1583 1013 1727 1096 ignorat,

389 1108 552 1175 tbcbaeos
580 1108 740 1190 ingentem
769 1106 934 1190 pecuniam
963 1105 1102 1190 pendere
1128 1107 1163 1168 L.
1185 1106 1291 1170 Pisoni
1322 1109 1505 1190 quotannis,
1518 1103 1669 1190 (vectigal
1687 1126 1727 1170 ac

412 1202 589 1286 portorium
616 1197 883 1284 Dyrrachinorum
912 1207 1013 1264 totum
1035 1202 1069 1262 in
1088 1200 1183 1263 buius
1203 1201 1298 1263 unius
1320 1209 1484 1284 quaestum
1506 1220 1575 1285 esse
1596 1219 1727 1286 conver-

412 1287 503 1392 siun)
519 1294 630 1360 urbem
650 1293 891 1378 Byzantiorum,
913 1294 1003 1358 vobis
1018 1301 1114 1378 atque
1135 1293 1207 1358 huic
1227 1293 1361 1376 imperio
1375 1289 1606 1368 fidelissimam,
1625 1292 1728 1356 bosti-

412 1389 473 1452 lem
495 1389 530 1452 in
551 1381 681 1452 modum
703 1406 773 1452 esse
796 1391 960 1452 vexatam?
983 1407 1047 1470 quo
1069 1387 1140 1463 ille,
1161 1394 1367 1471 posteaquam
1388 1386 1467 1450 nibil
1488 1387 1666 1471 exprimere
1686 1387 1727 1450 ab

412 1483 586 1568 egentibns,
607 1480 686 1546 nibil
707 1480 772 1546 ulla
791 1480 823 1543 vi
845 1481 1007 1544 amiseris
1028 1488 1217 1564 extorquere
1239 1480 1356 1564 potuit,
1376 1480 1520 1546 cohortes
1540 1482 1574 1544 iu
1593 1479 1728 1544 biberna

375 1577 513 1653 romisit3
535 1576 574 1639 iis
594 1575 778 1661 praeposuit
793 1594 873 1658 quos
895 1575 1017 1657 putavit
1037 1574 1105 1638 iore
1120 1574 1374 1658 diligentissimos
1391 1574 1543 1640 satellites
1558 1573 1727 1657 scelerum,

412 1670 573 1736 ministros
594 1667 801 1752 cupiditatum
823 1687 960 1732 suarum.
1002 1665 1033 1731 6.
1055 1669 1172 1734 Omitto
1193 1669 1273 1733 iuris
1289 1667 1457 1734 dictionem
1476 1668 1511 1732 in
1530 1667 1630 1731 libera
1649 1667 1727 1731 civi-

412 1772 475 1830 tate
497 1772 607 1829 contra
626 1763 714 1846 leges
735 1769 924 1845 senatusque
946 1763 1106 1838 consulta,
1134 1763 1246 1828 caedes
1272 1763 1437 1846 relinquo,
1467 1762 1615 1832 libidines
1635 1781 1728 1845 prae·

414 1867 516 1934 terso,
539 1877 672 1942 quarum
693 1855 931 1920 acerbissimum
953 1863 1056 1922 exstat
1082 1856 1233 1920 indicium
1254 1864 1287 1919 et
1306 1856 1347 1920 ad
1368 1857 1522 1939 insignem
1543 1857 1728 1920 memoriani

412 1951 615 2036 turpitudinis
637 1959 670 2014 et
690 1969 791 2034 paene
812 1949 852 2012 ad
875 1950 990 2014 iustum
1012 1950 1119 2014 odium
1139 1951 1264 2033 imperii
1283 1950 1401 2025 nostri,
1423 1949 1510 2034 quod
1527 1956 1651 2014 constat
1669 1969 1728 2012 no·
1774 2011 1782 2038 ,

376 2063 403 2117 44
412 2045 583 2113 bilissimas
604 2045 741 2128 virgines
763 2063 798 2106 se
818 2044 853 2107 in
873 2050 985 2127 puteos
1000 2044 1151 2108 abiecisse
1165 2051 1198 2109 et
1212 2051 1312 2108 morte
1326 2044 1505 2108 voluntaria
1517 2043 1729 2108 necessariam

309 2216 312 2224 Ι
412 2138 642 2224 turpitudinem
656 2137 830 2223 depulisse3
848 2157 906 2202 neo
920 2137 999 2201 baec
1013 2139 1130 2204 idcirco
1145 2139 1264 2211 omitto,
1280 2137 1367 2221 quod
1382 2158 1445 2203 uon
1459 2138 1642 2220 gravissima
1654 2138 1729 2213 sint,

413 2235 468 2299 sed
490 2234 565 2318 quia
585 2252 671 2298 nuno
692 2233 761 2298 sine
782 2237 862 2296 teste
877 2231 959 2295 dico.
992 2233 1045 2295 lv.
1065 2233 1167 2314 lpsam
1181 2251 1257 2296 vero
1271 2232 1380 2296 urbem
1394 2233 1615 2316 Byzantiorum
1627 2230 1729 2296 luisse

412 2327 647 2394 refertissimam
669 2332 764 2409 atque
787 2325 1017 2390 ornatissimam
1038 2326 1136 2409 signis
1158 2326 1229 2408 quis
1250 2326 1396 2408 ignorati
1417 2345 1500 2409 quae
1520 2325 1568 2390 illi
1582 2324 1729 2390 exbnusti

413 2421 585 2508 sumptibus
611 2418 770 2503 bellisque
792 2419 954 2493 maximis,
982 2439 1054 2482 cunr
1075 2439 1185 2482 omnes
1206 2419 1433 2484 Mithridaticos
1456 2419 1592 2504 impetus
1611 2424 1729 2484 totum·

377 2533 477 2600 toque
497 2517 632 2580 Pontum
653 2521 825 2588 umatum,
851 2513 1107 2577 effervescentem
1127 2514 1160 2576 in
1181 2512 1288 2576 Asiam
1308 2522 1402 2599 atque
1424 2522 1641 2596 erumpentem
1660 2533 1728 2587 ore,

413 2608 575 2693 repulsum
596 2615 629 2671 et
649 2607 825 2671 cervicibus
846 2606 1052 2670 interclusum
1074 2609 1137 2670 suis
1160 2606 1365 2682 sustinerent,
1393 2615 1473 2682 turm,
1499 2609 1645 2692 inquam,
1666 2609 1729 2692 By-

393 2703 509 2790 'zantii
531 2707 563 2765 et
582 2707 695 2786 postea
716 2701 805 2783 signa
825 2699 880 2763 illa
902 2706 934 2763 et
954 2700 1077 2785 reliqua
1097 2701 1184 2764 urbis
1205 2708 1388 2767 ornamenta
1409 2703 1603 2766 sanctissime
1623 2709 1730 2766 custo-

415 2798 480 2862 dita
507 2802 692 2861 tenuerunt:
722 2792 751 2856 7.
773 2802 804 2857 te
825 2793 1014 2877 imperatore
1041 2794 1257 2858 infelicissimo
1280 2803 1312 2859 et
1332 2796 1528 2871 taeterrimo,
1555 2795 1728 2860 &cronius

416 2890 573 2966 Calventi,
601 2888 711 2952 civitas
738 2887 838 2952 libera
859 2895 892 2952 et
912 2908 969 2971 pro
991 2889 1117 2953 eximiis
1138 2888 1204 2950 suis
1224 2887 1387 2954 beneficiis
1406 2909 1428 2952 a
1447 2897 1558 2955 senatu
1578 2897 1612 2954 et
1632 2910 1651 2953 a
1671 2909 1730 2972 po-

377 2984 491 3069 espulo
512 2984 654 3046 Romano
675 2981 809 3047 liberata
829 2983 875 3047 sie
896 2981 1031 3065 spoliata
1051 2991 1146 3066 atque
1167 2981 1283 3046 nudata
1304 2988 1369 3058 est,
1401 2991 1453 3059 ut,
1482 2983 1544 3046 nisi
1566 2982 1600 3046 C.
1622 2982 1730 3064 Vergi-

415 3080 477 3142 lius
498 3077 631 3164 legatus,
653 3075 702 3166 er
722 3075 813 3140 fortis
836 3083 868 3140 et
888 3077 1054 3151 innocens,
1076 3076 1306 3151 intervenisset,
1327 3097 1427 3140 unum
1448 3075 1572 3159 siqnum
1586 3076 1730 3159 Byzantii

416 3192 457 3238 ex
477 3170 616 3236 maximo
638 3190 769 3234 numero
792 3169 914 3234 nullum
934 3169 1096 3234 baberent
1116 3161 1228 3250 (Quod
1249 3168 1356 3234 lanum
1370 3171 1404 3233 in
1417 3170 1544 3246 Achaia,
1566 3172 1622 3254 qui
1640 3170 1730 3233 loeus

234 3261 290 3314 ³²-ae
415 3274 469 3330 aut
495 3265 584 3329 lucus
611 3265 645 3328 in
672 3263 804 3328 Graecia
830 3269 894 3328 tota
922 3271 985 3328 tam
1007 3272 1133 3352 sanctus
1154 3258 1233 3341 fnit)
1257 3265 1290 3327 in
1311 3283 1376 3346 quo
1396 3264 1497 3329 ullum
1518 3263 1730 3337 simulacrum,

415 3360 515 3425 ullum
537 3365 755 3422 ornamentum
776 3356 933 3440 reliquum
954 3358 1016 3422 siti
1037 3345 1148 3421 Emisti
1171 3378 1190 3422 a
1209 3357 1393 3422 foedissimo
1413 3359 1539 3422 tribuno
1560 3356 1604 3441 pl.
1617 3364 1682 3422 tum
1695 3357 1730 3420 in

379 3454 472 3522 acillo
494 3450 656 3534 naufragio
678 3450 773 3514 buius
787 3451 892 3526 urbis,
915 3471 1009 3535 quam
1031 3459 1066 3514 tu
1086 3452 1181 3525 idem,
1203 3451 1257 3534 qui
1272 3451 1444 3533 gubernare
1459 3451 1622 3526 debueras,
1641 3469 1730 3514 ever·

417 3555 515 3622 teras,
537 3553 618 3619 tum,
646 3545 793 3627 inquam,
815 3545 919 3608 emisti
942 3543 1052 3626 grandi
1074 3545 1221 3627 pecunia,
1247 3552 1282 3608 ut
1302 3545 1359 3607 tibi
1381 3543 1421 3608 de
1441 3546 1581 3628 pecuniis
1602 3544 1730 3610 creditis

417 3642 467 3704 ius
495 3639 529 3702 in
555 3638 672 3701 liberos
697 3636 832 3721 populos
860 3639 969 3701 contra
997 3645 1124 3703 senatus
1155 3639 1298 3702 consulta
1319 3646 1351 3702 et
1371 3647 1479 3702 contra
1500 3640 1602 3723 legem
1622 3638 1729 3723 generi

419 3733 462 3798 tui
486 3732 589 3797 dicere
610 3731 737 3794 boaret:
758 3731 790 3794 id
813 3737 952 3814 emptum
974 3732 1019 3794 ita
1039 3730 1228 3807 vendidisti,
1249 3738 1284 3794 ut
1304 3739 1358 3796 aut
1378 3733 1428 3796 ius
1445 3752 1510 3796 non
1524 3732 1656 3806 diceres,
1675 3741 1731 3796 aut

418 3827 509 3892 bonis
530 3825 615 3892 cives
636 3825 794 3890 Romanos
816 3832 983 3888 everteres.
1026 3823 1056 3887 8.
1079 3825 1221 3902 Quorum
1242 3845 1301 3909 eqo
1323 3826 1401 3892 nibil
1422 3827 1508 3901 dico,
1533 3834 1638 3910 patres
1658 3846 1731 3891 oon·

382 3919 543 4003 mscdpti,
570 3938 655 3984 nunc
682 3918 716 3982 in
744 3919 904 3984 bominem
924 3921 1046 4002 ipsum:
1075 3919 1114 3982 de
1136 3919 1296 4002 provincia
1317 3919 1453 4004 disputo.
1494 3922 1605 4005 ltaque
1624 3921 1732 3986 omnia

482 4209 508 4260 B.
522 4221 570 4273 per
584 4220 638 4260 om.
656 4209 677 4258 G
694 4232 721 4243 -
740 4208 765 4258 2.
783 4208 923 4259 comiciis
941 4209 1003 4272 (om.
1015 4209 1127 4273 bipede)
1146 4211 1207 4260 C-
1226 4209 1250 4260 3.
1269 4215 1343 4270 cique
1359 4223 1429 4261 ecrr.
1442 4210 1468 4260 in
1484 4211 1555 4272 etqui
1569 4214 1589 4264 P
1603 4239 1631 4250 -
1648 4213 1732 4262 uteie

420 4281 451 4334 G²
468 4310 495 4320 -
514 4281 538 4334 i.
555 4289 667 4335 sosiaco
683 4283 744 4333 G·
763 4283 788 4333 5.
807 4283 946 4346 quodannis
962 4280 991 4335 Ρι
1006 4313 1027 4322 -
1050 4286 1074 4334 6.
1093 4285 1300 4347 dyrrachincnim
1316 4286 1377 4334 PG:
1395 4286 1595 4337 domimum
1610 4288 1644 4345 E;
1661 4290 1731 4349 Dur·

419 4359 594 4412 cicatricosam
610 4361 629 4409 0
643 4385 670 4394 —
689 4358 713 4410 9.
732 4359 873 4424 aspectibus
889 4363 908 4411 Ρ
923 4387 949 4396 -
968 4360 1073 4411 cohortis
1088 4362 1137 4410 PG
1155 4387 1181 4396 -
1201 4362 1240 4412 40.
1259 4362 1290 4410 iis
1305 4361 1366 4411 PG:
1383 4360 1422 4410 iia
1437 4361 1486 4412 EO
1502 4363 1731 4426 -proposaitPB

422 4459 449 4471 -
463 4436 502 4486 tt.
519 4435 583 4486 iuris
598 4436 728 4486 dictiom
744 4435 826 4488 divise
844 4437 875 4486 P:
896 4435 1121 4486 iurisdictionemo
1135 4461 1162 4472 -
1180 4436 1208 4485 io
1222 4436 1327 4496 tiberem
1341 4436 1464 4486 οίυὸιαιαπ
1479 4437 1512 4496 Ε;
1530 4437 1579 4488 sed
1590 4437 1651 4488 vide
1660 4435 1733 4488 ltad-

419 4512 518 4576 vigium
534 4511 621 4575 opusc.
639 4510 683 4562 att.
701 4522 728 4575 p.
747 4508 762 4561 i
779 4523 820 4575 sq.
841 4537 868 4546 —
888 4509 927 4560 43.
945 4515 1017 4561 esici
1033 4513 1081 4562 PG
1098 4537 1125 4546 -
1144 4511 1259 4562 indiciam
1275 4513 1295 4562 P
1309 4538 1336 4547 —
1355 4511 1395 4562 it.
1412 4513 1539 4575 sicem
1555 4508 1586 4561 θ’
1603 4537 1630 4550 -
1649 4513 1733 4563 odim

419 4587 517 4650 imperii
530 4587 610 4638 nostri
625 4586 659 4638 C:
681 4584 780 4648 impeti
800 4585 879 4634 nostri
895 4585 979 4636 edium
996 4586 1016 4636 0
1037 4612 1070 4623 --
1092 4587 1132 4636 ti.
1150 4584 1275 4640 (4144444444.
1292 4587 1311 4636 Ρ
1329 4584 1417 4647 (tuisse
1433 4585 1537 4636 videtur
1552 4585 1683 4650 memrot)
1701 4613 1729 4623 —

420 4663 461 4714 ii.
483 4662 524 4714 aed
545 4663 607 4724 quio
626 4673 692 4711 cunc
713 4659 765 4710 sice
786 4673 865 4725 supra
881 4672 990 4712 versum
1011 4659 1093 4711 babet
1113 4658 1144 4711 ΡΞ
1166 4687 1193 4696 -
1220 4661 1260 4712 48.
1282 4661 1498 4723 referentiaaimcm
1519 4664 1548 4712 P¹
1566 4689 1593 4698 -
1618 4662 1658 4712 49.
1675 4675 1732 4714 ema

420 4739 498 4788 omnis
513 4736 643 4790 Halmius:
661 4735 756 4786 micis
770 4733 814 4794 P¹;
832 4748 888 4786 cum
904 4733 1021 4787 P²GEO
1039 4760 1066 4771 -
1085 4736 1125 4785 20.
1141 4740 1287 4797 poemiam
1302 4737 1331 4786 Ρι
1349 4763 1377 4774 -
1394 4741 1560 4800 mammem
1573 4751 1631 4800 ors,
1646 4739 1732 4800 repai-

419 4825 474 4864 som
490 4811 633 4878 Madvigius
651 4807 675 4873 (l.
693 4807 710 4860 l.
728 4822 755 4874 p.
772 4811 788 4859 s
805 4809 872 4876 sq.):
890 4807 1114 4872 erempenion‘ore
1132 4811 1208 4873 (more
1224 4811 1251 4874 El
1269 4811 1394 4874 repulsos
1410 4811 1443 4869 ῦς
1462 4817 1640 4874 masma,
1657 4825 1733 4877 seqre

419 4883 1733 4950 rosaceo-tt.reiiqzaP-aatoiiar¹-ss.roemsinop:memineo—comsi-

420 4975 469 5012 sse
484 4957 553 5013 1³¹-
571 4961 612 5014 ti.
631 4959 726 5026 civim]
743 4961 766 5012 ci
782 4973 862 5026 supra
874 4974 981 5013 versum
997 4960 1079 5012 babet
1095 4962 1114 5011 P
1128 4985 1155 4996 -
1171 4974 1219 5023 pro
1234 4961 1333 5010 ezimiir
1348 4959 1491 5024 Madvigius
1509 4960 1534 5025 il.
1546 4959 1563 5012 l.
1576 4975 1602 5027 p.
1616 4963 1639 5012 6.
1653 4963 1731 5026 nti:

418 5035 542 5102 promissis
558 5036 607 5088 CO
625 5063 653 5074 -
670 5036 712 5086 st.
730 5035 756 5087 C.
775 5049 854 5101 supro
870 5049 978 5089 versum
994 5035 1076 5087 behet
1092 5039 1123 5096 P;
1141 5037 1227 5087 omli
1246 5062 1274 5071 -
1292 5036 1411 5100 sospitas
1427 5039 1460 5086 G:
1481 5037 1597 5100 Virpdias
1613 5038 1690 5089 PBO
1704 5065 1732 5076 -

420 5112 461 5164 ss.
478 5111 577 5176 praetio
593 5113 612 5162 P
631 5136 657 5147 —
676 5109 736 5176 tots]
753 5115 788 5162 tot
803 5109 831 5161 P¹
845 5139 872 5148 -
890 5113 931 5164 ΞΡ.
950 5112 976 5162 Τ.
994 5113 1022 5162 li.
1040 5113 1066 5161 P.
1084 5113 1112 5162 1..
1130 5113 1149 5162 P
1168 5110 1209 5174 (et.
1227 5110 1261 5162 ad
1277 5123 1303 5176 p.
1316 5112 1379 5172 832,
1397 5111 1448 5174 i.);
1468 5111 1657 5174 attemptatis
1671 5113 1691 5162 0
1705 5138 1733 5148 -

422 5185 628 5245 stadem
649 5185 1383 5252 commemmimme-peaerisG-at.ioniar¹:
1406 5183 1685 5237 oosmP-cisisi’
1705 5213 1733 5226 ·-

423 5253 594 5316 mermP¹-
611 5259 867 5316 ‹ticcednmeie
884 5261 914 5312 c:
933 5261 1272 5330 commisceremini,
1289 5262 1353 5314 ioO
1371 5286 1399 5300 -
1417 5260 1647 5330 st.prozisiiei³.
