4009 6159
756 601 830 668 cn.
852 603 976 668 1-n1.
1006 601 1052 689 ss
1074 600 1182 668 a-s.
1549 594 1631 663 4444

307 778 387 840 intra
411 773 602 838 domesticos
624 772 779 857 parietes,
802 772 871 838 dico
893 779 981 836 extra
1003 771 1194 837 conientum
1209 778 1242 836 et
1255 791 1326 836 cam
1346 771 1574 855 frequentiam,
1596 768 1631 832 in

307 889 371 954 qua
392 875 550 932 oratorum
572 866 677 930 studia
698 866 756 930 niti
778 866 900 931 solent:
922 866 956 930 in
978 868 1040 931 tuis
1061 865 1176 940 oculis,
1198 866 1310 954 intuo
1332 886 1387 930 ore
1407 863 1561 947 vultuque
1578 882 1631 928 ac·
1741 859 1764 936 3

306 963 455 1048 quiesco,
477 967 508 1024 te
531 981 627 1024 unum
650 961 795 1036 intueor,
817 961 857 1024 sd
879 971 911 1024 te
932 981 1031 1024 unum
1053 961 1156 1024 omnis
1178 979 1248 1024 mea
1269 966 1390 1045 spectat
1406 957 1524 1021 oratio:
1547 975 1630 1038 quae

305 1057 383 1122 mihi
405 1055 445 1119 sd
467 1075 556 1137 spem
579 1054 770 1120 obtinendae
790 1055 929 1118 veritatis
951 1053 1136 1137 gravissima
1158 1062 1248 1128 sunt,
1277 1054 1317 1116 ad
1339 1059 1458 1116 motum
1479 1050 1576 1114 animi
1598 1056 1630 1112 et

306 1149 344 1216 ad
379 1168 505 1214 omnem
537 1149 690 1232 impetum
722 1148 849 1213 dicendi
879 1148 1178 1230 contentionemque
1208 1147 1338 1210 leviora.
1380 1142 1411 1207 6.
1431 1147 1521 1209 Hanc
1543 1143 1652 1207 enims

306 1263 452 1317 causam,
483 1240 516 1305 C.
541 1241 674 1316 Caesar,
703 1242 730 1306 si
752 1243 785 1305 in
806 1243 876 1307 soro
900 1243 1054 1315 dicerem,
1076 1241 1190 1304 eodem
1211 1240 1359 1304 audiente
1381 1248 1413 1304 et
1433 1239 1628 1321 disceptante

305 1346 353 1413 te,
383 1342 532 1420 quantam
554 1335 631 1398 mihi
653 1335 846 1400 alacritatem
874 1337 985 1419 populi
1011 1335 1143 1398 Romani
1173 1354 1343 1398 concursus
1371 1330 1513 1397 aderretl
1547 1329 1627 1406 Quis

305 1432 391 1496 enim
414 1429 491 1494 civis
513 1429 542 1492 ei
564 1429 632 1511 regi
654 1449 720 1492 non
740 1429 874 1508 faveret,
897 1431 986 1494 euius
1009 1448 1135 1492 omnem
1156 1435 1292 1492 aetatem
1312 1427 1346 1490 in
1368 1426 1479 1511 populi
1493 1424 1627 1490 Romani

304 1525 397 1590 bellis
419 1529 637 1606 consumptam
660 1543 729 1588 esse
751 1525 966 1589 meminisset?
997 1523 1179 1606 spectarem
1201 1521 1338 1595 curiam,
1360 1521 1499 1584 intuerer
1515 1518 1628 1592 forum,

304 1619 425 1684 caelum
454 1617 591 1700 denique
621 1624 754 1681 testarer
781 1619 897 1703 ipsum.
940 1618 1009 1692 Sic,
1042 1637 1112 1679 cum
1142 1625 1174 1679 et
1194 1615 1325 1679 deorum
1351 1611 1574 1678 immortalium
1596 1620 1665 1676 etto

305 1710 415 1796 populi
436 1712 568 1775 Romani
584 1717 616 1774 et
638 1719 766 1776 senatus
787 1711 941 1776 beneficia
958 1712 992 1776 in
1007 1730 1113 1794 regem
1127 1711 1311 1774 Deiotarum
1324 1707 1517 1784 recordarer,
1538 1706 1627 1770 nullo

304 1804 399 1869 modo
422 1803 499 1866 mihi
521 1805 632 1868 deesse
654 1813 763 1889 posset
792 1805 903 1870 oratio.
946 1802 976 1868 7.
999 1804 1090 1880 Quae
1112 1805 1263 1888 quoniam
1284 1803 1464 1888 angustiora
1491 1802 1628 1886 parietes

302 1897 423 1962 faciunt
443 1897 589 1980 actioque
611 1897 767 1962 maximae
790 1919 903 1963 causae
924 1899 1108 1962 debilitatur
1129 1898 1211 1973 loco,
1233 1907 1320 1962 tuum
1340 1905 1405 1971 est,
1427 1897 1551 1969 Caesar,
1573 1895 1629 1977 qui

325 2011 360 2054 ro
382 1989 489 2054 multis
511 2011 605 2074 saepe
627 1991 754 2067 dixisti,
777 1992 855 2074 quid
877 1993 953 2056 mihi
976 2013 1061 2056 nunc
1083 1993 1179 2056 animi
1202 1992 1258 2067 sit,
1280 1991 1320 2054 ad
1336 1998 1366 2055 te
1381 1992 1487 2075 ipsum
1500 1988 1628 2061 referre,

294 2013 369 2170 guo
389 2085 514 2150 facilius
536 2106 608 2150 cum
629 2087 773 2170 aequitas
794 2092 849 2150 tua
869 2095 935 2150 tum
957 2086 1108 2151 audiendi
1128 2087 1291 2171 diligentia
1312 2082 1536 2173 minpatlhanc
1555 2095 1666 2165 per-te
1719 2116 1736 2150 κ
1749 2073 1798 2152 ci*

302 2179 516 2243 turbationem
537 2199 648 2243 meam.
792 2231 795 2241 .
886 2173 894 2188 ’

388 2272 450 2336 Sed
472 2281 545 2338 ante
560 2293 656 2357 quam
678 2274 717 2337 de
739 2276 939 2341 accusatione
961 2276 1031 2360 ipsa
1045 2275 1127 2353 dico,
1150 2275 1191 2340 de
1211 2284 1425 2342 accusatorum
1448 2295 1505 2359 spe
1526 2291 1628 2356 pauca

303 2365 422 2442 dicam
454 2366 510 2449 qui
540 2386 611 2430 cum
633 2366 799 2430 rideantur
821 2387 880 2432 nec
903 2371 1032 2454 ingenio
1053 2389 1113 2434 nec
1134 2391 1195 2434 usu
1217 2379 1313 2454 atque
1333 2369 1558 2435 exercitatione
1578 2386 1627 2429 re·

303 2481 374 2524 rum
396 2459 516 2537 valere,
545 2469 650 2524 tamen
680 2460 719 2524 sd
744 2462 826 2526 hano
849 2483 976 2529 causam
998 2485 1064 2528 non
1084 2467 1154 2529 sine
1175 2465 1285 2549 aliqua
1306 2486 1363 2548 spe
1385 2472 1417 2530 et
1437 2457 1627 2547 cogitatione

303 2563 468 2620 venerunt.
511 2556 566 2618 lll.
587 2553 618 2617 8.
640 2557 758 2620 luatum
775 2555 811 2620 'te
831 2560 898 2641 regi
918 2560 1067 2624 Deiotaro
1088 2560 1186 2623 luisse
1207 2580 1273 2623 non
1295 2567 1385 2624 erant
1405 2559 1522 2634 nescii;
1551 2556 1665 2620 ade-n

303 2661 387 2715 ctum
416 2649 506 2712 illum
535 2648 724 2733 quibusdam
749 2652 959 2716 incommodis
987 2660 1020 2717 et
1047 2654 1243 2718 detrimentis
1267 2662 1397 2738 propter
1418 2653 1628 2716 offensionem

301 2746 397 2810 animi
430 2745 479 2808 tui
506 2743 715 2809 meminerant
743 2741 850 2830 [teque
878 2769 948 2812 cum
975 2747 1049 2812 huic
1079 2750 1192 2813 iratum
1221 2757 1287 2813 tum
1316 2750 1376 2813 sibi
1397 2747 1534 2812 amioum
1557 2763 1627 2808 esse

302 2833 547 2924 cognoverant],
580 2858 715 2922 cumque
745 2840 829 2923 apud
859 2841 963 2930 ipsum
992 2850 1024 2905 te
1053 2842 1093 2906 de
1121 2851 1177 2906 tuo
1204 2843 1345 2925 periculo
1367 2841 1525 2915 dicerent,
1558 2839 1626 2901 lore

300 2936 452 3019 putabant
480 2940 517 2996 ut
542 2933 576 2996 iu
606 2933 787 3020 exulcerato
816 2935 922 2998 animo
944 2936 1038 3000 facile
1060 2935 1167 3001 lictum
1189 2938 1308 3000 crimen
1329 2935 1489 3000 insideret.
1523 2935 1626 3009 Quam

303 3029 344 3093 oh
367 3049 432 3092 rem
456 3027 518 3091 hoc
539 3047 599 3090 nos
621 3027 757 3114 primum
780 3037 883 3103 metu,
908 3030 1039 3108 Cacsar,
1061 3052 1116 3115 per
1137 3031 1233 3096 fidem
1249 3039 1282 3095 et
1294 3029 1503 3095 constantiam
1517 3036 1550 3092 et
1564 3027 1663 3090 cle-ss

299 3125 449 3191 mentiam
474 3129 558 3187 trram
581 3121 695 3196 libera,
722 3142 763 3186 ue
785 3123 925 3186 residere
952 3125 987 3188 in
1009 3133 1040 3188 te
1061 3125 1158 3188 ullam
1179 3133 1300 3210 partem
1321 3124 1502 3189 iracundiae
1523 3123 1627 3206 suspi-

300 3238 418 3282 cemur.
455 3220 515 3283 Per
536 3216 698 3280 dexteram
728 3216 820 3282 istam
842 3224 874 3280 te
897 3238 970 3294 oro,
993 3239 1088 3302 quam
1109 3219 1176 3303 regi
1197 3219 1347 3282 Deiotaro
1368 3219 1485 3301 hospes
1505 3216 1625 3301 hospiti

300 3312 487 3398 perrexisti;
510 3313 612 3388 istam,
634 3314 775 3397 inquam,
798 3312 970 3389 dexteram,
992 3332 1059 3376 non
1073 3313 1187 3376 tamin
1208 3313 1418 3396 bellisneque
1439 3314 1473 3376 in
1495 3309 1625 3395 proeliis
1680 3301 1685 3312 ’

365 3655 389 3703 4.
408 3653 551 3703 4444444444
572 3664 627 3702 em.
645 3653 666 3702 G
683 3653 710 3703 et
727 3650 783 3703 Cel.
808 3678 835 3688 -
858 3653 913 3703 dico
924 3653 1048 3703 --444444
1065 3642 1147 3704 ’444444
1167 3652 1311 3704 Arusianus
1332 3665 1358 3716 p.
1376 3650 1426 3702 sss
1442 3652 1470 3701 et
1485 3648 1582 3701 deinde
1598 3651 1626 3700 44

299 3728 529 3790 4444--4444444444
546 3739 572 3791 p.
591 3725 649 3777 sio.
671 3753 698 3762 -
717 3727 742 3777 4.
761 3727 892 3788 4444444444
910 3727 1019 3778 DEGS
1037 3753 1062 3766 -·
1083 3728 1108 3780 3.
1126 3728 1211 3778 intuor
1227 3731 1254 3776 44
1270 3731 1293 3776 44
1309 3726 1345 3787 D;
1363 3726 1536 3784 444444444Βς
1554 3726 1625 3777 cdli
1740 3722 1743 3729 ’

299 3819 358 3870 sup.
376 3804 421 3855 lin.
434 3829 463 3842 ·-
482 3803 562 3853 444444
576 3815 634 3852 meo
651 3803 741 3854 BES:
760 3803 840 3854 444444
856 3815 910 3854 cm.
929 3804 961 3865 Ι),
978 3816 1037 3852 meo
1052 3816 1105 3854 om.
1125 3803 1201 3853 0444
1218 3800 1274 3853 Col.
1292 3800 1379 3852 schol.
1400 3827 1428 3838 -
1446 3801 1536 3852 444444.
1555 3802 1626 3863 ocae

299 3884 362 3934 0—
385 3879 410 3931 4.
428 3879 576 3941 optinendae
592 3879 653 3928 G-
670 3877 815 3941 4444444444
831 3878 851 3928 Ε
868 3891 908 3942 pr.
928 3891 965 3929 m.
981 3906 1008 3916 —
1026 3879 1058 3943 44]
1076 3879 1246 3930 4444444408
1267 3902 1296 3953 ⁸.
1312 3878 1337 3928 c.
1354 3877 1472 3940 4444444444
1488 3876 1621 3926 4444)-

299 3961 365 4011 enim
380 3969 435 4008 cm.
453 3957 474 4006 R
494 3982 521 3992 -
544 3955 569 4004 6.
586 3967 693 4004 44444444
709 3953 736 4004 0.
755 3955 851 4006 eaeor
867 3955 905 4004 C:
932 3954 959 4004 0.
978 3954 1071 4005 044444
1091 3967 1197 4005 44444444
1213 3953 1320 4004 40440
1338 3959 1366 3987 -“
1388 3953 1412 4002 i.
1430 3951 1540 4015 44444444
1555 3953 1577 4001 G
1595 3977 1624 3987 -

298 4035 323 4087 8.
341 4036 364 4085 44
385 4033 439 4096 rogi
461 4031 522 4082 RF:
549 4030 629 4081 44444
651 4032 685 4088 G,
710 4030 802 4080 44444.
822 4031 841 4081 0
865 4029 922 4093 (sed
938 4030 965 4080 in
981 4031 1001 4080 E
1018 4030 1100 4080 44444
1116 4041 1175 4093 sup.
1194 4028 1251 4090 tin.)
1270 4054 1297 4064 -
1322 4029 1446 4092 4444444)
1465 4055 1493 4066 -
1519 4031 1627 4078 44444444

255 4129 260 4146 ·
298 4121 395 4160 cnecon
415 4107 442 4156 44
458 4119 481 4156 r.
497 4119 524 4169 p.
542 4103 610 4155 444444
627 4105 644 4155 F
672 4132 699 4142 -
727 4105 767 4155 40.
786 4118 842 4156 sum
860 4106 880 4156 44
903 4129 931 4140 -
959 4109 983 4154 44
998 4103 1051 4155 duo
1073 4105 1161 4168 priora
1178 4117 1232 4155 om.
1251 4106 1287 4163 G;
1314 4108 1338 4154 44
1353 4105 1469 4167 primum
1485 4115 1540 4154 cm.
1559 4103 1575 4152 F
1595 4128 1621 4138 -

299 4185 339 4234 tt.
357 4181 471 4246 4444444444
488 4181 508 4231 44
527 4207 553 4216 -
572 4181 600 4229 ia
615 4193 673 4243 repe
688 4181 809 4230 Deiotaro
826 4179 875 4228 GF
895 4203 921 4216 -·
941 4179 982 4228 44.
999 4178 1131 4230 mittem.
1150 4179 1172 4228 D
1191 4204 1218 4214 -
1238 4180 1358 4241 44444444
1373 4180 1459 4230 urnii
1478 4204 1505 4214 -
1524 4177 1565 4228 43.
1581 4177 1625 4240 so-

299 4256 552 4320 accipenseres
569 4279 597 4290 —
616 4255 747 4306 4444444444
762 4268 855 4306 cousus
870 4255 940 4304 mei:
966 4267 1059 4304 4444444
1073 4255 1185 4305 44444444
1201 4255 1222 4305 0
1241 4281 1266 4292 -
1286 4267 1336 4305 4444
1352 4256 1373 4305 G
1390 4281 1419 4291 -
1437 4253 1478 4306 44.
1496 4254 1551 4304 disi
1568 4250 1623 4304 Col.

301 4333 384 4394 -qot
401 4332 462 4381 0-
480 4342 547 4379 nuuc
563 4330 697 4380 4444440-
717 4331 756 4380 tt.
774 4343 832 4379 cum
848 4331 926 4382 EFG
943 4333 970 4382 et
985 4332 1006 4383 B
1021 4344 1106 4382 corn:
1124 4336 1178 4382 44444
1192 4330 1322 4392 B¹Slt0;
1340 4331 1456 4381 4444444)
1471 4355 1498 4366 -
1517 4328 1627 4390 444444

299 4419 352 4458 om.
371 4407 389 4456 44
409 4431 437 4442 -
456 4405 497 4454 48.
516 4403 599 4452 duom
615 4416 668 4453 om.
682 4405 700 4454 44
715 4429 742 4442 -
761 4417 839 4466 neque
855 4405 953 4469 ingenio
969 4419 1048 4468 444444
1063 4421 1113 4457 ruo
1128 4408 1207 4458 (4440
1221 4433 1247 4443 -
1266 4421 1315 4458 osu
1329 4419 1417 4458 4444444
1431 4403 1624 4467 summersit

298 4481 366 4531 coni.
385 4479 504 4538 Ernesti;
532 4478 654 4527 Garatoni
674 4491 760 4530 444444
781 4492 830 4544 pro
852 4478 1012 4542 glossemate
1035 4480 1118 4532 hebet
1134 4480 1193 4532 coll.
1211 4494 1237 4545 p.
1257 4479 1359 4533 Cluent.
1378 4477 1442 4544 §tt
1458 4478 1536 4530 etde
1552 4479 1624 4530 Orat.

299 4556 347 4617 444,
366 4554 381 4618 5
399 4554 440 4604 77.
461 4578 488 4589 -·
509 4552 547 4602 ic.
567 4553 703 4616 4444444444
719 4554 742 4604 D
760 4579 788 4590 -
807 4555 848 4604 20.
867 4555 982 4606 44444444
998 4557 1054 4620 regi
1068 4558 1090 4607 44
1103 4579 1130 4593 ·-
1149 4558 1266 4619 affectam
1282 4557 1373 4608 GRF:
1391 4555 1514 4619 amictum
1529 4555 1549 4605 C
1566 4552 1624 4606 Col.

297 4628 401 4689 Schol.;
426 4630 454 4679 at
470 4627 503 4678 44.
522 4628 608 4678 Madv.
627 4626 644 4678 l.
663 4641 686 4678 c.
705 4629 741 4690 11,
760 4641 786 4694 p.
805 4629 861 4680 308.
881 4653 909 4666 ·-
932 4631 973 4680 44.
992 4635 1288 4695 44444--44444444444
1303 4643 1366 4682 cum
1382 4629 1624 4695 1444444044,

297 4720 324 4771 p.
344 4705 401 4768 448)
417 4702 584 4756 seclusimus.
606 4730 633 4740 -
660 4717 711 4754 4444
727 4716 781 4754 om.
800 4705 820 4754 0
840 4729 866 4742 -·
894 4705 934 4755 23.
953 4707 1066 4768 quodque
1088 4707 1138 4756 044
1163 4733 1190 4744 -
1215 4707 1284 4768 opud
1304 4711 1327 4756 44
1342 4707 1425 4769 pesa
1440 4706 1458 4756 F
1476 4706 1503 4756 44
1519 4704 1575 4757 044.
1595 4731 1623 4742 -

296 4776 1295 4845 444440-44.444’444444.44-444444444444444-44444444440-
1316 4780 1621 4845 4444441444κῦ-

296 4861 363 4906 oreas
388 4855 483 4906 044444
497 4856 634 4906 14440448
651 4852 754 4905 schol:
779 4854 873 4908 ,044444
887 4859 955 4905 nutu
971 4855 990 4906 E
1007 4853 1098 4915 solus;
1121 4861 1189 4907 444444
1208 4856 1234 4908 0.
1254 4856 1349 4908 oceo
1364 4857 1412 4907 1²0
1429 4881 1457 4892 -
1475 4862 1560 4920 44444
1574 4859 1625 4910 444-

296 4929 553 4982 4444444ωοΕὸ-
576 4930 860 4980 40.444444444.44-
887 4931 1625 4995 44444-44444444444444444444-444444444444444

299 5034 326 5043 -
344 5006 386 5056 st.
404 5006 499 5054 ier·-
510 5017 555 5054 444
572 5005 599 5054 44
613 5017 664 5053 nec
680 5004 927 5068 tumultuatores
942 5005 1021 5055 444444
1037 5005 1203 5070 Eugraplstus
1219 5005 1255 5056 ad
1271 5007 1330 5058 Ter.
1347 5005 1430 5057 Andr.
1448 5008 1472 5066 4,
1491 5008 1519 5068 e,
1537 5005 1578 5058 444.
1593 5034 1622 5044 -

292 5096 340 5146 per
361 5083 429 5132 44444.
452 5081 527 5130 444444
547 5083 571 5129 to
592 5079 722 5129 BEFGS
746 5081 773 5130 et
795 5077 848 5130 Col.
878 5079 935 5142 (sed
951 5081 968 5130 S
986 5081 1116 5142 4444444444,
1141 5083 1159 5131 F
1181 5080 1277 5143 4444444
1295 5095 1343 5143 per
1360 5082 1436 5132 444444
1459 5084 1526 5134 dect.
1544 5084 1622 5143 44ος

292 5171 341 5221 per
357 5158 424 5207 44444.
443 5161 514 5204 tuom
529 5159 553 5205 44
569 5156 589 5206 ii
606 5167 668 5205 com
685 5155 847 5219 Eugrophio;
862 5169 911 5217 per
927 5157 994 5206 dect.
1008 5161 1032 5206 44
1046 5157 1168 5216 iamim
1181 5169 1230 5219 per
1245 5163 1269 5208 44
1283 5159 1351 5209 dext.
1363 5158 1517 5210 4444444444.
1531 5156 1621 5218 Orellt;

291 5243 340 5293 per
362 5225 429 5281 4444.
447 5230 521 5280 utem
544 5233 613 5278 444444
634 5227 739 5280 44444444
763 5241 795 5280 ex
812 5230 940 5280 memoris
958 5231 1021 5280 44444
1037 5229 1189 5284 Rufinianus
1206 5232 1241 5282 dc
1258 5232 1301 5298 dg.
1320 5236 1389 5285 sent.
1407 5234 1423 5298 5
1439 5234 1480 5284 46.
1501 5260 1528 5270 -
1546 5235 1622 5284 reid

296 5331 324 5342 -
342 5305 383 5356 48.
401 5303 671 5368 444444--44444444444
686 5302 768 5356 habet
786 5305 868 5356 Prisc.
886 5305 911 5368 4,
929 5317 956 5370 p.
975 5303 1037 5370 444,
1058 5305 1105 5357 nbi
1121 5305 1242 5360 lirehlius
1263 5321 1296 5360 ex
1313 5307 1391 5361 codd.
1410 5308 1475 5360 dett.
1493 5309 1619 5371 44444444,
