4009 6159
608 568 680 637 cn.
704 569 1043 637 axam-xxxiv.
1067 566 1115 653 ss
1136 565 1285 635 so-se.
1542 561 1605 631 aaa

288 742 379 827 penio
403 740 625 825 subscriptoris
646 740 703 805 tui.
725 739 818 817 Quod
833 740 965 806 ornabat
984 740 1079 803 lacile
1100 738 1214 815 locum,
1230 758 1325 824 quem
1339 738 1559 823 prebendemt,
1573 745 1607 801 ot

286 844 375 903 acute
396 841 494 899 testes
507 835 720 917 interrogabat
734 841 788 899 aut
802 832 821 869 *
834 834 868 912 *,
890 834 1026 898 sortasse
1039 833 1167 897 fecisset
1180 842 1216 899 ut
1231 842 1267 897 tu
1281 852 1322 895 ex
1335 832 1446 917 populi
1460 850 1606 895 sermono

287 928 460 995 excideres.
487 927 613 1001 ‚Idcirco
626 930 800 994 Decianum
814 928 837 1009 †
852 948 954 1012 usque
974 929 1015 991 ad
1029 948 1178 992 coronam
1192 926 1382 1011 applicuisti.
1405 924 1480 1000 Sed,
1495 932 1532 988 ut
1543 924 1607 987 hoc

285 1022 459 1089 verisimile
479 1031 545 1097 est,
565 1022 652 1087 baud
672 1023 739 1087 veri
762 1022 864 1087 simile
886 1030 934 1087 est
954 1023 1128 1086 Decianum
1148 1042 1168 1087 a
1188 1023 1300 1085 Flacco
1322 1039 1392 1084 esse
1412 1027 1606 1104 corruptum.

285 1114 335 1180 83.
357 1118 405 1181 lta
426 1117 539 1181 scitote
560 1136 630 1185 esse
652 1123 766 1192 catera,
786 1118 874 1182 velut
894 1116 980 1200 quod
1001 1115 1046 1180 ait
1066 1116 1220 1180 Lucceius
1241 1115 1277 1177 L.
1291 1115 1439 1179 Flaccum
1457 1114 1517 1178 sibi
1532 1113 1631 1183 darer

286 1210 427 1295 cupisse,
448 1214 485 1273 nt
504 1230 525 1274 a
544 1210 608 1275 fide
631 1231 666 1275 se
687 1211 872 1285 abduceret,
895 1212 1075 1275 sestertium
1096 1211 1226 1275 viciens.
1268 1210 1309 1273 Et
1330 1229 1402 1275 eum
1423 1216 1458 1273 tu
1479 1228 1608 1273 accusas

286 1302 445 1378 avaritiae,
467 1324 564 1387 quem
587 1305 664 1369 dicis
678 1306 859 1369 sestertium
872 1305 991 1369 viciens
1006 1304 1145 1369 voluisse
1160 1303 1316 1388 perdere?
1337 1305 1416 1367 Nam
1431 1301 1509 1387 quid
1523 1322 1608 1367 eme·

285 1401 354 1475 bat,
376 1419 450 1464 oum
471 1406 502 1463 te
525 1398 669 1463 emebat?
699 1398 741 1463 Ut
760 1400 801 1463 ad
823 1420 857 1463 se
878 1398 1051 1463 transires?
1080 1420 1175 1483 wem
1195 1406 1318 1482 partem
1339 1416 1453 1461 causae
1474 1396 1532 1460 tibi
1553 1396 1609 1460 da·

285 1496 412 1557 remus?
445 1494 496 1559 an
524 1501 560 1557 ut
588 1494 771 1558 enuntiares
801 1492 932 1558 consilia
953 1492 1075 1556 Laelii?
1105 1493 1161 1577 qui
1182 1500 1279 1557 testes
1301 1491 1341 1555 ab
1362 1511 1401 1554 eo
1421 1490 1607 1574 prodirent?

287 1586 395 1664 Quid?
417 1605 477 1653 nos
498 1608 563 1651 non
584 1587 788 1651 videbamus?
818 1587 967 1651 Habitare
987 1589 1073 1650 nna?
1106 1587 1188 1662 Quis
1202 1587 1263 1651 hoc
1278 1586 1400 1650 noscit?
1423 1583 1560 1647 Tabulas
1574 1583 1647 1653 into

288 1679 388 1745 Laelii
409 1687 565 1765 potestate
585 1680 706 1745 luisse?
736 1683 818 1745 Num
847 1680 978 1745 dubium
1006 1684 1077 1746 est?
1110 1683 1159 1745 dn
1184 1702 1225 1745 ne
1246 1681 1466 1755 vehementer,
1493 1699 1534 1742 no
1556 1698 1610 1742 co-

288 1779 378 1862 piose
407 1778 596 1841 accusares?
628 1777 718 1839 Nunc
745 1774 823 1839 iacis
850 1775 1077 1859 suspicionem:
1105 1776 1149 1839 ita
1179 1778 1264 1841 enim
1285 1774 1413 1850 dixisti,
1445 1780 1482 1837 ut
1502 1772 1608 1837 nescio

289 1870 367 1956 quid
388 1891 408 1935 a
427 1878 460 1937 te
481 1870 681 1953 impetratum
703 1888 773 1933 esse
793 1870 949 1935 videatur.

372 1964 520 2029 XXXIV.
540 1959 592 2025 8t.
614 1965 655 2027 at
676 1966 759 2028 enim
780 1964 923 2028 Androni
942 1963 1075 2029 Sextilio
1089 1965 1193 2047 mavis
1209 1964 1326 2029 iniuria
1336 1963 1423 2029 facta
1436 1972 1485 2029 est
1499 1972 1532 2028 et
1544 1985 1609 2029 non

287 2060 435 2135 ferenda,
466 2055 569 2142 quod,
598 2078 670 2121 cum
699 2066 784 2122 emet
804 2060 872 2123 eius
893 2078 975 2123 uxor
996 2058 1121 2123 Velen'a
1141 2060 1289 2123 intestato
1310 2066 1452 2135 mortua,
1478 2059 1525 2123 sic
1546 2060 1647 2142 agitas

288 2177 357 2223 eam
377 2174 445 2220 rem
467 2152 613 2228 Flaccus,
635 2153 726 2236 quasi
747 2151 788 2216 ad
808 2154 911 2236 ipsum
931 2151 1090 2216 hereditas
1111 2155 1292 2237 pertineret.
1324 2153 1362 2216 ln
1383 2173 1448 2238 quo
1464 2153 1543 2238 quid
1560 2174 1611 2217 re-

287 2247 484 2337 prehendas,
506 2246 587 2311 scire
609 2246 714 2329 cupio.
756 2246 851 2321 Quod
874 2246 987 2309 falsum
1007 2246 1203 2313 intenderit?
1234 2247 1298 2324 Qui
1319 2248 1437 2311 doces?
1459 2250 1610 2331 Ingenua,

287 2346 408 2431 inquit,
435 2340 506 2405 luit
542 2338 569 2403 Ο
591 2340 729 2422 peritum
755 2339 832 2405 iuris
853 2340 1032 2403 hominem?
1063 2339 1171 2416 Quid?
1199 2342 1240 2405 ab
1260 2343 1407 2424 ingenuis
1427 2342 1611 2407 mulieribus

287 2436 481 2504 hereditates
501 2434 572 2517 lege
593 2453 658 2498 non
678 2434 834 2497 veniunt?
855 2434 893 2498 ln
913 2453 1057 2508 manum,
1077 2435 1196 2518 inquit,
1217 2442 1419 2501 convenerat
1450 2440 1543 2501 Nunc
1556 2457 1612 2501 au-

288 2533 359 2611 dio3
382 2530 438 2594 sed
460 2548 596 2613 quaero,
618 2548 679 2593 usu
700 2548 741 2591 an
755 2529 976 2612 coemptione?
1009 2529 1074 2591 Usu
1088 2549 1154 2592 non
1172 2532 1291 2615 potuit:
1313 2531 1493 2595 nibilenim
1507 2539 1649 2615 potestao

289 2628 328 2692 de
349 2624 451 2691 tutela
464 2623 602 2707 legitima
615 2622 677 2686 nisi
693 2623 834 2687 omniurn
848 2631 986 2687 tutorum
1001 2624 1186 2688 auctoritato
1200 2626 1350 2690 deminui.
1383 2626 1611 2708 Coimptione?

290 2721 445 2787 Omnibus
473 2737 548 2801 ergo
578 2718 776 2793 auctoribus,
808 2715 842 2779 in
871 2717 987 2801 quibus
1016 2724 1102 2781 certe
1129 2720 1276 2783 Flaccum
1303 2720 1402 2784 brisso
1429 2739 1493 2783 non
1514 2720 1611 2783 dices.

289 2815 341 2881 85.
363 2812 565 2896 Relinquitur
584 2812 681 2887 illud,
712 2810 797 2895 quod
818 2811 986 2875 vociferari
1006 2831 1072 2876 non
1093 2814 1230 2889 destitit,
1259 2835 1325 2880 non
1346 2816 1509 2890 debuisse,
1539 2834 1611 2877 cum

290 2916 417 2996 praetor
448 2913 549 2980 asset,
577 2925 669 2970 suum
698 2905 861 2987 negotium
887 2924 981 2988 agere
1002 2914 1058 2969 aut
1078 2907 1271 2972 mentionem
1291 2909 1395 2973 iacere
1415 2909 1611 2973 hereditatis.

289 3004 444 3069 Maximus
466 3000 561 3065 audio
583 3000 657 3074 tibi,
679 2999 716 3062 L.
731 2999 880 3073 Luculle,
901 3002 957 3083 qui
979 3000 1020 3064 de
1034 3000 1069 3063 L.
1083 3001 1197 3064 Flacco
1219 3004 1409 3067 sententiam
1429 3004 1550 3068 laturus
1565 3019 1647 3080 aare

289 3116 347 3182 pro
377 3102 433 3159 tua
461 3094 578 3159 eximia
604 3093 790 3158 liberalitate
811 3094 1022 3178 maximisque
1042 3091 1206 3159 beneficiis
1226 3098 1262 3161 in
1281 3104 1355 3162 tuos
1373 3099 1500 3163 venisse
1519 3098 1612 3162 bero·

288 3191 421 3263 ditates,
442 3208 515 3251 cum
535 3189 643 3253 Asiam
664 3188 859 3272 provinciam
880 3187 1038 3251 consumi
1058 3189 1191 3272 irnperio
1213 3192 1392 3258 obtineres:
1413 3193 1441 3257 si
1462 3194 1535 3278 quis
1557 3215 1611 3260 eas

288 3304 362 3350 suas
384 3302 454 3346 esse
477 3281 629 3358 dixisset,
657 3281 890 3345 concessisses?
924 3284 989 3356 Tu,
1016 3284 1053 3345 Τ.
1074 3283 1177 3359 Vetti,
1206 3286 1235 3348 si
1263 3305 1346 3370 quae
1370 3288 1430 3352 tibi
1450 3288 1485 3352 in
1505 3289 1611 3353 Africa

289 3378 412 3442 venerit
438 3376 615 3452 hereditas,
648 3397 708 3440 usu
735 3374 872 3451 amittes,
905 3396 947 3439 an
973 3384 1064 3441 tuum
1089 3377 1178 3442 nulla
1198 3381 1331 3444 avmitia
1351 3381 1438 3447 salva
1459 3384 1610 3467 dignitate

288 3470 464 3539 retinebis?
491 3470 533 3555 At
552 3470 645 3535 istius
667 3468 851 3534 hereditatis
872 3472 934 3534 iam
956 3470 1093 3534 Globulo
1115 3480 1260 3555 praetore
1280 3474 1385 3540 Flacci
1406 3479 1535 3541 nornine
1555 3493 1648 3561 peeo

288 3567 347 3635 tita
366 3565 526 3650 possessio
548 3567 711 3647 est(Non
732 3564 828 3647 igitur
848 3564 1030 3649 impressio,
1052 3586 1117 3629 non
1130 3567 1266 3644 occasio,
1287 3588 1353 3631 non
1366 3570 1431 3646 vis,
1452 3589 1518 3633 non
1532 3577 1612 3634 tem

288 3682 367 3748 pus,
388 3680 453 3725 non
473 3660 657 3745 imperium,
683 3678 748 3723 non
769 3676 896 3721 secures
918 3656 959 3721 ad
980 3658 1130 3723 iniuriam
1149 3660 1328 3727 faciendam
1346 3663 1452 3729 Flacci
1471 3664 1611 3731 animum

354 3934 379 3985 4.
396 3932 472 4001 facte
487 3933 506 3983 B
524 3932 552 3982 et
561 3931 707 3995 Naugerius
719 3945 724 3979 :
741 3930 825 3995 secere
836 3932 924 3993 Crat.;
940 3931 1021 3995 facete
1036 3930 1086 3981 to
1096 3958 1124 3968 -
1142 3931 1168 3982 2.
1181 3930 1353 3998 sampson
1368 3940 1415 3985 sest
1423 3934 1441 3969 ³*
1449 3935 1491 3986 ed.
1505 3936 1614 3990 Cratan-

289 4012 378 4064 drina:
400 4006 573 4074 teterropobot
593 4012 639 4058 out
658 4006 857 4057 cireraoaentebot
876 4018 938 4056 cum
956 4002 999 4054 ed.
1018 4004 1182 4069 Hervegiena
1198 4006 1253 4057 rt.
1280 4005 1383 4059 Deleri?
1399 4015 1444 4061 oet
1460 4012 1487 4060 et
1502 4007 1613 4065 lacunae

287 4090 393 4152 signum
408 4082 524 4137 Klotzlus
540 4085 567 4135 in
584 4084 627 4135 ed.
646 4084 728 4136 altera
745 4085 854 4136 Ravtum
871 4082 888 4135 l.
906 4082 924 4134 l.
943 4084 1062 4133 secutus.
1081 4107 1109 4116 -
1132 4081 1238 4144 sortasse
1248 4106 1286 4119 --
1296 4084 1423 4134 madae:
1437 4085 1569 4137 Manutius
1585 4089 1613 4139 in

289 4160 487 4215 Commonten'o
504 4160 562 4223 (nisi
573 4158 645 4225 quod
662 4166 689 4211 tu
700 4159 811 4225 omisit):
828 4160 935 4223 [mosae
949 4158 1041 4222 fecistis
1057 4161 1080 4208 ct
1095 4160 1123 4207 ta
1138 4160 1162 4207 at
1173 4156 1261 4219 papea
1276 4170 1387 4209 more
1402 4161 1530 4223 mipace
1540 4162 1610 4214 Crat.

287 4240 322 4300 ὓς
339 4235 541 4302 immerserint?
556 4241 579 4287 et
595 4240 623 4287 to
638 4241 663 4287 ot
674 4236 761 4301 populi
777 4250 857 4287 :eom
872 4250 904 4287 oe
919 4235 1047 4297 sempera
1062 4244 1126 4284 curn
1142 4232 1185 4283 ed.
1200 4232 1351 4285 ltmutiene
1366 4234 1399 4295 F?
1416 4236 1522 4299 tortosae
1536 4238 1615 4301 sactu?

288 4320 312 4366 at
327 4317 356 4365 ot
369 4310 457 4375 pepedi
472 4323 608 4363 urnwaem
623 4312 749 4375 maeres
765 4312 792 4363 4..
819 4312 859 4363 De
870 4309 964 4361 ‘verbis
981 4310 1096 4372 acccipere
1106 4309 1134 4359 et
1148 4309 1262 4359 eeddm
1278 4310 1347 4360 inter
1363 4323 1394 4363 se
1410 4313 1567 4375 permutatis
1579 4312 1613 4366 ci.

287 4402 316 4454 p.
330 4387 378 4438 titt
393 4400 420 4437 v.
433 4383 474 4451 44,
487 4386 522 4436 de
540 4385 620 4437 domo
636 4400 685 4438 sua
701 4386 716 4450 ἓ
734 4388 775 4438 et.
790 4414 818 4423 -
842 4386 867 4437 4.
884 4386 953 4435 baad
969 4386 1054 4435 Cret:
1078 4384 1115 4434 tte
1137 4384 1205 4433 baad
1224 4396 1286 4435 cum
1308 4383 1352 4435 ed.
1370 4386 1534 4450 Hervagtana
1551 4388 1613 4450 FL3

290 4463 344 4527 [ito]
360 4462 431 4512 baud
446 4462 466 4512 0
484 4488 512 4498 -
532 4466 567 4513 eat
582 4464 643 4513 ante
660 4476 686 4513 v.
704 4463 844 4514 bosonem
859 4473 908 4512 nos
925 4458 1084 4510 addidimus.
1106 4486 1133 4495 —
1151 4460 1176 4509 5.
1194 4459 1278 4511 secere
1295 4460 1381 4511 Crat:
1403 4462 1499 4524 scitota
1524 4462 1617 4513 tedae:

290 4550 353 4590 oum
370 4535 414 4588 ed.
428 4536 591 4601 Hervegiana
608 4536 684 4587 rto
703 4564 730 4574 -
747 4542 830 4588 cetero
846 4536 1005 4599 Naugerius:
1029 4539 1098 4585 certo
1114 4532 1185 4585 Cret.
1202 4535 1232 4585 ln
1248 4534 1301 4585 bac
1315 4548 1382 4586 voce
1399 4535 1496 4588 desinit
1508 4538 1616 4589 Peutin-

290 4614 347 4678 gerl
363 4610 586 4677 supplementum.
600 4636 628 4648 —
645 4612 712 4663 celat
723 4625 786 4673 nos:
803 4613 842 4663 oet
853 4612 979 4661 ceteri.-·
991 4610 1097 4660 Laertae
1107 4610 1154 4661 SA
1167 4636 1195 4645 -
1214 4610 1239 4660 6.
1251 4623 1269 4660 c
1279 4623 1333 4662 om.
1347 4613 1394 4663 SA
1406 4638 1433 4648 -
1448 4614 1472 4664 6.
1486 4615 1512 4666 et
1523 4613 1548 4663 4.
1561 4626 1617 4663 aaa>

290 4690 392 4742 tersitem
408 4688 425 4738 S
443 4714 471 4725 —
489 4686 754 4752 litsom--piodore
771 4688 826 4752 (sic)
844 4686 961 4739 bebetli
981 4714 1010 4723 -
1027 4687 1052 4736 ’4.
1070 4687 1180 4747 dteaaS3
1199 4687 1281 4737 ἀίσσω
1296 4688 1356 4738 B-
1375 4688 1400 4739 8.
1418 4691 1616 4752 qaosportesl.

293 4792 321 4803 -
340 4766 364 4817 o.
383 4764 422 4816 Aa
436 4768 466 4815 et
481 4764 624 4815 manumet
640 4764 702 4828 eet]
728 4764 807 4815 Recte
829 4764 908 4814 totius
930 4762 1009 4812 huius
1029 4759 1080 4811 loci
1100 4761 1276 4826 interpunctio
1292 4760 1407 4813 debean
1420 4762 1550 4828 iladvigio
1567 4765 1615 4828 Ep.

291 4843 348 4895 crit.
365 4854 392 4907 p.
405 4838 447 4892 et.
466 4866 493 4877 -
512 4840 553 4891 44.
570 4839 646 4905 Nea]
663 4854 714 4891 ooo
730 4841 804 4890 SAF
823 4867 850 4877 -
869 4839 910 4888 tr.
927 4836 1086 4899 suspitionem
1102 4836 1120 4884 S
1137 4860 1165 4871 -
1185 4834 1226 4886 43.
1244 4850 1261 4887 o
1281 4841 1304 4888 te
1325 4837 1414 4887 STA:
1437 4839 1480 4889 oba
1501 4840 1617 4891 esto

295 4944 322 4975 ,-
341 4914 382 4968 44.
399 4916 499 4967 castello
519 4915 550 4976 S;
577 4916 690 4967 Seatsllto
705 4915 727 4966 B
747 4915 772 4966 in
790 4912 981 4965 commentario
1001 4911 1037 4962 ed
1052 4924 1079 4961 v.
1095 4911 1136 4963 20.
1158 4938 1185 4948 -
1212 4913 1253 4962 aa.
1270 4912 1389 4963 intestato
1409 4912 1456 4963 SA
1477 4940 1505 4951 -
1531 4914 1572 4964 ta.
1590 4913 1618 4964 ic

291 4992 471 5045 meost-
488 4990 626 5054 aqueas
645 5016 673 5027 -
691 4992 731 5041 20.
750 4987 1104 5052 enomsprmatr-
1121 4986 1612 5049 Ntta'tpoteat—-demtautbabetb-

292 5070 334 5121 2l.
346 5068 439 5118 stetit:
457 5068 510 5118 aas
524 5068 615 5118 ceteri.
635 5066 673 5117 Cl.
686 5064 853 5127 Wesenberg
874 5062 908 5113 ad
932 5076 970 5113 or.
988 5073 1015 5126 p.
1033 5061 1118 5113 Sestio
1134 5075 1161 5127 p.
1178 5063 1204 5113 e.
1223 5088 1251 5098 -
1270 5062 1390 5127 moran]
1406 5067 1538 5113 occanere
1554 5063 1614 5112 F-

292 5136 1168 5206 ar.0matosaerpotoeertacaaeertoaet-aatttooom.s
1194 5162 1223 5175 -
1246 5136 1444 5189 meamet?-
1470 5138 1617 5192 aeaeae

294 5220 359 5271 eso
375 5220 464 5270 Ftocoo
480 5218 538 5269 S—
556 5218 598 5268 28.
615 5222 643 5267 to
659 5218 701 5271 tite
717 5218 775 5272 S-
796 5214 861 5271 Vetti
877 5214 926 5267 AF
941 5240 967 5251 -
986 5226 1051 5277 quoe
1066 5212 1124 5263 S'l':
1142 5225 1194 5276 pec
1209 5213 1355 5265 4440-
1374 5211 1465 5265 abac
1481 5212 1618 5279 (siclisttar

294 5320 333 5335 ··
339 5295 460 5360 pomae
475 5298 511 5347 eat
527 5290 609 5347 habet
624 5294 652 5347 B.
