4009 6159
682 546 755 610 Cre.
777 545 958 611 Vl-Vlll.
985 543 1032 629 §S
1054 541 1199 611 tt-et.
1541 539 1603 606 865

279 715 348 792 cia,
375 715 481 798 leges,
510 715 679 779 concordia
705 715 833 799 populi,
863 723 991 780 senatus
1023 716 1195 780 auctoritas
1215 733 1338 778 mecum
1360 714 1454 779 simul
1474 713 1606 779 reducta

277 791 549 907 videantur,)sive
572 816 698 892 egomet
719 809 840 893 aliquid
863 810 1002 874 adventu
1024 830 1112 884 meo,
1134 809 1283 885 consilio,
1310 811 1511 884 auctoritate,
1534 810 1607 873 dili·
1711 818 1794 888 A&

277 906 384 987 gentia
405 925 463 988 pro
486 912 574 968 tanto
595 901 750 968 heneficio
772 904 884 987 populi
906 905 1041 968 Romani
1060 910 1220 987 praestare
1243 903 1354 980 dehui,
1374 911 1512 987 praesto,
1532 924 1607 988 pro·

276 999 385 1073 mitto,
415 998 575 1084 spondeo:
601 999 679 1062 nihil
703 1000 773 1062 dico
797 997 949 1082 amplius:
978 998 1056 1073 hoc,
1086 998 1171 1081 quod
1201 999 1278 1062 satis
1299 1004 1348 1062 est
1367 998 1442 1062 huic
1462 997 1606 1080 tempori,

277 1092 368 1169 dico,
396 1113 464 1156 rem
494 1091 652 1177 publicam
680 1111 823 1155 annonae
852 1092 980 1155 nomine
1006 1093 1040 1154 in
1070 1091 1103 1154 id
1126 1091 1312 1167 discrimen,
1341 1113 1407 1177 quo
1428 1092 1631 1165 souchetum

276 1205 342 1250 non
365 1207 437 1251 csse
460 1194 634 1252 venturam.
678 1187 763 1248 Vlll.
786 1180 836 1247 l8.
858 1187 941 1248 Num
963 1185 1060 1268 igitur
1081 1185 1115 1248 in
1133 1185 1195 1249 hoc
1211 1183 1327 1261 officio,
1343 1187 1430 1271 quod
1443 1185 1505 1248 fuit
1518 1204 1609 1270 prae·

276 1281 372 1364 cipue
401 1301 523 1355 meum,
550 1281 705 1343 sententia
733 1300 803 1344 mea
830 1279 1101 1364 reprehenditur?
1141 1281 1220 1343 llem
1250 1280 1419 1344 maximam
1447 1279 1546 1342 irrisae
1576 1284 1609 1341 et
1678 1342 1683 1356 ,

276 1377 393 1439 summi
415 1374 548 1460 periculi
570 1394 635 1438 nou
658 1375 760 1438 solum
783 1393 802 1436 a
822 1373 923 1448 fame,
947 1372 1002 1436 sed
1026 1375 1119 1437 etiam
1142 1394 1161 1437 a
1183 1373 1299 1449 caede,
1321 1373 1495 1450 incendiis,
1516 1373 1610 1437 vasti-

276 1475 358 1544 tate,
380 1487 474 1533 nemo
496 1473 608 1551 negat,
631 1487 703 1532 cum
725 1467 765 1531 ad
782 1487 907 1530 causam
924 1467 1064 1531 caritatis
1079 1467 1242 1531 accederet
1257 1470 1319 1532 iste
1334 1468 1512 1551 speculator
1526 1487 1610 1531 com·

277 1563 423 1626 munium
444 1564 663 1637 miseriarum,
686 1563 742 1645 qui
764 1582 889 1645 semper
910 1582 950 1624 ex
971 1560 1018 1624 rei
1039 1562 1186 1645 puhlicae
1207 1563 1299 1626 malis
1315 1562 1444 1626 sceleris
1465 1562 1648 1626 suiiacesto

277 1655 503 1720 inflammaret:
529 1664 624 1739 negat
643 1657 822 1740 oportuisse
841 1655 1016 1740 quidquam
1030 1656 1086 1718 uni
1103 1663 1193 1719 extra
1212 1655 1357 1720 ordinem
1372 1656 1508 1719 decerni.
1540 1658 1611 1719 Non

276 1749 342 1813 iam
366 1749 424 1812 tihi
447 1750 494 1813 sic
514 1750 734 1833 respondebo,
757 1759 792 1813 ut
810 1749 944 1814 ceteris:
969 1750 1025 1813 Cn.
1040 1751 1193 1833 Pompeio
1216 1751 1361 1834 plurima,
1382 1749 1613 1833 periculosissi-

278 1863 340 1920 ma,
362 1846 511 1920 maxima,
533 1843 611 1906 mari
635 1851 783 1926 terraque
805 1843 888 1906 bella
912 1851 1001 1907 extra
1023 1844 1168 1908 ordinem
1192 1864 1261 1908 esse
1279 1846 1457 1919 commissa,
1479 1863 1612 1928 quarum

277 1957 386 2002 rerum
408 1939 435 2002 si
458 1958 555 2022 quem
577 1939 753 2021 paeniteat,
778 1957 850 2000 eum
873 1938 1024 2001 victoriae
1046 1936 1157 2022 populi
1178 1939 1311 2002 Romani
1332 1940 1504 2023 paenitere.
1542 1940 1614 2001 Non

279 2034 323 2097 ita
353 2039 459 2096 tecum
489 2051 558 2114 ego.
604 2027 654 2094 l9.
678 2031 757 2094 Cum
786 2031 836 2095 his
858 2032 937 2095 haec
966 2051 985 2094 a
1011 2052 1062 2094 me
1082 2031 1192 2095 haheri
1214 2034 1317 2096 oratio
1338 2039 1459 2117 potest,
1488 2033 1545 2117 qui
1570 2033 1653 2096 itast

279 2126 459 2210 disputant,
496 2146 545 2201 se,
579 2126 606 2189 si
639 2145 705 2210 qua
738 2146 787 2190 res
817 2126 857 2189 ad
878 2146 977 2190 unum
1000 2125 1173 2190 deferenda
1195 2127 1251 2202 sit,
1284 2126 1325 2190 ad
1347 2127 1403 2190 Cn.
1429 2128 1614 2210 Pompeium

279 2222 441 2286 delaturos
470 2221 686 2306 potissimum,
717 2221 771 2284 sed
795 2240 829 2285 se
852 2229 942 2284 extra
969 2220 1114 2283 ordinem
1139 2219 1220 2283 nihil
1247 2223 1395 2306 cuiquam
1421 2222 1514 2285 dare:
1543 2242 1615 2285 cum

278 2315 434 2398 Pompeio
463 2316 570 2378 datum
603 2316 661 2390 sit,
684 2316 716 2379 id
739 2335 773 2378 se
796 2335 852 2400 pro
875 2315 1030 2398 dignitate
1051 2315 1190 2378 hominis
1212 2335 1324 2378 ornare
1346 2324 1378 2380 et
1399 2318 1479 2380 tueri
1502 2317 1616 2382 solere.

278 2408 404 2472 Horum
426 2429 484 2492 ego
507 2409 695 2473 sententiam
718 2430 758 2472 ne
773 2409 918 2484 laudem,
940 2409 1097 2493 impedior
1111 2409 1167 2472 Cn.
1182 2410 1324 2494 Pompeii
1340 2411 1523 2494 triumphis,
1546 2412 1617 2496 qui·

278 2502 339 2565 hus
362 2503 435 2578 ille,
458 2523 529 2568 cum
553 2510 637 2568 esset
658 2511 748 2568 extra
763 2503 908 2568 ordinem
924 2502 964 2565 ad
978 2503 1112 2586 patriam
1129 2502 1360 2568 defendendam
1372 2514 1514 2582 vocatus,
1529 2505 1654 2570 auxitan

280 2617 398 2663 nomen
420 2597 535 2682 populi
557 2599 691 2663 llomani
713 2598 945 2680 imperiumque
967 2596 1167 2662 honestavit:
1190 2599 1396 2662 constantiam
1419 2599 1530 2682 probo,
1554 2617 1618 2683 qua

280 2691 361 2754 mihi
385 2710 514 2775 quoque
536 2691 692 2755 utendum
713 2690 789 2766 init,
812 2709 875 2773 quo
899 2690 952 2752 ille
974 2699 1105 2756 auctore
1127 2701 1217 2756 extra
1239 2692 1382 2756 ordinem
1404 2692 1524 2757 bellum
1546 2713 1617 2757 cum

278 2784 465 2848 Mithridate
494 2786 693 2868 Tigraneque
724 2785 831 2868 gessit.
874 2781 925 2846 20.
949 2784 1012 2846 Sed
1035 2787 1192 2850 cumillis
1215 2807 1346 2871 possum
1366 2795 1473 2850 tamen
1495 2785 1618 2870 aliquid

279 2877 461 2964 disputare:
489 2886 543 2942 tua
571 2899 648 2943 vcro
670 2899 753 2962 quae
775 2885 864 2942 tanta
885 2879 1083 2962 impudentia
1104 2887 1172 2956 est,
1202 2887 1239 2942 ut
1259 2879 1379 2944 audeas
1399 2879 1506 2944 dicere
1528 2885 1619 2942 extra

280 2973 427 3036 ordinem
450 2972 517 3038 dari
539 2973 620 3037 nihil
642 2973 791 3056 cuiquam
813 2975 982 3056 oportere?
1007 2973 1062 3056 qui
1085 2993 1155 3036 cum
1171 2973 1242 3056 lege
1256 2973 1378 3037 nefaria
1392 2974 1655 3046 Ptolemaeumrs
1759 3031 1767 3049 ,

279 3085 389 3160 regem
412 3067 524 3152 Cypri,
552 3066 680 3131 fratrem
709 3068 793 3150 regis
821 3065 1043 3140 Alexandrini,
1074 3067 1186 3130 eodem
1208 3067 1278 3129 iure
1300 3073 1501 3150 regnantem,
1523 3085 1618 3129 causa
1754 3058 1758 3071 ’

280 3159 445 3244 incognita
465 3153 661 3244 publicasi'e's
684 3161 904 3246 populumque
926 3161 1104 3223 Romanum
1126 3159 1246 3224 scelere
1268 3160 1460 3243 ohligasses,
1490 3181 1563 3226 cum
1584 3161 1616 3224 in

281 3253 352 3318 eius
374 3273 527 3337 regnum,
555 3254 655 3328 hona,
682 3253 827 3318 fortunas
850 3253 1053 3317 latrocinium
1071 3252 1166 3317 huius
1195 3254 1319 3338 imperii
1342 3243 1619 3332 immisissesicu·

280 3347 331 3411 ius
353 3368 426 3412 cum
446 3355 557 3433 patre,
585 3367 660 3423 avo,
693 3348 864 3412 maioribus
887 3347 1023 3410 societas
1044 3348 1137 3411 nohis
1160 3357 1192 3413 et
1212 3348 1351 3412 amicitia
1371 3341 1507 3435 luisset)
1524 3351 1618 3414 huius

280 3443 437 3524 pecuniae
459 3440 676 3525 deportandae
699 3449 740 3518 et,
764 3443 791 3506 si
813 3442 863 3506 ius
885 3462 977 3506 suurn
993 3441 1189 3518 detenderet,
1211 3444 1295 3507 hello
1314 3433 1452 3526 gerendo
1466 3446 1509 3508 hl.
1526 3444 1655 3509 Cato-eo

281 3555 357 3601 nem
377 3535 568 3622 praefecisti.
600 3531 651 3599 24.
667 3537 771 3614 Dices,
787 3556 883 3621 quern
903 3536 1030 3600 virum?
1054 3537 1304 3614 sanctissimum,
1325 3539 1618 3621 prudentissimum,

347 3903 375 3955 2.
392 3902 511 3956 sumac
527 3907 549 3956 G
564 3931 598 3942 -
613 3906 724 3955 moestu
740 3909 763 3955 tc
780 3903 909 3968 waceio
927 3904 1037 3969 (syllaba
1049 3911 1073 3956 ts
1083 3915 1161 3955 erasa
1173 3905 1202 3955 et
1216 3905 1404 3970 superscrtptls
1416 3918 1431 3955 a
1442 3919 1524 3957 manu
1534 3905 1618 3957 mutto

282 3980 435 4030 meentioro
450 3980 541 4032 verbis
556 3995 612 4033 meo
628 3981 730 4032 consilio
747 3981 904 4042 auctoritate)
921 3982 940 4030 Ρ
957 4007 984 4017 -
1008 3981 1033 4031 3.
1047 3980 1137 4043 populi
1152 3980 1258 4030 honuni
1274 3977 1306 4033 2:
1332 3981 1414 4049 pli.
1433 3981 1497 4041 PV3
1521 3980 1568 4031 en.
1581 3982 1616 4041 G;

280 4055 588 4118 popaloliornoooo-
610 4057 636 4110 4.
655 4061 856 4121 temporem·
879 4059 905 4108 s.
923 4057 978 4106 dico
997 4054 1201 4120 scammoneae]
1222 4055 1330 4105 mon
1351 4068 1386 4117 p.
1404 4057 1480 4106 1³¹-
1501 4067 1550 4118 quo
1571 4051 1615 4105 G¹:

283 4130 352 4194 qaod
374 4128 498 4182 nfflnv
516 4157 545 4170 -··
570 4133 595 4183 6.
610 4133 764 4196 prmctpune
779 4135 799 4183 l>
816 4158 843 4168 -
863 4133 887 4182 l.
904 4131 979 4194 nesse
995 4137 1020 4182 et
1035 4131 1239 4184 Mommsenius:
1255 4130 1332 4193 fatue
1346 4130 1444 4190 env3
1460 4131 1568 4193 potuisse
1582 4133 1617 4191 Pl

283 4203 368 4268 cepas
383 4207 520 4268 sperno
539 4233 566 4244 —
589 4209 614 4258 8.
633 4221 651 4257 c
670 4209 738 4270 same
759 4206 877 4258 Halmius
896 4205 962 4270 (coll.
985 4221 1012 4272 p.
1030 4206 1088 4268 867,
1105 4205 1159 4267 ἴθι
1184 4217 1216 4254 aa
1233 4217 1273 4254 nas
1288 4206 1323 4264 P;
1348 4215 1406 4254 eom
1421 4204 1535 4256 onvo
1554 4231 1581 4241 -
1600 4217 1618 4253 c

282 4279 360 4330 caede
376 4279 413 4330 P:
440 4292 459 4329 o
479 4280 578 4332 cadim
598 4282 698 4342 Ghlv;
724 4295 769 4331 cos
792 4295 809 4331 a
830 4281 943 4332 ccedeO
967 4307 994 4318 —
1020 4281 1060 4332 to.
1077 4293 1111 4330 ac
1131 4281 1177 4331 1³¹:
1203 4280 1231 4329 iu
1247 4275 1399 4329 P¹GMVO
1415 4304 1442 4315 -
1459 4279 1539 4343 fre-cca
1555 4281 1614 4329 P-
1706 4297 1716 4326 t

283 4354 326 4405 44.
345 4355 533 4419 intimaret:
554 4363 631 4422 ceput
647 4358 682 4409 C:
705 4357 879 4422 inflammarit.
898 4359 908 4410 l
925 4356 1009 4421 Neget
1024 4356 1054 4407 0.
1080 4352 1231 4406 Verborum
1247 4353 1488 4417 interpunctionem
1504 4353 1619 4403 correxit

283 4427 421 4493 llalmlns,
447 4431 494 4496 qul
518 4430 593 4483 malit
617 4429 736 4483 scrihere
761 4445 839 4497 negor
854 4429 914 4482 coll.
932 4444 959 4495 p.
977 4430 1036 4490 866,
1054 4430 1079 4480 2.
1104 4456 1132 4466 -
1158 4429 1283 4491 marum
1304 4424 1333 4478 Ρ·
1358 4455 1387 4465 -
1412 4429 1548 4491 quicquam
1567 4427 1618 4477 PG

284 4529 313 4540 -
327 4503 951 4569 sumn1-tn.rcspocncoe-te.mcrt
966 4504 1130 4565 mmmdcc:
1148 4503 1415 4565 emmoesqmo-
1435 4502 1621 4565 themuseos

284 4580 318 4630 P:
340 4581 468 4645 poenitent
485 4583 505 4633 0
523 4607 552 4620 —
574 4583 661 4646 populi
680 4585 717 4634 .li.
737 4583 774 4634 C:
792 4580 1202 4647 popultliomcniacceaaccrto
1220 4605 1248 4615 -
1265 4577 1618 4642 pumturumpomturco

286 4681 315 4694 -·
333 4657 376 4708 to.
394 4657 481 4710 haberi
498 4659 580 4710 oratio
598 4665 634 4710 cst
649 4662 682 4720 P;
700 4658 786 4710 habui
802 4658 885 4709 oratio
899 4662 980 4721 posset
996 4655 1096 4715 GllV3
1114 4654 1228 4706 hcdmdo
1244 4654 1327 4706 oratio
1341 4652 1447 4704 cstcod.
1461 4651 1619 4705 caronsse-

284 4727 376 4793 phant.
395 4755 425 4770 -
459 4733 501 4784 te.
519 4744 545 4784 aa
561 4733 588 4783 in
605 4734 625 4784 P
641 4732 781 4784 inductum
798 4736 853 4797 est,
871 4733 920 4784 scd
936 4744 1030 4783 rursus
1047 4729 1133 4782 deleta
1151 4727 1329 4782 suntdelendi
1346 4728 1433 4793 sigum
1450 4728 1493 4779 scd
1505 4729 1543 4788 ll3
1562 4738 1616 4777 orn.

285 4805 350 4854 G-
370 4807 513 4858 .GN.P-
530 4807 709 4860 indeletum
723 4807 887 4873 putatum]
903 4807 1190 4869 ddumcpocuetmm
1204 4800 1619 4869 monmorenciacensem

284 4879 445 4935 silv-til.
459 4885 588 4935 etPth:
606 4898 638 4936 ec
652 4885 706 4938 ΜΟ
720 4913 747 4922 -
761 4884 903 4948 49.ροηιρο
919 4885 942 4949 (e
957 4880 1099 4945 incasura)
1118 4884 1150 4942 P;
1165 4880 1339 4946 ponpav-
1358 4878 1495 4942 educendos
1509 4878 1543 4936 Pe
1561 4887 1616 4925 om.

285 4953 682 5019 v—nt.quoenmttsn¹-
704 4958 992 5010 hhmethrldatetl-
1017 4956 1331 5022 pmnmtonmnen:
1353 4950 1618 5019 mponumvo

288 5051 317 5065 -
335 5029 378 5081 2⁴·
395 5030 542 5095 munera
557 5035 618 5084 e-
636 5035 679 5087 as.
694 5035 862 5099 peonnam
877 5036 910 5096 ιη
927 5033 1094 5099 pecuum
1109 5032 1161 5083 ev
1173 5057 1201 5070 -
1218 5032 1260 5085 ee.
1278 5031 1439 5083 ueroeam
1453 5027 1617 5091 nauseans:

287 5104 459 5165 woldam
471 5107 491 5158 C
505 5107 641 5172 Umor,
655 5109 839 5173 psammites
853 5110 905 5160 cim
920 5109 993 5160 hedua
1007 5107 1108 5173 epae
1122 5108 1262 5159 mnodum
1277 5102 1478 5172 Naegelsbach.)
1496 5125 1524 5138 —-
1542 5098 1620 5149 imni·

288 5173 1619 5249 enee-eenamcen-seecundum:eunuco-ocupaneoomotd

291 5254 347 5317 Μ
361 5253 424 5308 hello
437 5268 512 5310 man
526 5258 665 5326 desederet
678 5260 786 5327 acrotdo
802 5259 846 5325 u).

334 5345 502 5405 nmondt.
1353 5347 1397 5415 55
