4009 6159
407 580 491 649 tiso
575 584 640 651 oli.
661 586 794 651 PRIDIE
818 585 934 664 QUAM
954 586 1005 649 ln·
1018 584 1216 651 Exsnluu
1236 584 1330 649 ntur
1353 583 1428 651 Cer.
1444 584 1514 649 ΧΠ.
1528 582 1551 668 S
1565 580 1617 649 30.

408 761 493 819 osset
521 757 666 830 incense,
692 774 763 819 meo
791 754 888 818 ductu
916 773 954 818 uo
980 754 1090 818 labore
1111 754 1259 817 restincto
1281 758 1347 829 ost,
1375 772 1435 818 noo
1456 755 1619 837 potiamini
1641 775 1735 819 meu

407 849 487 914 meis
506 848 614 912 liberis
634 850 843 923 abstractum,
865 868 886 912 o
907 849 1042 931 coniuge
1065 848 1247 931 obreptum,
1269 847 1310 910 sb
1331 847 1394 911 uris
1415 846 1559 931 iocisque
1580 848 1734 913 innoeen-

407 951 471 1006 tem
491 943 665 1025 proiectum
687 944 784 1007 ritum
805 942 921 1028 degere
941 945 975 1005 in
994 943 1127 1017 exsilio,
1149 942 1316 1006 miserrimi
1337 941 1477 1005 mortalis
1494 961 1602 1006 casum
1616 944 1733 1007 subire.

408 1034 459 1100 30.
481 1037 647 1101 Proiioitur
667 1037 790 1101 Tullius
811 1037 846 1099 in
868 1037 1017 1101 exsilium
1038 1037 1162 1119 itaque:
1188 1035 1336 1098 nimirum
1358 1036 1511 1099 innocens
1533 1036 1572 1099 ab
1594 1036 1732 1113 inimico,

385 1130 575 1213 oreligiosns
597 1152 616 1195 a
638 1131 808 1207 scelerato,
835 1130 1011 1195 benevolus
1032 1130 1105 1193 huie
1127 1129 1244 1193 civitati
1266 1128 1307 1191 ab
1327 1127 1428 1192 hoste.
1465 1128 1492 1191 0
1515 1131 1629 1195 misera
1650 1132 1732 1195 ritus

408 1226 502 1300 ratio,
524 1246 607 1309 quae
628 1232 692 1289 tam
708 1225 762 1290 diu
777 1226 895 1289 resides
917 1225 951 1287 in
965 1224 1142 1308 voluptate,
1164 1242 1260 1307 quam
1275 1222 1329 1285 diu
1342 1221 1487 1285 fortunae
1503 1226 1605 1307 poscit
1618 1225 1732 1287 libidoi

406 1320 516 1402 Egone
537 1320 687 1383 inimicus
701 1319 776 1383 huie
790 1319 933 1383 civitati?
956 1338 1050 1403 qnam
1067 1318 1106 1381 ob
1123 1318 1211 1380 remi
1234 1316 1309 1400 qnia
1320 1315 1466 1379 inimicos
1480 1318 1611 1381 necari:
1633 1337 1733 1401 egone

407 1412 531 1476 hostis?
553 1414 629 1495 quid
649 1415 715 1477 itui
737 1414 814 1497 quia
830 1413 938 1477 hostes
951 1410 1105 1477 interfeci.
1129 1411 1209 1474 Hem
1224 1409 1438 1475 conditionem
1453 1411 1547 1476 huius
1562 1415 1732 1498 temporis!

407 1508 510 1571 Antea
531 1508 631 1590 glorio
652 1528 689 1572 ao
710 1507 804 1572 laude
822 1507 999 1590 dignissimi
1021 1504 1217 1569 ducebantur
1233 1506 1289 1589 qui
1311 1504 1389 1568 haec
1410 1506 1627 1589 perfecerunt:
1649 1529 1734 1572 nuno

373 1618 400 1666 to
408 1601 554 1665 scelerati
576 1620 614 1664 so
635 1600 810 1684 parricidae
832 1621 902 1665 esse
925 1601 1074 1663 dicuntur
1095 1600 1150 1682 qui
1171 1599 1250 1663 hoeo
1264 1598 1533 1663 administrurunt,
1567 1602 1637 1665 Sint
1659 1622 1735 1665 sone

408 1695 569 1770 scelerati3
596 1703 725 1778 superet
745 1696 877 1759 istorum
900 1694 1047 1768 victoria,
1076 1693 1103 1756 si
1126 1694 1220 1756 modo
1241 1694 1373 1757 victorio
1395 1694 1586 1777 appellanda
1608 1703 1670 1771 est,
1700 1696 1735 1759 in

409 1808 473 1873 qus
499 1789 637 1852 civitatis
664 1790 748 1852 inest
775 1788 893 1863 luotus3
921 1787 1060 1851 habeant
1079 1787 1161 1850 hano
1186 1787 1321 1871 palmum
1345 1808 1385 1850 ex
1407 1788 1583 1853 innocentis
1606 1810 1735 1853 eruore:

409 1889 529 1946 tantum
550 1902 570 1945 u
590 1883 693 1958 vobis,
716 1884 839 1967 equites
860 1882 1010 1957 Romani,
1032 1890 1106 1965 peto
1130 1890 1162 1945 et
1183 1900 1272 1964 rogo,
1294 1888 1343 1955 ut,
1365 1902 1460 1965 quem
1484 1902 1580 1966 saepe
1602 1902 1734 1947 numero

409 1983 513 2039 vestro
538 1975 633 2039 lande
655 1976 899 2051 cohonestnstis‚
927 1976 1063 2040 eundem
1089 1978 1123 2039 in
1146 1975 1249 2039 dubiis
1271 1976 1355 2039 sitne
1377 1975 1528 2058 periculis
1549 1982 1654 2039 restra
1674 1978 1735 2039 vir-

373 2077 476 2136 tstute
497 2072 700 2134 conservetis.

475 2314 499 2362 i.
517 2313 585 2363 lueto
601 2313 621 2363 C
640 2338 667 2347 -
691 2313 717 2363 2.
735 2312 894 2365 musteis
910 2314 944 2364 C:
969 2312 1051 2363 tiberis
1067 2313 1163 2363 meiso
1185 2341 1211 2351 -
1230 2312 1254 2362 3.
1272 2313 1349 2363 exitio
1366 2313 1428 2372 CO,
1446 2314 1510 2363 item
1527 2326 1553 2365 v.
1571 2312 1597 2364 i.
1616 2340 1642 2349 —
1661 2315 1734 2365 mirs-

408 2388 498 2438 remioi
515 2386 535 2438 C
555 2413 581 2424 -
601 2400 706 2437 ouum
721 2390 750 2439 ΡΙ
769 2415 795 2425 -
815 2387 839 2439 i.
855 2390 980 2450 proicitur
994 2390 1013 2439 C
1025 2416 1051 2425 -
1071 2390 1098 2438 in
1114 2388 1230 2439 soritium
1246 2388 1345 2449 itaque:
1362 2389 1482 2437 nimirum
1499 2401 1561 2439 nos:
1580 2390 1606 2437 in
1622 2390 1732 2439 esitium.

408 2464 496 2523 Itonos
511 2461 632 2511 tristinen
644 2463 678 2520 (ἔς
696 2464 724 2511 in
739 2463 852 2514 mium.
869 2464 901 2514 At
915 2478 933 2513 o
945 2464 1012 2526 quo?
1028 2464 1154 2513 Nimirum
1165 2465 1194 2513 Ο.
1214 2464 1252 2513 De
1270 2462 1398 2527 particula
1415 2464 1499 2526 itaque
1515 2461 1635 2527 pluribus
1646 2464 1734 2516 verbis

409 2535 555 2601 postposito
569 2536 759 2588 ooni.Piin.N.
773 2538 992 2602 univorsis:
1011 2541 1122 2591 omnium
1137 2539 1262 2590 resumtis
1277 2538 1403 2589 obrem
1418 2540 1503 2601 itaw
1519 2544 1561 2589 ert.
1577 2564 1606 2578 -
1625 2543 1650 2591 5.
1668 2540 1735 2592 issi-

408 2612 516 2662 ootosC
537 2639 563 2648 -
588 2612 763 2663 anemii:
787 2613 902 2669 ioue&
924 2616 1172 2672 noui83Eo0-
1196 2615 1369 2665 conditiouol’
1389 2614 1514 2663 -sac
1534 2614 1624 2665 PES:
1647 2616 1735 2667 otoo

411 2715 437 2725 -
457 2688 612 2739 ducebantur
627 2689 765 2751 diffluenti
781 2690 798 2739 S
814 2716 841 2726 -
861 2691 900 2739 40.
919 2691 1032 2740 semoti
1048 2691 1073 2740 in
1092 2704 1182 2741 rosuro
1201 2703 1215 2739 n
1234 2702 1270 2739 m.
1289 2702 1343 2740 sec.
1357 2688 1505 2739 recentiore
1522 2688 1605 2741 habet
1622 2693 1641 2741 P
1661 2717 1687 2728 -
1706 2704 1736 2741 oo

410 2765 444 2815 C:
463 2768 487 2814 et
503 2763 523 2813 0
538 2786 564 2799 —
584 2763 624 2813 tt.
642 2765 749 2814 vietum
764 2766 914 2829 postmodo
930 2766 1083 2817 omns-
1104 2766 1144 2814 ti.
1162 2764 1295 2814 ciuitatec
1313 2790 1336 2799 -
1356 2764 1420 2813 tono
1437 2776 1490 2813 om.
1503 2763 1520 2813 S
1534 2791 1561 2801 -
1580 2765 1621 2816 ⁴³.
1640 2771 1735 2817 tontum

410 2864 472 2912 Po:
490 2866 590 2912 motion
602 2857 665 2909 otus
681 2858 755 2909 ESO
774 2884 801 2893 -
821 2857 861 2909 ti.
879 2858 1039 2909 cohonestatis
1055 2860 1097 2910 PS
1111 2884 1137 2893 -
1156 2842 1192 2907 t'i'.
1211 2844 1290 2907 Mos.
1304 2841 1446 2909 Cirnroms.
1459 2870 1547 2907 rurore
1557 2870 1625 2918 orris
1636 2873 1664 2909 ru
1675 2871 1737 2909 nn·

410 2970 470 3007 urs
489 2968 548 3005 mss
567 2934 666 3004 error-c.
683 2937 782 3004 nrcffn
797 2964 847 3004 cru
861 2965 968 3004 senum
983 2966 1085 3004 ornnes
1102 2964 1161 3002 sorr
1171 2954 1205 3011 P;
1222 2964 1347 3001 nsrnrrn.
1366 2962 1460 3002 rncrrrr
1473 2948 1505 3001 ci
1517 2962 1623 3003 senisu
1635 2964 1736 3003 ossrrss

410 3044 471 3082 noir
487 3033 521 3091 Gi
538 3029 651 3093 Explicit
665 3029 748 3079 oratio
763 3030 845 3078 mord
861 3029 916 3091 tulii
931 3029 1050 3079 ciconnis
1064 3028 1146 3091 pridie
1162 3040 1238 3089 quam
1254 3027 1281 3076 io
1297 3026 1401 3077 omilium
1417 3028 1465 3077 iret
1479 3026 1586 3089 maistre
1602 3028 1627 3077 S.
