4009 6159
407 493 471 564 ele
697 502 848 568 onarlo
872 500 956 568 cuii
977 501 1150 569 SENATUI
1170 501 1344 569 GRATIAS
1365 501 1461 570 EGIT

405 671 562 754 pedisset,
590 672 724 755 graviter
750 691 807 736 vos
837 673 1034 757 molesteque
1060 673 1196 738 laturos:
1222 672 1314 735 illum
1343 678 1452 736 contra
1480 670 1728 756 rempublicam

405 765 601 850 salutemque
629 767 784 830 bonorum
814 766 1081 850 concordiamque
1103 767 1217 831 civium
1238 766 1410 842 facturum,
1439 774 1472 831 et
1491 775 1530 832 ut
1549 767 1588 831 ad
1609 785 1666 830 vos
1687 766 1728 831 de

405 878 444 922 eo
467 861 570 924 statim
591 858 777 924 referretur:
799 878 912 945 meque
935 861 1040 934 ctiam,
1062 861 1088 922 si
1112 859 1231 924 diutius
1246 859 1522 937 calumniarentur,
1542 861 1647 924 redire
1663 861 1730 924 ius·

404 953 500 1018 sistis.
534 954 639 1030 Quid?
660 961 698 1018 ut
718 955 759 1018 iis
779 963 948 1038 agerentur
969 953 1098 1037 gratiae,
1121 953 1176 1038 qui
1192 973 1211 1017 e
1225 954 1407 1037 municipiis
1422 956 1606 1018 4444444444
1629 953 1729 1038 quidt

382 1053 440 1111 eut
461 1048 501 1112 ad
523 1049 610 1112 illam
631 1047 727 1125 diem,
748 1069 800 1114 res
821 1069 894 1112 cum
915 1048 1086 1123 redissent,
1108 1054 1294 1131 rogarentur
1315 1054 1349 1111 ut
1369 1050 1438 1131 pari
1460 1046 1565 1112 studio
1580 1047 1730 1112 conveni·

404 1144 495 1204 rent?
518 1140 601 1216 Quid
624 1140 764 1227 denique
785 1143 841 1208 illo
863 1143 932 1219 die,
956 1161 1052 1228 quem
1073 1143 1107 1205 P.
1122 1142 1276 1207 Lentulus
1291 1141 1369 1206 mibi
1383 1141 1537 1226 fratrique
1558 1161 1629 1205 meo
1650 1140 1730 1204 libe-

403 1234 512 1320 risque
533 1236 652 1299 nostris
673 1237 810 1302 natalem
833 1236 996 1301 constituit
1015 1256 1082 1299 non
1104 1234 1200 1300 modo
1221 1235 1263 1299 ad
1276 1243 1434 1312 noctram,
1454 1256 1565 1300 verum
1579 1235 1674 1299 etiam
1688 1235 1730 1297 ad

403 1328 584 1412 sempiterni
612 1334 795 1396 memoriam
822 1333 991 1414 temporis,
1020 1349 1085 1414 quo
1112 1330 1164 1393 die
1186 1351 1244 1394 nos
1266 1330 1400 1394 comitiis
1422 1331 1619 1406 centuriatis,
1644 1349 1729 1414 quae

403 1421 540 1486 maxime
573 1425 709 1489 maiores
738 1427 866 1490 comitia
895 1427 980 1489 iusta
1009 1423 1071 1487 dici
1099 1423 1273 1509 haberique
1297 1424 1483 1500 voluerunt,
1513 1425 1676 1487 arcessivit
1695 1425 1730 1486 in

367 1516 554 1600 repatriam,
575 1527 611 1582 ut
631 1520 762 1584 eaedem
785 1523 963 1594 centuriae,
995 1536 1077 1602 quae
1099 1537 1150 1582 me
1173 1519 1335 1583 consulem
1356 1517 1510 1594 fecerant,
1531 1517 1729 1582 consulatum

403 1631 508 1674 meum
529 1615 784 1698 comprobarent:
807 1649 850 1662 -
870 1612 921 1678 28.
945 1631 1010 1698 quo
1032 1613 1084 1676 die
1106 1611 1178 1697 quis
1197 1613 1278 1676 civis
1298 1612 1377 1688 fuit,
1399 1613 1456 1696 qui
1476 1613 1524 1677 fas
1546 1629 1617 1673 esse
1637 1618 1730 1694 puta-

401 1712 465 1780 ret,
495 1725 695 1792 quacumque
716 1715 771 1774 aut
790 1716 894 1773 aetate
914 1715 971 1772 aut
990 1707 1173 1771 valetudine
1195 1714 1294 1782 esset,
1322 1726 1388 1770 non
1417 1727 1451 1770 so
1472 1706 1514 1770 de
1534 1707 1637 1771 444444
1658 1723 1730 1768 mea

402 1800 591 1864 sententiam
611 1801 716 1865 ferret
746 1801 881 1878 Quando
903 1808 1022 1866 tantm
1042 1800 1253 1886 frequentiam
1275 1802 1309 1864 in
1331 1821 1457 1886 campo,
1478 1807 1601 1865 tantum
1622 1797 1729 1880 splen-

403 1892 510 1956 dorem
532 1893 641 1959 ltaliae
663 1896 760 1961 totius
781 1896 992 1981 ordinumque
1008 1897 1158 1971 omnium,
1177 1896 1304 1980 quando
1319 1896 1375 1959 illa
1389 1895 1542 1978 dignitate
1556 1901 1729 1977 rogatores,

365 1993 394 2043 44
402 1986 583 2052 diribitores
610 1990 824 2076 custodesque
852 1991 999 2055 vidistis?
1040 1993 1152 2074 ltaque
1180 1991 1213 2052 P.
1235 1989 1362 2053 Lentuli
1384 1986 1539 2053 beneficio
1561 1987 1730 2052 excellenti

403 2173 459 2238 sed
481 2175 573 2262 equis
595 2178 773 2262 insignibus
796 2188 828 2245 et
849 2199 943 2244 curru
965 2186 1077 2244 aurato
1099 2178 1263 2262 reportati.

488 2267 539 2334 29.
561 2272 692 2337 Possum
714 2293 774 2357 ego
796 2275 873 2338 satis
895 2275 928 2337 in
952 2273 1008 2338 Cn.
1028 2273 1211 2356 Pompeium
1232 2292 1385 2356 umquam
1406 2279 1513 2356 gratus
1526 2273 1652 2336 viderit
1673 2273 1730 2357 qui

404 2383 468 2428 non
491 2365 593 2430 solum
616 2368 701 2450 apud
722 2389 797 2444 ros,
820 2369 875 2454 qui
899 2387 1010 2432 omnes
1030 2368 1116 2431 idem
1138 2366 1337 2442 sentiebatis,
1360 2366 1533 2432 sedetiam
1554 2365 1637 2451 apud
1658 2367 1731 2430 nni·

366 2468 529 2524 reversum
550 2463 703 2544 populum
726 2465 860 2528 salutem
883 2463 993 2547 populi
1016 2461 1149 2526 Romani
1172 2470 1205 2525 et
1225 2469 1442 2525 conservatam
1462 2482 1520 2546 per
1540 2483 1591 2527 me
1609 2470 1642 2526 et
1655 2482 1731 2526 con·

404 2555 544 2618 iunctam
566 2575 636 2620 esse
659 2577 729 2620 cum
752 2576 822 2620 mea
844 2557 975 2633 dixeritr
999 2557 1057 2640 qui
1080 2575 1206 2620 causam
1227 2576 1329 2620 meam
1347 2554 1555 2639 prudentibus
1570 2576 1731 2620 commen·

405 2647 501 2723 darit,
523 2649 688 2732 imperitos
711 2650 891 2726 edocuerit,
921 2651 1098 2734 eodemque
1120 2657 1262 2734 tempore
1284 2650 1443 2734 improbos
1465 2650 1651 2714 auctoritate
1671 2669 1731 2714 sua

403 2743 640 2826 compresserit,
663 2743 763 2808 bonos
785 2744 947 2821 excitarit3
970 2747 1027 2832 qui
1048 2745 1201 2829 populum
1224 2746 1398 2809 Romanum
1419 2764 1478 2828 pro
1497 2767 1549 2810 me
1569 2755 1729 2831 tamquam

401 2858 459 2921 pro
488 2837 584 2903 fratre
613 2845 668 2903 aut
697 2859 755 2922 pro
777 2847 907 2925 parente
928 2859 994 2904 non
1016 2839 1120 2903 solum
1141 2838 1285 2903 hortatus
1306 2839 1363 2913 sit,
1390 2858 1500 2903 verum
1521 2841 1617 2904 etiam
1638 2841 1730 2904 obsc-

365 2933 513 3008 nemin
542 2933 598 3018 qui
626 2953 698 2997 oum
726 2935 795 3018 ipse
816 2940 945 3020 propter
966 2941 1086 2999 metum
1107 2933 1318 2998 dimicationis
1340 2939 1373 2996 et
1393 2934 1556 3016 sanguinis
1578 2934 1671 2998 domo
1693 2954 1728 2997 se

401 3033 537 3103 teneret,
566 3028 629 3092 iam
656 3047 676 3092 a
708 3029 923 3114 superioribus
944 3029 1078 3093 tribunis
1100 3027 1240 3111 petierit,
1268 3035 1304 3090 ut
1325 3027 1365 3092 de
1388 3027 1489 3091 salute
1511 3047 1582 3091 mea
1603 3034 1635 3092 et
1655 3048 1729 3114 pro·

402 3119 580 3204 mulgarent
601 3128 632 3186 et
653 3122 824 3202 referrent;
846 3126 902 3210 qui
921 3125 956 3188 in
971 3123 1099 3188 colonia
1112 3143 1215 3207 nuper
1230 3122 1414 3197 constituta,
1436 3121 1592 3205 cumipse
1607 3129 1730 3204 gereret

468 3405 491 3454 4.
509 3416 553 3454 uos
574 3415 628 3454 om.
646 3404 699 3454 mci
717 3405 744 3454 et
760 3405 838 3468 lagg.
858 3415 952 3455 omnes
968 3407 1077 3470 praeter
1092 3405 1128 3465 Ε,
1153 3402 1198 3466 qui
1216 3415 1258 3452 oor
1274 3404 1336 3452 ante
1352 3402 1465 3466 44444444
1480 3400 1576 3463 babet,
1599 3403 1630 3452 ut
1645 3405 1687 3452 est
1702 3403 1730 3452 in

401 3481 437 3540 03
455 3480 581 3545 equidem
597 3480 684 3545 potins
701 3481 763 3530 ante
778 3481 837 3531 caol.
851 3481 1003 3532 addendum
1021 3481 1121 3545 putavi.
1137 3506 1164 3516 -
1182 3479 1237 3529 44444
1254 3481 1273 3529 Ρ
1288 3503 1316 3514 -
1334 3478 1360 3527 8.
1379 3478 1409 3528 dc
1425 3491 1453 3528 oo
1464 3481 1484 3528 G
1495 3478 1532 3529 E:
1549 3491 1579 3527 eo
1595 3479 1622 3539 P,
1640 3481 1664 3528 44
1675 3477 1727 3528 Eri.

400 3569 441 3620 pr.
460 3567 513 3616 m.;
531 3556 562 3606 44
581 3555 658 3607 abest
675 3556 756 3606 etiam
772 3555 807 3606 ab
824 3557 842 3607 S
859 3559 886 3607 et
902 3555 1027 3608 omnibus
1043 3556 1134 3618 lagg,
1153 3566 1266 3618 quorum
1287 3552 1408 3618 plerique
1424 3567 1456 3604 eo
1471 3553 1585 3614 babent;
1609 3565 1642 3604 eo
1656 3552 1686 3603 44
1701 3565 1730 3604 ro

402 3631 470 3680 coni.
489 3631 619 3682 Garatoni.
645 3631 676 3681 ln
699 3642 737 3681 or.
755 3645 782 3696 p.
801 3631 886 3682 Sestio
909 3629 924 3693 5
941 3631 988 3681 449
1013 3632 1055 3682 est
1070 3628 1104 3680 de
1122 3630 1219 3680 eadam
1235 3642 1282 3680 re:
1306 3633 1330 3679 44
1345 3633 1373 3679 at
1388 3630 1475 3679 atcttm
1490 3629 1521 3680 44
1536 3630 1589 3680 eiua
1603 3629 1671 3692 facto
1686 3642 1730 3680 re·

399 3707 517 3770 ferrem.
534 3707 625 3757 Lectio
635 3705 740 3771 vulgata
757 3707 786 3757 44
803 3720 840 3768 ao,
859 3719 940 3770 qoam
958 3707 1054 3757 invitus
1071 3705 1181 3768 retiam,
1198 3717 1282 3770 prava
1293 3706 1392 3756 vetems
1410 3705 1500 3755 mendi
1512 3705 1642 3756 correctio
1652 3704 1729 3755 vide·

401 3784 485 3832 444.-
498 3779 522 3830 8.
540 3781 988 3847 444444444644433.ρπ4444ι·4.
1002 3782 1122 3832 4444-
1140 3780 1166 3832 4.
1179 3782 1248 3844 quid]
1264 3781 1421 3842 coir-ot
1435 3781 1468 3830 ita
1484 3781 1519 3831 L:
1537 3781 1633 3831 tiaom.
1646 3780 1727 3831 codd.

402 3857 779 3922 nouopostaraoaehmet.
795 3883 823 3896 -
841 3858 902 3920 4444
917 3861 962 3906 out
978 3857 1013 3916 E3
1032 3857 1076 3918 qut
1090 3861 1120 3907 ut
1135 3856 1247 3908 Pes-
1266 3858 1291 3907 4.
1303 3856 1469 3916 emtam&
1486 3855 1727 3918 νο444444444444444ς

401 3936 429 3985 44
443 3947 469 3986 v.
482 3947 509 3999 p.
523 3934 607 3984 Sestio
624 3933 709 3999 8⁴²9·
720 3959 748 3972 ··
767 3935 792 3986 6.
805 3935 848 3998 ool
865 3933 969 3995 deniquo
981 3931 1101 3984 Wolflos.
1117 3957 1144 3969 -
1163 3932 1204 3981 4444
1222 3931 1273 3982 dtas
1289 3929 1398 3994 Pallii,
1417 3932 1464 3982 EF
1481 3929 1530 3982 soli
1547 3934 1574 3983 et
1585 3932 1614 3983 0.
1633 3931 1729 3982 sustuli

401 4011 529 4074 punctum
541 4013 602 4073 pest
611 4009 809 4074 comprobarent,
823 4008 973 4073 significans
985 4009 1012 4059 in
1023 4006 1172 4070 verbisque
1182 4007 1222 4057 444
1232 4005 1288 4068 ceo
1297 4019 1320 4058 c.
1332 4006 1380 4070 4444
1396 4006 1571 4071 interruptam
1582 4007 1729 4058 orationem

400 4085 498 4146 redire,
517 4097 586 4150 quae
598 4086 638 4138 sic
648 4087 767 4138 institute
778 4086 879 4138 tuerat:
899 4085 958 4148 4444
969 4085 1074 4148 demque
1083 4085 1126 4134 4444
1136 4084 1184 4143 dic,
1198 4095 1270 4146 44444
1280 4107 1295 4120 -
1303 4109 1318 4119 -
1328 4082 1461 4143 4444444444,
1480 4083 1535 4146 qutr
1545 4083 1606 4133 44444
1616 4083 1666 4146 {uit
1676 4085 1728 4133 cet.

400 4161 471 4226 (4444
486 4161 592 4224 44444444
608 4163 674 4224 quod
688 4161 731 4213 4444
747 4163 795 4224 die,
814 4175 886 4224 quam
902 4161 966 4211 44444
981 4162 1008 4211 Ρ.
1021 4159 1185 4211 modun
1197 4158 1324 4222 44444444,
1341 4158 1500 4220 illatorem
1510 4159 1551 4208 444
1560 4161 1613 4209 cet.
1625 4157 1728 4223 Lumbi

402 4263 430 4274 -
439 4237 520 4302 44444]
534 4249 608 4300 quan
620 4251 673 4289 ram
683 4240 711 4298 P;
731 4237 764 4289 cf.
777 4251 803 4304 p.
814 4237 871 4301 844,
882 4236 967 4300 6843,
980 4235 1005 4288 8.
1015 4235 1073 4297 846,
1083 4237 1108 4299 4,
1123 4235 1169 4285 ubi
1185 4235 1249 4285 item
1260 4245 1314 4285 rara
1327 4234 1390 4284 ante
1403 4234 1430 4284 P.
1440 4234 1534 4285 vitiose
1546 4231 1666 4285 additum
1678 4237 1727 4286 est.

404 4339 430 4349 -
449 4311 474 4363 i.
492 4313 526 4363 44
542 4313 694 4377 postellam
710 4313 830 4365 omlirl.
846 4339 872 4350 -
892 4312 916 4363 8.
929 4325 978 4376 quo
995 4311 1170 4362 4444448-
1189 4309 1335 4360 amotores
1349 4310 1430 4359 nostri
1443 4310 1504 4373 Lag.
1518 4309 1598 4359 44444
1613 4310 1684 4367 444.;
1702 4311 1730 4358 44

400 4401 426 4440 v.
439 4389 614 4456 raptaue.
630 4413 657 4426 —
675 4389 776 4440 44444444
792 4401 846 4439 om.
859 4389 876 4438 S
890 4413 917 4424 -
935 4387 993 4437 44444
1009 4387 1071 4436 E-
1091 4386 1131 4436 44.
1148 4386 1189 4449 {oa
1204 4397 1254 4436 4444
1269 4383 1329 4434 Es:
1347 4385 1413 4448 scaea
1429 4385 1463 4446 P;
1481 4382 1524 4447 sor
1539 4385 1574 4441 (ἃς
1592 4398 1644 4435 coc
1658 4385 1730 4448 aesca

399 4475 450 4514 4444
461 4464 481 4515 0
493 4467 520 4515 et
531 4464 546 4515 6
557 4466 635 4528 Lagg.
650 4489 678 4501 -
698 4465 738 4515 44.
756 4462 951 4514 4444444468
963 4461 1045 4525 (volsa
1059 4459 1141 4512 habet
1156 4462 1194 4524 P).
1210 4486 1237 4497 -
1255 4474 1306 4510 444
1322 4460 1352 4511 de
1368 4460 1454 4511 Eom.
1467 4471 1504 4521 44,
1522 4458 1581 4510 fort.
1595 4463 1683 4520 recto,
1701 4462 1730 4510 at

400 4551 427 4588 v.
444 4551 471 4603 p.
484 4537 542 4600 8440,
560 4538 601 4589 Pl.
616 4563 644 4575 -
664 4539 703 4591 43.
723 4539 831 4603 quondo]
850 4537 916 4602 qood
932 4537 950 4588 P
966 4563 993 4575 —
1014 4535 1054 4586 44.
1071 4535 1125 4587 ulto
1141 4536 1262 4600 4444444444
1277 4541 1313 4587 tot
1327 4542 1459 4602 repeteres
1475 4536 1492 4585 S
1509 4561 1537 4572 -
1557 4537 1597 4587 44.
1614 4537 1729 4587 44444444-

401 4627 442 4666 ras
452 4615 523 4666 Crat.
536 4625 646 4679 margo:
665 4615 808 4666 4444444444
818 4617 851 4676 Ρ;
870 4611 1079 4664 dimanantes
1090 4614 1117 4661 et
1128 4613 1206 4676 Legg.
1219 4610 1355 4676 plerique;
1373 4610 1566 4674 direptoresEP
1580 4635 1608 4648 -·
1626 4611 1666 4662 46.
1678 4625 1730 4663 444

401 4691 481 4741 achas
495 4690 592 4741 4444444
607 4693 625 4741 s
644 4719 671 4728 -
689 4695 718 4741 44
733 4693 753 4742 P
770 4702 829 4755 sup.
848 4689 893 4741 lin.
911 4700 948 4741 m.
966 4689 991 4738 2.
1011 4685 1059 4736 sed
1075 4687 1182 4737 vetere:
1199 4688 1238 4737 444
1252 4692 1281 4737 ut
1297 4688 1357 4747 ΕΡ,
1375 4686 1439 4737 otest
1454 4686 1534 4737 codd.
1551 4686 1649 4738 reflat
1665 4689 1685 4738 0
1698 4713 1726 4724 —-

404 4767 444 4818 l8.
462 4765 542 4816 44444·
558 4777 612 4816 om.
631 4765 651 4817 E
670 4793 698 4803 —
718 4767 758 4817 48.
777 4779 860 4817 maces
876 4777 930 4816 om.
949 4764 966 4813 S
985 4787 1013 4797 -
1032 4762 1205 4824 apodemii
1224 4787 1251 4798 -
1267 4761 1546 4824 umomaanpopalran
1562 4763 1652 4814 PGS:
1669 4763 1730 4812 444-

401 4853 501 4892 curm
509 4856 536 4905 p.
549 4855 573 4892 r.
586 4841 622 4904 Ε,
640 4841 783 4892 salomom
794 4843 823 4894 44.
836 4841 868 4902 P;
886 4841 1031 4891 4444444444
1043 4837 1164 4900 populun
1175 4839 1314 4888 4444444444
1324 4839 1345 4888 0
1357 4863 1384 4873 -
1403 4838 1507 4888 44444444
1520 4837 1609 4900 populi
1617 4839 1646 4889 ll.
1659 4838 1727 4889 mei:

402 4915 765 4980 suoomretproreaeo-
784 4917 825 4969 44.
844 4913 1131 4973 44444444444444ς
1150 4925 1280 4963 ommes
1296 4913 1473 4972 444444448ς
1491 4913 1730 4964 444444444444

403 4991 496 5043 omae
512 4993 545 5049 P;
564 4993 729 5044 diarritorum
745 5005 801 5044 meo
817 4995 878 5044 G-
897 4992 939 5044 44,
957 4990 1195 5053 4444444446-
1214 4989 1352 5052 4444444444
1368 4990 1428 5038 P-
1446 4989 1727 5052 aequamque:

404 5069 447 5133 qut
462 5069 514 5131 lpse
530 5068 605 5118 PGS
622 5070 650 5118 et
666 5065 745 5118 codd.
763 5065 896 5133 pleriquc;
917 5067 960 5130 qut
975 5067 1028 5131 lpas
1042 5080 1100 5117 cum
1116 5066 1137 5115 0
1154 5066 1181 5115 et
1197 5067 1259 5128 Lag.
1278 5064 1319 5116 48.
1337 5064 1377 5116 2³.
1393 5064 1439 5128 84,
1457 5067 1487 5116 ut
1505 5064 1618 5116 videtur.
1633 5089 1661 5100 -
1678 5077 1729 5114 me·

404 5143 465 5209 4444]
481 5155 564 5194 oanan
580 5134 628 5194 444
647 5169 674 5180 -
692 5143 734 5194 44.
751 5143 806 5194 torn
822 5144 853 5193 P:
872 5143 948 5195 444444
964 5141 1043 5195 4444.
1062 5139 1119 5193 rell.
1132 5142 1160 5192 et
1176 5139 1238 5192 edd.
1257 5140 1347 5205 (444444
1361 5141 1438 5192 atam
1453 5139 1478 5204 S)
1493 5165 1520 5177 -
1538 5153 1557 5190 o
1572 5141 1592 5190 P
1607 5153 1667 5206 sup.
1679 5137 1725 5191 lin.

406 5233 444 5274 m.
461 5220 487 5272 2.
506 5245 533 5258 -
552 5225 576 5273 at
591 5222 652 5272 ante
667 5233 750 5287 prorn.
768 5231 821 5272 om.
840 5219 869 5270 E.
