4009 6159
384 538 448 617 tii
807 542 961 619 omnio
985 542 1065 620 PRO
1086 554 1120 621 Ρ.
1143 549 1285 620 SESTIO

385 724 453 787 erat
474 723 617 799 4444444,
638 721 720 786 smil
740 722 856 808 reliqui
876 725 1093 809 magistratus:
1114 739 1196 789 unus
1211 743 1338 789 omnem
1352 726 1494 790 omnium
1514 724 1704 811 potestatem

384 817 480 881 armis
502 824 534 881 et
555 816 729 881 latrociniis
751 816 948 900 possidebat,
970 835 1036 881 uon
1057 818 1165 904 aliqua
1178 819 1209 883 ri
1231 840 1298 895 sua,
1320 819 1376 884 sed
1393 837 1464 885 cum
1479 821 1542 885 duo
1557 820 1704 886 consules

385 930 403 974 a
424 927 458 974 re
480 909 607 994 publicu
627 911 859 993 prouinciarum
880 912 1009 977 foedere
1030 914 1230 988 retraxisset,
1260 914 1446 989 insultabat,
1475 914 1705 990 dominabatur,

383 1005 455 1069 aliis
476 1004 698 1089 pollicebatur,
719 1012 839 1069 terrore
861 1025 898 1071 ao
917 1014 1003 1070 metu
1018 1007 1149 1083 multos,
1170 1007 1277 1092 plures
1293 1007 1388 1070 etiam
1409 1028 1466 1091 spe
1488 1016 1521 1074 et
1541 1009 1705 1091 promissis

360 1099 517 1162 44444444.
559 1094 611 1161 34.
634 1098 724 1175 Quae
752 1110 823 1163 cunr
846 1108 952 1164 essent
973 1102 1043 1165 eius
1064 1100 1165 1176 modi,
1194 1100 1335 1175 iudices,
1365 1120 1434 1165 curu
1458 1110 1586 1165 senatus
1608 1103 1704 1166 doces

382 1194 488 1257 nullos
519 1207 556 1257 ac
588 1209 646 1276 pro
678 1193 812 1257 ducibus
840 1195 1019 1277 proditores
1050 1201 1104 1258 aut
1131 1194 1237 1277 potius
1265 1202 1391 1277 apertos
1419 1195 1529 1260 hostes
1555 1195 1704 1273 haberet,

382 1294 530 1371 equester
551 1284 631 1350 ordo
653 1304 726 1350 reus
751 1307 770 1349 a
791 1288 973 1351 oonsulibus
996 1289 1161 1363 citaretur,
1183 1286 1292 1351 ltaliae
1313 1289 1411 1351 totius
1425 1291 1596 1353 auctoritas
1610 1307 1705 1374 repu-

380 1381 536 1457 diaretur,
558 1380 614 1445 alii
635 1380 822 1444 nominatim
847 1378 1078 1464 relegarentur,
1104 1381 1159 1445 alii
1181 1389 1267 1444 metu
1289 1388 1321 1444 et
1340 1381 1482 1465 periculo
1504 1384 1704 1458 terrerentur,

380 1488 466 1540 arma
494 1480 600 1538 esseut
628 1474 662 1536 in
690 1474 833 1558 templis,
866 1477 977 1539 armati
1006 1477 1040 1540 in
1061 1474 1149 1549 foro,
1179 1494 1282 1557 eaque
1302 1491 1367 1538 non
1390 1474 1517 1541 silentio
1539 1478 1704 1541 consulam

343 1582 370 1632 44
381 1567 670 1642 dissimularentur,
694 1568 750 1631 sed
773 1575 804 1630 et
824 1586 904 1632 voce
927 1576 959 1631 et
987 1568 1144 1633 sententia
1166 1566 1462 1651 comprobarentur3
1491 1578 1562 1633 cum
1593 1578 1704 1634 omnes

379 1662 490 1725 urbem
520 1656 662 1724 nondum
691 1661 831 1725 excisam
857 1669 889 1725 et
909 1679 1066 1738 eversam,
1095 1661 1152 1725 sed
1173 1662 1236 1725 iam
1258 1669 1380 1747 captam
1401 1669 1498 1747 atque
1520 1675 1703 1747 oppressam

379 1754 574 1819 videremus:
595 1762 700 1817 tamen
721 1754 771 1818 leis
792 1756 887 1819 tantis
909 1756 1001 1820 malls
1022 1760 1109 1820 tanto
1130 1755 1287 1818 bonorum
1309 1756 1428 1832 studio,
1451 1757 1589 1833 iudices,
1612 1759 1704 1823 resti·

379 1847 547 1924 tissemus,
569 1849 626 1912 sed
647 1860 699 1912 me
721 1848 775 1911 alii
796 1856 898 1911 metus
920 1856 1017 1933 atque
1038 1850 1120 1912 aliae
1142 1868 1235 1913 curae
1253 1850 1514 1933 suspicionesque
1528 1858 1703 1940 monstruni.

463 1942 547 2005 xvi,
568 1934 621 2005 dd.
643 1942 808 2026 Exponam
837 1942 921 2005 euim
949 1943 1105 2006 hodierno
1133 1941 1202 2017 dle,
1232 1941 1369 2017 iudices,
1400 1959 1525 2008 omnem
1547 1947 1702 2010 rationem

342 2051 370 2100 44
379 2034 453 2099 iacti
482 2043 514 2099 et
534 2037 658 2101 consilii
682 2035 761 2110 mei,
791 2051 895 2122 neque
916 2035 991 2100 huic
1012 2046 1117 2101 vestro
1138 2044 1226 2101 tanto
1249 2038 1355 2100 studio
1377 2038 1527 2102 audiendi
1548 2050 1608 2104 nec
1627 2060 1703 2107 vero

333 2202 336 2213 Ι
378 2128 454 2193 huic
475 2134 581 2195 444444
601 2130 815 2206 multitudini,
844 2138 961 2213 quauta
988 2150 1058 2194 mea
1078 2133 1229 2196 memoria
1250 2148 1422 2213 numquam
1444 2131 1510 2196 ullo
1532 2133 1565 2195 in
1586 2129 1703 2196 iudicio

264 2224 268 2232 '
378 2220 455 2301 fruit,
478 2227 583 2291 deero.
616 2228 695 2289 itam
717 2226 745 2288 si
767 2236 825 2307 ego
847 2226 880 2288 in
903 2242 997 2288 causa
1019 2231 1083 2288 lam
1104 2225 1203 2300 hona,
1226 2231 1313 2289 44444
1335 2224 1439 2288 studio
1461 2232 1606 2302 senatus,
1628 2241 1703 2290 con-

379 2335 475 2383 sensu
496 2326 560 2383 tam
581 2316 760 2382 incredibili
781 2318 938 2381 honoram
960 2318 1118 2393 omnium,
1139 2324 1203 2383 mm
1224 2324 1354 2401 puato,
1376 2324 1440 2381 tota
1455 2316 1594 2403 4444444
1612 2319 1703 2383 ltalia

377 2412 419 2477 ad
436 2426 563 2477 omnem
580 2414 818 2478 contentionem
842 2413 1002 2497 expedita,
1021 2415 1101 2477 cessi
1120 2412 1239 2478 tribuni
1259 2411 1314 2495 pi„
1335 2407 1578 2495 despicatissimi
1599 2410 1703 2477 homi·

209 2490 237 2603 ]
339 2522 368 2572 so
377 2507 443 2601 nis,
464 2504 576 2581 iaroii,
591 2508 930 2591 contemptissimorum
945 2508 1110 2572 consulum
1125 2508 1285 2571 levitatem
1300 2501 1529 2590 audaciamque
1542 2506 1701 2592 pertimui,

377 2599 510 2664 nimium
542 2612 592 2665 ms
626 2601 769 2666 timidum
776 2636 786 2675 ,·
818 2600 937 2665 nulline
965 2602 1078 2678 animi,
1109 2599 1228 2665 nuliius
1258 2598 1383 2663 aemilii
1410 2599 1511 2663 luisse
1536 2598 1700 2664 confiteor.

376 2690 428 2757 37.
454 2691 539 2771 Quid
561 2694 647 2759 enim
669 2695 772 2759 simile
792 2694 853 2758 init
874 2695 908 2757 in
930 2694 970 2771 Q.
986 2691 1136 2759 lietsilol
1157 2693 1246 2757 cuius
1268 2705 1394 2757 causam
1416 2694 1474 2757 etsi
1495 2704 1604 2759 omncs
1627 2708 1702 2779 pro-

375 2788 506 2863 babant,
536 2782 777 2873 tamenineque
807 2794 934 2853 senatus
962 2789 1088 2873 publice
1116 2806 1222 2872 neque
1242 2787 1327 2850 ullus
1348 2788 1426 2851 ordo
1448 2788 1573 2872 proprie
1594 2799 1700 2872 neque

236 2882 256 2908 “⁴
376 2885 440 2947 suis
462 2881 597 2947 decretis
617 2881 707 2945 ltalia
729 2888 842 2946 cuncta
863 2866 1064 2967 susceperat)
1081 2884 1130 2947 Ad
1151 2900 1239 2946 suam
1260 2883 1344 2945 euim
1359 2882 1517 2966 quandam
1532 2882 1632 2967 magis
1645 2883 1700 2947 ille

190 2926 240 2975 '³
338 2975 524 3059 „gloriam
552 2986 649 3060 quam
678 2976 718 3040 ad
746 2977 946 3060 perspicuam
973 2977 1107 3040 saluom
1134 2975 1180 3039 rei
1202 2974 1347 3058 publicae
1369 2975 1393 3055 †
1414 2978 1605 3060 sumpserit,
1627 2997 1699 3041 cum

373 3087 456 3133 unns
477 3071 512 3133 ils
533 3070 635 3153 legem
657 3080 716 3153 per
735 3073 797 3135 tim
820 3070 914 3135 latam
933 3063 1038 3135 iurare
1052 3070 1213 3134 noluerat:
1236 3066 1377 3153 denique
1392 3070 1558 3134 videbator
1572 3091 1610 3134 ea
1624 3090 1700 3135 con-

373 3165 496 3229 ditione
529 3172 592 3229 tatii
619 3164 712 3228 iitrtls‘
738 3163 855 3240 iuuisse,
888 3172 923 3228 ut
949 3177 1021 3227 cunr
1048 3164 1168 3247 patriae
1196 3162 1327 3226 carimte·
1353 3166 1548 3228 constantias
1590 3166 1699 3229 loriam

374 3264 589 3323 commutaret·
624 3258 700 3322 Erat
727 3265 832 3321 autem
854 3275 905 3321 res
927 3258 957 3321 ei
980 3268 1051 3321 eum
1074 3257 1215 3321 exercitu
1239 3257 1272 3321 G.
1293 3256 1383 3321 Marii
1405 3258 1541 3335 invicto,
1563 3184 1700 3324 deberat

241 3404 243 3413 ,
333 3387 336 3395 ·
373 3354 537 3418 inimicum
560 3352 594 3416 G.
616 3350 769 3427 Marium,
797 3356 1051 3437 conservatorem
1072 3352 1207 3434 patriae,
1241 3355 1367 3413 sextum
1388 3350 1451 3413 iam
1471 3350 1563 3415 illum
1584 3360 1699 3416 consu*

231 3441 245 3461 “
320 3447 471 3513 444444
492 3452 672 3532 paramenta
692 3457 743 3510 res
765 3455 833 3511 erat
853 3459 924 3511 eum
945 3446 980 3507 L.
999 3444 1169 3508 Saturnino
1190 3443 1305 3508 itemm
1327 3444 1451 3536 444444
1472 3442 1526 3531 pi,
1547 3442 1698 3529 4ςί44444

331 3598 334 3603 .
373 3540 501 3623 horumne
523 3546 556 3605 44
576 3541 610 3604 iu
632 3548 727 3605 444444
748 3540 893 3625 populari
917 3539 944 3603 si
965 3551 1032 3603 non
1052 3539 1231 3613 moderate,
1253 3530 1390 3619 at‚csrte
1411 3539 1607 3623 populariter
1626 3536 1698 3602 abs·

373 3637 573 3721 licenterque
603 3639 737 3697 versato.
776 3632 893 3708 Cessit,
921 3650 962 3695 ne
991 3637 1047 3695 aut
1075 3634 1176 3696 rictus
1197 3651 1217 3695 a
1236 3631 1372 3696 fortibus
1393 3631 1468 3695 viris
1496 3652 1568 3698 cum
1600 3631 1697 3697 dede·

373 3749 446 3813 core
468 3728 596 3793 caderet
616 3732 670 3791 aut
691 3727 792 3791 victor
813 3726 918 3789 multis
941 3734 973 3789 et
995 3725 1129 3789 fortibus
1150 3725 1270 3789 civibus
1292 3746 1358 3789 rem
1380 3725 1537 3809 publicam
1558 3726 1693 3791 orbaret.

371 3818 432 3895 38,
446 3823 548 3888 Meam
570 3840 697 3887 causam
718 3826 847 3885 senatus
868 3819 990 3906 palam,
1013 3826 1162 3905 equanto
1181 3819 1261 3884 ordo
1283 3821 1450 3897 44444444,
1472 3828 1586 3885 cuncta
1600 3819 1697 3886 ,ltalia

437 4047 462 4097 4.
479 4057 575 4097 444444
592 4045 681 4096 omli
699 4070 727 4081 ·-
745 4044 771 4095 i.
789 4043 925 4093 duorl-
945 4042 969 4095 3.
986 4042 1352 4107 [wdnmucisrssffl-
1371 4042 1594 4106 immisti-⁸
1612 4045 1697 4096 ’4,444·

369 4120 539 4173 4444444444
561 4141 589 4155 -
615 4118 641 4170 8.
658 4118 893 4183 amaccora
912 4144 946 4155 —
970 4122 1043 4171 stP:
1065 4132 1097 4169 ae
1114 4121 1178 4181 40;
1205 4118 1240 4171 44.
1257 4119 1348 4169 lierm.
1366 4132 1394 4183 p.
1411 4120 1437 4170 4.
1455 4144 1484 4157 -
1503 4120 1543 4170 44.
1560 4120 1697 4171 ccccm

370 4194 463 4247 Lamo.
487 4194 607 4247 Dubitari
629 4206 683 4245 non
702 4194 791 4259 potest
808 4192 871 4257 quin
893 4193 1006 4245 44444444
1020 4192 1055 4245 ab
1072 4194 1215 4246 4444444444
1232 4194 1296 4257 (sive
1312 4192 1457 4255 44444444,
1480 4196 1511 4245 ut
1525 4191 1608 4245 walbi
1622 4191 1695 4245 sole-

368 4269 423 4334 bat)
441 4272 468 4322 44
482 4270 547 4322 item
563 4268 687 4333 44444444
705 4268 736 4319 ed
753 4266 929 4319 derivandum
945 4269 992 4326 sita
1018 4268 1067 4321 sed
1080 4268 1186 4320 videtur
1201 4269 1288 4334 supini
1305 4267 1390 4319 torma
1405 4268 1512 4327 4444444,
1530 4280 1584 4318 non
1600 4270 1696 4319 4444444-

367 4358 410 4397 444
428 4345 524 4405 iuissa;
550 4357 577 4395 s.
600 4344 703 4408 Zumpt.
722 4343 756 4394 ad
779 4344 898 4395 Curtium
919 4356 947 4409 p.
965 4344 1014 4396 447
1035 4346 1147 4408 atquae
1165 4343 1200 4394 de
1221 4344 1299 4395 holm
1315 4342 1391 4394 verbi
1413 4355 1464 4394 uso
1483 4340 1555 4406 apud
1575 4342 1694 4394 Tacitum

368 4420 479 4486 exposui
494 4419 520 4469 in
537 4419 674 4471 4444444444
688 4419 795 4483 aalma
806 4416 929 4481 44444444
947 4418 1028 4481 (iecit
1040 4416 1096 4468 Vol.
1108 4418 1213 4479 xxiiii,
1231 4429 1257 4481 p.
1271 4416 1303 4468 34
1314 4428 1375 4480 sqq.
1388 4442 1421 4453 —
1437 4416 1478 4467 ta.
1490 4417 1565 4468 444444
1580 4419 1657 4469 tuscia
1672 4420 1695 4468 (l

367 4523 401 4536 -
418 4494 642 4547 il.dtcltodiemo
657 4496 718 4545 G-
738 4494 778 4545 44.
796 4506 914 4544 neccaro
930 4496 963 4545 P:
981 4490 1235 4556 4444444440-
1254 4490 1295 4542 46.
1312 4492 1691 4556 msatlpostmemoticsup.

366 4568 514 4623 limitabat.
529 4591 557 4605 -··
573 4571 771 4631 4444444444)-
789 4568 830 4619 44.
843 4572 896 4618 tam
909 4572 1007 4631 pcata
1018 4570 1053 4627 ὓς
1071 4572 1124 4617 tom
1136 4569 1231 4629 pacato
1244 4563 1547 4628 maenomsenrus.
1560 4592 1586 4605 -
1600 4565 1641 4617 44.
1653 4564 1695 4617 44

366 4644 527 4709 mimam
542 4645 593 4695 Pe
607 4661 642 4681 -ι-
656 4644 980 4709 iocootsmptiaaooonm
995 4644 1016 4693 P
1032 4640 1208 4705 -ooro'onit
1224 4640 1243 4703 it
1259 4640 1400 4705 expuncta)
1415 4640 1694 4692 commemoras-

367 4718 520 4781 44444444.
538 4730 594 4770 rar.
612 4716 673 4770 leet.
691 4716 769 4783 adp.
788 4716 892 4781 44444
913 4714 1034 4781 etadp.
1052 4714 1110 4779 444,
1128 4715 1168 4779 cic
1190 4714 1319 4779 4444444444
1334 4716 1505 4767 4444444444
1520 4720 1542 4769 G
1558 4720 1629 4768 corr.
1646 4716 1690 4767 lu:

363 4790 721 4859 4444444444444444.
742 4820 769 4830 -
791 4794 833 4845 rs.
852 4794 1014 4844 maereo:
1037 4790 1229 4842 cambonio
1252 4816 1280 4830 -
1303 4790 1345 4842 ri.
1363 4792 1532 4843 ancaeo:
1555 4794 1608 4841 cccc
1629 4788 1690 4841 edd.

367 4870 431 4921 Μ.
449 4868 528 4930 etot
548 4868 582 4919 ol.
602 4868 694 4919 liermr
711 4867 775 4933 que.
793 4883 827 4905 w
843 4864 1208 4931 qoodmtmcplsl‘dlsed
1224 4866 1365 4930 uterquei
1386 4873 1422 4916 m.
1441 4865 1591 4928 4444444444
1610 4864 1694 4929 capt

367 4944 496 5007 qaasdcot
512 4943 532 4994 0
551 4965 578 4979 -
596 4943 638 4994 25.
656 4946 795 5005 44444444
810 4942 872 4993 Po:
890 4946 944 4993 4444
959 4944 1085 5004 44444444
1100 4939 1259 5004 iladvigius3
1277 4944 1403 5003 44444444
1418 4942 1439 4992 0
1456 4948 1519 4991 eum
1535 4938 1597 4990 edd.
1615 4942 1690 5000 nett3

366 5024 512 5083 4444444444
527 5016 651 5079 iacobum
670 5016 824 5081 melcol
839 5018 1007 5068 liei-mannus
1022 5030 1049 5081 p.
1068 5016 1113 5075 44;
1139 5014 1199 5067 tort.
1217 5011 1321 5066 44444444
1339 5021 1492 5079 nooman
1519 5013 1589 5065 coni.
1610 5013 1691 5064 444444

367 5088 649 5159 maerentem.-
667 5090 708 5142 id.
726 5089 876 5156 44144-
894 5092 936 5143 44.
954 5094 1136 5141 4444444444
1152 5088 1178 5153 lc
1193 5090 1333 5154 expuncta)
1349 5090 1369 5142 P
1388 5101 1478 5142 ——res
1493 5088 1596 5141 sil’G:
1613 5087 1693 5139 44444

367 5165 458 5220 uo-
477 5168 518 5220 44.
536 5168 684 5219 ul’corr.
703 5165 1073 5229 erod-atrtioetaquclu
1090 5162 1360 5231 4444444444μῦ4
1377 5161 1692 5228 mosacum

368 5243 509 5297 semus·-
526 5237 1058 5306 444444444441444444444444.
