4009 6159
703 552 776 617 u».
798 551 937 617 rx-rn
963 549 1011 636 ss
1033 531 1180 619 to-a's.
1522 538 1607 609 soor

283 742 416 807 genera,
449 742 532 807 quae
563 722 684 798 studia,
715 742 798 807 quae
825 724 959 789 varietas
985 721 1167 797 bominum,
1198 719 1322 787 videtis.
1363 721 1413 785 Ex
1432 720 1493 785 bac
1514 720 1607 804 copia

283 838 378 903 quam
400 817 516 883 multos
538 837 609 882 esse
630 817 844 893 arbitramini,
875 818 931 902 qui
951 818 1133 883 hominibus
1154 816 1350 899 potentibus,
1376 813 1536 898 gratiosis,
1558 810 1606 877 di-

283 912 390 986 sertis,
412 931 483 974 cum
504 911 628 995 aliquid
651 931 707 975 eos
721 910 803 974 velle
818 912 1019 986 arbitrentur,
1042 911 1123 975 ultro
1137 930 1172 975 se
1187 911 1302 974 offerre
1317 910 1457 984 soleant,
1478 928 1606 992 operam

282 1024 409 1079 navare,
419 1005 634 1069 testimonium
647 1004 812 1091 polliceri?
834 1002 886 1067 22.
899 1005 967 1069 4444
982 1025 1024 1069 ex
1038 1024 1153 1088 genere
1167 1004 1195 1067 si
1209 1003 1267 1088 qui
1281 1024 1316 1068 se
1329 1005 1364 1067 in
1377 1002 1440 1066 boc
1453 1001 1606 1066 iudicium

281 1096 363 1161 forte
378 1098 581 1181 proiecerint,
603 1099 797 1163 excluditote
812 1120 923 1163 eorum
938 1099 1152 1182 cupiditatem,
1173 1098 1305 1173 iudices,
1324 1097 1480 1181 sapientia
1492 1104 1631 1173 vestram

281 1199 317 1255 ut
339 1191 451 1257 eodem
480 1200 622 1277 tempore
644 1201 677 1257 et
702 1191 798 1257 buius
821 1192 914 1257 saluti
936 1201 968 1257 et
988 1194 1136 1276 religioni
1156 1198 1280 1257 uestrae
1301 1199 1333 1255 et
1353 1199 1463 1257 centn
1483 1190 1608 1273 pericn-

280 1284 367 1349 losas
387 1284 552 1351 bominum
573 1286 731 1370 potentias
753 1286 928 1350 conditioni
947 1289 1087 1352 omnium
1101 1285 1218 1351 civium
1235 1284 1414 1369 providisse
1428 1283 1607 1349 videamini.

280 1381 440 1466 Equidem
468 1401 525 1445 vos
554 1380 706 1444 4444444444
728 1400 747 1444 a
768 1380 917 1455 testibus,
947 1400 1054 1466 neque
1075 1380 1170 1445 buius
1191 1379 1301 1444 iudicii
1322 1379 1503 1453 veritatem,
1524 1396 1607 1462 quae

282 1476 396 1539 mutari
424 1474 512 1537 nullo
544 1474 789 1557 modospotest,
817 1475 850 1537 in
872 1475 1035 1540 voluntate
1062 1475 1193 1540 testium
1213 1473 1363 1539 collocari
1384 1472 1502 1548 sinam,
1525 1490 1607 1555 quse

281 1567 433 1633 facillime
454 1565 546 1651 fingi,
568 1568 658 1633 nullo
680 1570 808 1652 negotio
822 1570 906 1633 flecti
919 1588 957 1632 ac
973 1569 1156 1652 detorqueri
1175 1575 1289 1652 potest
1320 1567 1522 1650 Argumentis
1535 1583 1646 1649 age-so

281 1684 370 1727 mus:
392 1663 491 1747 signis
513 1663 584 1725 luce
606 1663 691 1725 omni
714 1662 898 1727 clarioribus
914 1664 1047 1727 crimina
1059 1661 1250 1726 refellemus.
1265 1654 1343 1743 (Res
1358 1681 1430 1724 cum
1443 1680 1489 1735 re,
1513 1678 1609 1725 causa

281 1777 354 1822 cnm
376 1777 487 1832 causa,
509 1756 591 1819 ratio
613 1775 684 1820 cum
706 1757 828 1819 ratione
849 1750 1030 1847 pugn-abit.)

367 1853 406 1915 X.
429 1848 480 1914 23.
503 1851 616 1937 Itaque
638 1850 725 1914 illam
745 1860 866 1934 partem
888 1871 1001 1916 causae
1022 1850 1117 1917 facile
1137 1852 1242 1936 patior
1263 1850 1399 1934 grauiter
1419 1859 1452 1913 et
1465 1858 1609 1915 ornetea

280 1948 322 2010 bl.
341 1946 454 2009 Crasso
476 1951 671 2029 peroratam,
698 1942 738 2006 de
768 1945 977 2010 seditionibus
998 1947 1232 2029 Neapolitanis,
1260 1947 1299 2009 de
1321 1944 1609 2011 Alexandrinorum

279 2039 460 2124 pulsatione
491 2037 680 2111 Puteolana,
710 2038 749 2100 de
778 2038 870 2103 bonis
891 2039 1007 2103 Pallae.
1042 2040 1165 2103 Vellem
1189 2038 1308 2103 dictum
1329 2037 1473 2102 essetab
1495 2036 1647 2103 codemss

281 2134 377 2197 etiam
399 2131 439 2195 de
460 2132 574 2196 Dione.
613 2132 660 2195 De
684 2152 749 2215 quo
772 2133 841 2214 ipso
869 2138 974 2197 tamen
996 2134 1076 2216 quid
1097 2134 1254 2217 estquod
1276 2133 1494 2217 exspectetis?
1523 2131 1610 2215 quod

280 2230 325 2303 is,
348 2228 405 2312 qui
426 2226 518 2302 lecit,
540 2232 678 2291 autnon
700 2227 792 2289 timet
813 2235 866 2291 aut
887 2227 984 2291 etiam
1005 2225 1139 2303 latetur;
1161 2234 1210 2291 est
1224 2228 1310 2291 enim
1324 2246 1400 2291 rex:
1433 2224 1489 2309 qui
1503 2233 1608 2290 autem

281 2322 385 2387 dictus
415 2328 463 2385 est
489 2322 616 2385 adiutor
642 2319 739 2383 luisse
769 2328 801 2385 et
826 2321 988 2396 conscius,
1010 2322 1044 2384 P.
1067 2321 1207 2398 Asicius,
1237 2321 1356 2385 iudicio
1378 2328 1427 2385 est
1447 2320 1609 2385 liberatus.

281 2419 377 2495 Quod
399 2417 497 2501 igitur
517 2422 568 2479 est
588 2412 763 2478 eiusmodi
784 2417 919 2491 crimen,
942 2423 979 2480 ut
1000 2415 1057 2499 qui
1079 2410 1238 2481 commisit
1257 2436 1322 2480 non
1342 2421 1454 2499 neget,
1476 2417 1533 2499 qui
1553 2436 1611 2480 ne·

281 2512 367 2597 gavit
388 2510 552 2575 absolutus
575 2509 632 2586 sit,
662 2508 696 2571 id
724 2508 777 2573 bic
805 2510 1025 2592 pertimescat,
1056 2510 1112 2595 qui
1138 2530 1203 2575 non
1224 2508 1320 2575 modo
1342 2507 1471 2585 alecti,
1498 2526 1646 2577 serumst

282 2610 376 2671 etiam
406 2625 425 2669 a
453 2602 666 2667 conscientiae
697 2604 878 2687 suspicione
900 2603 1003 2668 aluitl
1033 2606 1074 2668 Et
1102 2603 1129 2667 si
1150 2605 1257 2668 Asicio
1278 2622 1375 2669 cansa
1393 2604 1468 2687 plus
1489 2603 1611 2688 proluit

281 2720 378 2783 quam
399 2698 507 2763 nocuit
529 2697 666 2773 invidia,
687 2697 763 2761 huic
784 2698 887 2761 oberit
908 2706 997 2761 tuum
1019 2698 1241 2774 maledictum,
1262 2697 1320 2782 qui
1342 2698 1435 2763 istius
1454 2698 1530 2763 faeti
1544 2719 1610 2763 non

281 2792 375 2857 modo
396 2791 597 2875 suspicione,
619 2792 675 2854 sed
697 2812 737 2855 ne
758 2790 887 2857 infamia
908 2793 1040 2876 quidem
1061 2800 1111 2857 est
1128 2793 1319 2876 adspersus?
1341 2789 1392 2856 it.
1406 2826 1450 2839 -
1462 2791 1505 2856 At
1517 2811 1610 2876 prae·

281 2887 475 2952 runcatione
503 2890 552 2948 est
578 2884 704 2949 Asicius
732 2884 894 2952 liberatus.
915 2918 957 2935 -
986 2887 1138 2951 Perfacile
1166 2893 1215 2950 est
1236 2886 1290 2949 isti
1313 2886 1382 2950 loco
1403 2886 1609 2971 respondere,

281 2980 359 3045 mihi
387 2978 588 3064 praesertim,
621 2997 640 3041 a
668 2999 733 3063 quo
762 2979 817 3042 illa
844 3000 939 3043 causa
967 2980 1098 3045 detensa
1128 2988 1184 3044 est.
1226 2979 1288 3043 Sed
1312 2980 1437 3045 Caelius
1458 2980 1647 3065 optimumst

281 3093 409 3138 causam
428 3072 527 3145 Asicii
557 3091 627 3135 esse
656 3073 840 3137 arbitratur:
870 3074 1083 3138 cuicuimodi
1105 3084 1209 3139 autem
1231 3074 1287 3149 sit,
1310 3094 1329 3137 a
1350 3095 1408 3139 sua
1429 3081 1520 3157 putat
1541 3075 1609 3139 eius

282 3187 352 3232 esse
374 3168 565 3243 seiunctam
588 3186 693 3251 neque
715 3167 818 3231 solum
841 3167 983 3243 Caelius,
1011 3168 1068 3232 sed
1091 3168 1186 3233 etiam
1207 3167 1427 3232 adolescentes
1447 3167 1610 3232 humanis·

281 3263 354 3326 simi
375 3267 407 3325 et
429 3260 615 3336 doctissimi,
637 3261 818 3325 rectissimis
841 3262 953 3325 studiis
968 3270 1065 3347 atque
1080 3263 1207 3348 optimis
1224 3262 1344 3327 artibus
1358 3263 1503 3345 praediti,
1518 3262 1608 3353 Titus

282 3356 445 3440 Gaiusque
468 3352 544 3391 *l*
566 3355 710 3439 cognitus
729 3355 952 3420 Alexandriae.
985 3355 1072 3431 Quid
1092 3365 1149 3420 aut
1162 3356 1214 3420 bic
1228 3364 1285 3421 aut
1301 3376 1425 3421 summo
1439 3356 1609 3440 splendore
1732 3342 1752 3390 ³

342 3676 366 3726 4.
383 3675 520 3726 camelotos
534 3672 620 3725 EG·
638 3670 814 3739 AcousrsP,
829 3672 961 3727 sedocus
976 3675 1005 3728 in
1020 3688 1074 3729 ras.
1089 3704 1117 3714 -
1136 3674 1355 3728 ostentabatur
1371 3678 1608 3727 omP-etante

278 3751 325 3803 rel.
339 3764 393 3801 om.
407 3750 437 3812 E,
449 3752 470 3800 G
480 3762 539 3814 sup.
551 3748 596 3800 ltn.
609 3748 699 3801 hebet.
713 3776 741 3787 -
751 3752 906 3815 poicutcsor
917 3754 951 3804 C:
967 3752 1220 3816 pcimbsissimcso
1233 3774 1260 3789 -
1279 3752 1304 3801 ’4.
1317 3752 1485 3803 maduisse?
1499 3778 1525 3791 -
1540 3753 1565 3805 8.
1577 3752 1611 3803 m

155 3840 160 3849 ,
279 3811 1610 3893 quoae-aroucam-ro.sastusmas,sc;peuoemrsapsr¹;sassmspsam

279 3928 313 3941 -·-
325 3903 366 3953 44.
383 3903 438 3953 locs
452 3902 520 3953 44444
537 3903 557 3953 C
575 3904 602 3952 et
612 3900 760 3953 Victorinus
771 3902 807 3953 ad
824 3903 877 3954 Cic.
891 3902 925 3954 de
942 3906 997 3954 inv.
1011 3905 1035 3966 l,
1054 3916 1078 3953 c.
1092 3900 1124 3953 43
1140 3914 1167 3965 p.
1180 3901 1229 3951 440
1246 3900 1290 3951 ed.
1302 3900 1346 3950 0r.
1366 3900 1420 3964 (qui
1436 3899 1513 3951 euers
1529 3914 1610 3965 ergas-

279 3978 589 4041 ments'e--rsfsltemusl:
608 3978 676 4028 44444
691 3978 775 4030 hereo
788 4006 816 4016 -
836 3977 876 4030 44.
892 3984 1042 4043 matam
1056 3979 1123 4030 PG:
1142 3975 1209 4041 [esse]
1225 3980 1372 4040 4444444444
1386 3975 1407 4025 0
1421 4000 1449 4012 ··
1467 3975 1508 4026 44.
1521 3976 1611 4028 diosos

280 4056 551 4118 P-qrsassin-
577 4054 744 4117 4444444444)
767 4078 796 4091 ·-
818 4054 1118 4107 t'l.ootemom.b-
1141 4051 1402 4104 recommota
1422 4048 1608 4102 44444440-

280 4128 878 4192 ssconreiusttsmsffletsociusftsissslt—
897 4126 1182 4191 P.Asicisssl’(sodp.
1200 4122 1377 4186 osiinras.):
1398 4136 1427 4187 4.
1445 4125 1607 4188 maulim

279 4203 907 4256 P.sessios0-ustcsoc:useoasoo-
927 4199 1610 4257 esrom.so-ie.eusmoosc=asosmesso

282 4307 311 4319 ·-
329 4281 372 4331 20.
390 4294 408 4331 o
423 4279 486 4343 [4444
501 4281 662 4343 Naugerius:
685 4293 703 4330 a
717 4280 785 4343 secto
802 4278 861 4330 CO.
887 4279 1041 4331 Lectionem
1063 4277 1107 4329 ed.
1124 4276 1305 4341 Naugerianae
1321 4274 1394 4327 bene
1409 4271 1529 4325 defendit
1544 4277 1611 4328 We·

281 4356 438 4421 senbergius
456 4369 482 4421 p.
501 4352 531 4415 l;
554 4352 706 4405 Ptolemaeo
723 4355 808 4414 enim,
829 4354 874 4417 qui
892 4353 995 4416 caedis,
1018 4355 1047 4404 44
1061 4354 1162 4415 Asicio,
1185 4353 1233 4416 qni
1248 4351 1427 4402 conscientiae
1443 4348 1611 4403 insimulatus

281 4432 328 4493 sit,
347 4432 506 4484 ciceronem
524 4442 557 4481 ex
574 4430 706 4481 contrario
723 4442 824 4494 ponere
837 4426 969 4490 Caelium,
988 4427 1034 4493 qui
1051 4440 1104 4479 non
1120 4425 1203 4478 modo
1218 4425 1280 4477 lacti
1296 4426 1352 4477 sire
1363 4424 1454 4477 caedo
1470 4427 1612 4491 perpetro·

280 4510 334 4569 tae,
352 4504 403 4559 sed
420 4507 500 4559 etiam
517 4506 696 4556 conscientiae
713 4504 865 4569 suspicione
882 4502 986 4555 aluerit.
999 4528 1027 4539 -
1045 4503 1087 4553 it.
1104 4501 1238 4564 msptsioss
1253 4502 1273 4552 Ρ
1284 4526 1312 4536 -
1330 4499 1396 4563 attuit
1410 4502 1444 4552 P:
1463 4500 1543 4564 obrett
1552 4504 1573 4554 0
1582 4529 1609 4541 -

280 4583 404 4634 ostctoP:
427 4578 938 4640 mitioE3escioG3Ascits'oO-23.
957 4578 1610 4643 comemmorans-asperserP-Aq

280 4658 400 4718 ocEG13
419 4651 769 4718 44444444444444444444-
787 4652 976 4705 ibericiusl’:
995 4654 1122 4713 meltum
1141 4650 1612 4710 mutuaenutuae—tomice

280 4731 331 4781 PG
348 4730 405 4794 (sed
422 4732 448 4781 in
464 4733 484 4782 P
500 4731 544 4781 icit
559 4731 585 4780 in
603 4730 682 4793 rael:
700 4729 786 4779 Ascitii
803 4730 823 4780 0
842 4752 870 4765 -
889 4728 1039 4780 4444444444
1054 4728 1230 4792 Augustinus:
1248 4726 1386 4779 coisacam
1402 4726 1439 4788 C,
1456 4728 1611 4780 cosumus-

279 4804 349 4855 modi
365 4806 424 4855 L-
443 4810 528 4857 auten
543 4807 574 4857 P:
592 4806 637 4856 boc
649 4806 684 4864 G,
703 4803 905 4867 selasEmutem
920 4810 955 4855 ert
972 4804 1123 4870 suspicatur
1134 4800 1213 4854 Orelli
1229 4802 1257 4853 in
1269 4801 1312 4855 ed.
1325 4802 1361 4865 4.)
1375 4824 1405 4839 -
1422 4802 1476 4853 cies
1491 4806 1610 4855 sssePtt:

280 4879 334 4930 sius
349 4892 402 4931 om.
416 4881 436 4931 0
449 4906 476 4916 -
494 4880 536 4931 27.
554 4880 734 4930 4444444444ηηί
750 4883 774 4929 44
790 4879 931 4931 doctisssime·
945 4879 1097 4929 rectissimis
1113 4878 1183 4943 (recti
1197 4879 1300 4929 44444444
1315 4890 1352 4929 m.
1365 4879 1417 4942 pr.)
1433 4878 1522 4930 stadiis
1537 4883 1613 4942 etque

280 4956 388 5019 optionis
403 4958 422 5007 P
441 4982 467 4993 -
486 4955 527 5007 29.
546 4955 670 5017 Gaiusque
685 4955 715 5005 0.
739 4955 802 5007 Post
816 4956 939 5018 actusque
954 4969 970 5005 a
986 4953 1106 5017 librario,
1125 4955 1171 5018 qni
1182 4954 1335 5008 codiceme
1347 4952 1478 5016 exerevit,
1495 4954 1612 5018 spatium

280 5042 396 5081 vacuum
413 5032 537 5094 quattuor
552 5041 681 5081 versuum
697 5031 725 5081 44
740 5028 841 5080 dimidii
857 5029 980 5081 relictum
996 5031 1053 5091 444,
1074 5031 1102 5080 in
1118 5042 1172 5094 quo
1188 5042 1206 5079 a
1221 5042 1303 5081 menn
1318 5028 1470 5080 recentiore
1486 5040 1559 5079 saec.
1576 5028 1611 5078 11

280 5103 324 5154 vel
334 5106 392 5166 4444,
411 5104 460 5157 sed
476 5105 512 5156 ita
528 5107 558 5156 ut
574 5106 660 5156 totum
676 5104 790 5170 spatium
807 5116 860 5155 non
873 5103 1008 5170 expletum
1024 5105 1068 5167 sit,
1087 5103 1156 5156 baec
1172 5104 1270 5169 scripta
1281 5106 1356 5157 sunt:
1374 5097 1485 5154 4444444
1496 5102 1612 5153 (44444444

281 5178 353 5230 bocio
374 5186 449 5242 atque
468 5173 678 5231 immaturati
697 5181 774 5233 etiem
794 5180 899 5243 44444444
918 5180 998 5231 dimin
1018 5178 1312 5231 tmsbsassrbobitobot
1332 5178 1355 5229 ts
1376 5171 1611 5239 opudllscslsisst

281 5254 393 5307 44444444.
409 5256 495 5320 {serm
510 5256 547 5320 44,
565 5254 599 5308 de
616 5266 670 5320 qno
687 5254 874 5321 supplemento
890 5254 1042 5319 arbitrario,
1059 5252 1225 5320 quodetiam
1239 5254 1288 5309 tio
1303 5251 1405 5307 44444444
1415 5248 1473 5316 (sed
1483 5251 1541 5305 stne
1552 5260 1610 5303 4414
