4009 6159
406 558 469 626 aas
822 558 1074 627 omrronao
1097 559 1309 649 cannaco

407 732 481 797 culo
503 729 639 815 experiri
660 728 753 804 velis,
773 728 807 793 in
829 729 907 793 Care
928 729 961 793 id
983 730 1183 814 potissimum
1205 750 1276 795 osse
1295 728 1500 793 faciendum!
1522 728 1608 806 Quid
1626 748 1723 812 porro

406 831 441 893 in
463 828 583 892 Graeco
605 845 749 889 sermone
770 832 834 889 tam
855 826 962 888 tritum
991 836 1088 909 atque
1108 827 1299 891 celebratum
1321 833 1370 889 est
1389 843 1499 908 quam,
1527 823 1648 908 siquis
1669 822 1725 886 de-

407 922 543 1006 spicatui
565 919 704 994 ducitur,
726 926 763 985 ut
783 922 944 1004 Mysorum
964 919 1092 984 ultimus
1114 940 1185 985 esse
1198 921 1341 985 dicatur?
1362 920 1441 981 Num
1455 917 1533 1002 quid
1547 936 1607 1002 eqo
1620 918 1725 982 dicam

408 1014 448 1080 de
470 1016 593 1100 Lydia?
622 1015 695 1098 quis
723 1033 874 1097 umquam
901 1012 1040 1078 Graecua
1068 1015 1264 1079 comoediam
1292 1013 1434 1098 scripsit,
1465 1012 1500 1075 in
1529 1032 1594 1096 qua
1612 1030 1725 1076 servus

383 1111 579 1194 optimarum
607 1108 744 1193 partium
774 1128 839 1171 non
860 1107 966 1192 Lydus
988 1112 1098 1172 cssett
1132 1108 1235 1185 Quam
1257 1108 1387 1172 obrem
1407 1126 1490 1192 quae
1510 1106 1601 1172 vohis
1620 1104 1657 1171 lit
1674 1108 1726 1171 in·

405 1205 504 1281 iuria,
526 1205 553 1268 si
574 1203 742 1267 statuimus
762 1210 866 1266 restro
881 1202 974 1265 nohis
991 1199 1110 1265 iudicio
1125 1201 1270 1265 standum
1283 1222 1354 1265 osse
1368 1200 1409 1264 de
1421 1199 1533 1263 robis?
1558 1196 1610 1262 66.
1625 1201 1726 1284 Equi-

406 1297 478 1363 dem
499 1298 577 1363 mihi
598 1298 662 1361 iam
684 1299 761 1361 satis
783 1316 940 1380 superque
961 1294 1082 1360 dixisse
1094 1296 1206 1359 videor
1226 1294 1266 1358 do
1287 1295 1426 1358 Asiatico
1447 1313 1562 1377 genere
1581 1294 1724 1357 testium:

406 1394 462 1458 sed
483 1402 590 1458 tamen
610 1399 749 1457 vestrum
771 1398 834 1465 cst,
856 1390 991 1464 iudices,
1015 1390 1137 1465 omnia,
1165 1408 1247 1474 quae
1269 1389 1332 1452 dici
1353 1395 1487 1472 possunt
1506 1388 1541 1451 in
1560 1386 1725 1451 hominum

404 1487 581 1562 levitatem,
608 1485 870 1561 inconstantiam,
900 1484 1118 1569 cupiditatem,
1147 1486 1241 1548 etiam
1269 1484 1297 1549 si
1322 1504 1343 1549 a
1370 1504 1421 1548 me
1441 1484 1547 1548 minus
1567 1484 1724 1558 dicuutur,

367 1585 516 1647 toreshis
538 1581 651 1646 animis
674 1587 707 1643 et
728 1579 916 1662 cogitatione
941 1578 1220 1662 comprehendere.

444 1664 474 1674 „
488 1676 631 1740 xxvlss.
655 1673 807 1758 Sequitur
826 1674 896 1737 auri
916 1673 972 1736 illa
992 1672 1113 1737 invidia
1132 1673 1263 1736 Iudaici.
1298 1673 1368 1737 Hoc
1389 1672 1536 1737 nimirum
1557 1672 1637 1737 illud
1658 1678 1723 1745 est,

404 1771 493 1855 quod
514 1790 578 1834 non
599 1768 693 1851 longo
715 1788 734 1831 a
755 1766 903 1851 gradihus
924 1766 1062 1831 Aureliis
1083 1766 1162 1830 haec
1184 1786 1279 1831 causa
1300 1767 1429 1844 dicitur;
1459 1768 1500 1831 oh
1520 1766 1582 1832 hoc
1604 1766 1725 1831 crimen

215 1900 234 1915 o
280 1922 286 1935 .
402 1864 455 1929 hic
476 1866 567 1929 locus
587 1863 643 1927 ahs
665 1868 712 1937 to,
739 1860 846 1936 Laeli,
875 1870 969 1945 atque
990 1862 1047 1924 illa
1067 1862 1158 1924 turha
1180 1861 1323 1946 quaesita
1344 1862 1514 1970 est2<scis,
1543 1867 1661 1947 quanta
1683 1861 1728 1937 sit

404 1979 531 2035 manus,
564 1964 683 2041 quanta
704 1948 900 2033 concordia)
921 1964 1074 2038 quantum
1102 1955 1206 2021 valeat
1232 1954 1265 2018 in
1294 1955 1504 2019 contionibus.
1551 1954 1725 2017 Summissa

366 2064 483 2115 atroce
503 2071 611 2135 agam,
632 2056 753 2115 tantum
774 2057 809 2114 ut
830 2049 952 2113 iudices
974 2050 1121 2113 audiant:
1143 2069 1250 2133 neque
1271 2049 1355 2112 enim
1378 2049 1495 2113 desunt
1514 2050 1572 2134 qui
1591 2051 1669 2113 istos
1689 2049 1724 2110 in

403 2168 454 2210 me
476 2152 571 2229 atque
592 2146 627 2208 in
647 2146 801 2229 optimum
824 2162 982 2226 quemque
1003 2143 1151 2216 incitent,
1182 2164 1263 2226 quos
1283 2162 1360 2227 ego,
1387 2163 1452 2228 quo
1479 2144 1513 2207 id
1533 2144 1657 2208 facilius
1676 2141 1726 2206 ia·

403 2241 505 2315 ciant,
525 2258 590 2303 non
614 2238 780 2302 adiuvabo.
823 2234 874 2300 67.
897 2236 976 2300 Cum
997 2256 1109 2300 aurum
1130 2236 1322 2301 ludaeorum
1342 2238 1470 2301 nomine
1489 2237 1661 2322 quotannis
1682 2256 1725 2299 ex

402 2334 493 2399 ltalia
521 2342 553 2398 et
581 2353 622 2397 ex
644 2332 790 2396 omnihus
812 2331 985 2416 provinciis
1007 2330 1229 2413 llieroaolyma
1249 2332 1410 2414 exportari
1430 2332 1564 2409 soleret,
1591 2332 1724 2396 Flaccus

403 2430 510 2493 anxit
530 2426 650 2503 edicto,
671 2447 713 2490 ne
735 2447 777 2491 cx
797 2425 874 2491 Asia
895 2426 1053 2509 exportari
1075 2425 1194 2489 liceret.
1235 2424 1314 2501 Quia
1336 2433 1403 2500 est,
1423 2425 1561 2503 iudices,
1584 2425 1640 2511 qui
1661 2425 1724 2488 hoc

365 2537 469 2589 sonon
489 2542 562 2588 rere
585 2521 713 2586 laudare
734 2521 858 2605 possiti
888 2520 1055 2604 Exportari
1075 2540 1187 2583 aurum
1207 2540 1274 2584 non
1288 2527 1448 2605 oportere,
1469 2540 1543 2586 cum
1557 2539 1654 2604 saepe
1668 2540 1725 2584 aa·

403 2627 455 2683 toa
476 2624 620 2693 sensura,
642 2623 709 2681 tum
729 2636 781 2679 me
802 2613 932 2680 consule
954 2613 1139 2696 gravissime
1160 2614 1330 2679 iudicarit:
1351 2613 1426 2679 huic
1447 2622 1553 2680 autem
1573 2615 1725 2679 barbarae

403 2712 620 2797 superstitioni
655 2711 803 2773 resistere
835 2708 1028 2782 severitatis,
1060 2708 1294 2773 multitudinem
1323 2710 1511 2773 ludaeorum
1540 2712 1724 2793 llaqrantem

403 2827 468 2871 non
488 2825 661 2890 numquam
681 2804 716 2867 in
735 2803 935 2867 contionibus
956 2820 1081 2886 praere
1102 2802 1229 2885 puhlica
1250 2812 1450 2869 contemnere
1465 2802 1624 2886 gravitatis
1638 2822 1725 2867 sum·

404 2921 474 2965 mae
494 2901 563 2966 fuit
596 2901 639 2962 At
661 2898 717 2963 Gn.
738 2897 907 2981 Pompeius
929 2895 1031 2979 captis
1051 2896 1279 2980 Hierosolymis
1295 2897 1395 2961 victor
1409 2917 1450 2961 ex
1471 2897 1526 2962 illo
1547 2896 1622 2961 iano
1643 2895 1724 2960 nihil

365 2996 516 3079 aaattigit.
552 2990 604 3055 68.
625 2992 662 3055 ln
683 2991 794 3074 primis
814 2991 893 3066 hoc,
922 2998 959 3054 ut
979 2991 1078 3055 multa
1098 2992 1176 3066 alia,
1206 2992 1381 3075 sapienter:
1410 2991 1444 3055 in
1466 3000 1530 3055 tam
1551 2991 1725 3076 suspiciosa

403 3111 440 3156 ac
462 3089 615 3154 maledica
632 3087 756 3151 civitate
777 3086 882 3149 locum
900 3086 1039 3149 sermoni
1053 3087 1296 3149 obtrectatorum
1310 3106 1374 3150 non
1389 3085 1526 3168 reliquit.
1554 3088 1625 3151 Non
1638 3089 1723 3150 enim

404 3184 498 3249 credo
525 3181 711 3265 religionem
737 3186 769 3244 et
790 3180 977 3245 ludaeorum
992 3188 1026 3244 et
1044 3179 1184 3243 hostium
1205 3178 1432 3263 impedimento
1452 3181 1723 3264 praestantissimo

404 3278 602 3364 imperatori,
624 3274 681 3340 sed
702 3274 857 3359 pudorem
870 3274 979 3339 fuisse.
1016 3275 1074 3337 Uhi
1094 3274 1191 3357 igitur
1204 3273 1323 3337 crimen
1337 3276 1407 3336 esti
1430 3276 1581 3357 quoniam
1595 3274 1724 3359 quidem

403 3372 523 3436 lurtum
544 3388 700 3455 nusquam
722 3369 946 3452 reprehendis,
970 3368 1108 3432 edictum
1129 3367 1262 3452 probas,
1284 3365 1458 3431 indicatum
1479 3368 1606 3443 lateris,
1627 3386 1725 3453 quae-

367 3466 501 3530 aositum
522 3473 554 3529 et
574 3463 729 3549 prolatum
749 3462 853 3547 palam
874 3482 940 3525 non
960 3482 1076 3545 negas,
1099 3470 1203 3525 actum
1225 3481 1295 3525 esse
1315 3482 1374 3544 per
1391 3462 1476 3525 viros
1491 3462 1658 3545 primarios
1671 3482 1723 3525 res

404 3559 475 3642 ipsa
495 3557 643 3621 declarat
678 3557 836 3640 Apameae
858 3556 1024 3620 manifesto
1046 3556 1324 3639 comprehensum,
1356 3561 1430 3619 ante
1450 3556 1549 3640 pedes
1569 3558 1724 3640 praetoris

403 3653 439 3716 in
458 3650 529 3716 loro
551 3670 726 3735 expensum
747 3657 796 3713 eat
817 3650 886 3713 auri
907 3652 1013 3735 pondo
1028 3656 1154 3714 cantum
1174 3650 1271 3734 paulo
1289 3650 1392 3712 minus
1406 3669 1465 3733 per
1478 3650 1552 3713 Sex.
1568 3650 1723 3727 Caesium

249 3812 258 3824 „
376 3775 379 3786 ·
405 3748 544 3831 equitem
558 3746 743 3820 Romanum,
765 3745 974 3808 castissimum
987 3744 1150 3809 hominem
1164 3752 1258 3829 aque
1272 3744 1526 3828 integerrimum
1547 3742 1724 3808 Laodiceae

402 3840 516 3922 uiginti
541 3840 650 3924 pondo
672 3840 766 3925 paulo
788 3840 924 3922 amplius
945 3859 1002 3924 per
1022 3826 1108 3903 hunc
1128 3840 1165 3903 L.
1185 3837 1386 3902 Peducaeum
1405 3838 1544 3902 iadicem
1564 3845 1724 3916 nortuum

362 3942 395 4001 ‘aa
402 3934 577 4019 Adramytii
591 3933 631 3969 l*
647 3954 704 4019 per
723 3934 779 3998 Cn.
793 3934 967 3997 Domitium
988 3934 1144 4021 legatum
1165 3932 1308 4016 Pergami
1327 3952 1394 3995 non
1407 3926 1552 3997 multum.
1580 3926 1632 3994 66.
1645 3932 1724 3997 Auri

402 4030 483 4094 ratio
506 4036 645 4105 constat,
667 4050 778 4093 aurum
797 4030 832 4092 in
853 4028 975 4093 aerario
997 4035 1064 4104 est;
1095 4026 1214 4091 iurhrm
1234 4047 1301 4091 non
1322 4025 1580 4110 reprehenditur,
1601 4026 1724 4092 inuidia

403 4125 580 4208 quaeritur3
601 4144 621 4189 a
641 4123 798 4189 iudicibus
820 4124 919 4187 oratio
940 4122 1108 4197 avertitur,
1130 4141 1194 4186 vox
1207 4120 1243 4184 in
1256 4140 1405 4184 coronam
1419 4120 1608 4206 turbamque
1622 4120 1724 4185 sliun-

467 4282 491 4332 l.
510 4280 575 4333 core
590 4282 606 4331 S
624 4282 651 4332 et
666 4278 756 4332 Desid.
769 4278 909 4331 Erasmus:
927 4293 959 4330 ec
973 4292 1003 4330 re
1018 4276 1096 4330 codd.
1110 4276 1199 4338 multi;
1218 4278 1291 4327 canu
1306 4278 1356 4328 TA
1373 4303 1401 4312 -
1420 4278 1445 4328 2.
1462 4276 1484 4327 st
1500 4275 1560 4340 quid
1575 4278 1642 4343 desp.
1659 4278 1724 4329 dici-

401 4358 476 4407 turS
496 4382 522 4393 -
540 4358 566 4407 6.
584 4356 689 4407 ildinus
708 4380 736 4393 -
755 4356 779 4406 7.
796 4367 922 4417 asproqce
939 4355 1024 4405 ST-
1043 4355 1084 4404 tt.
1101 4354 1164 4404 illud
1180 4355 1263 4405 ests:
1281 4352 1500 4404 estittudceteri.
1518 4353 1722 4420 Cl.p.8il,dt.

444 4431 485 4485 tl.
502 4432 570 4483 uolat
586 4432 701 4483 STA-
719 4430 851 4481 machao
867 4430 925 4479 SA:
944 4428 1154 4488 demandam
1172 4429 1355 4480 mammosa
1370 4429 1455 4480 FL-
1474 4429 1725 4482 tutudsomso·

399 4506 466 4557 mine
482 4507 660 4559 owemnS-
677 4506 718 4555 ta.
732 4503 876 4568 proviaciis]
893 4506 984 4555 nostris
996 4503 1179 4567 prostratim
1196 4506 1284 4556 cotia
1296 4505 1433 4568 pmotudir
1448 4504 1495 4555 ΕΙ.
1507 4530 1535 4540 -
1552 4506 1725 4569 iite‘oaotm

399 4582 552 4633 Ernestius:
569 4580 758 4643 hierosolmnom
774 4580 874 4631 STAF
892 4580 919 4630 L.
944 4579 983 4650 Ci.
996 4593 1022 4629 ν.
1035 4578 1067 4631 ii
1085 4581 1112 4629 et
1128 4592 1154 4643 p.
1167 4580 1224 4641 8t9,
1236 4581 1261 4631 2.
1275 4606 1303 4617 -
1323 4582 1363 4631 ta,
1380 4595 1431 4631 sos
1445 4580 1491 4630 loc
1507 4581 1525 4632 F
1539 4606 1567 4617 -
1580 4594 1722 4646 praenes:

396 4668 445 4718 oro
461 4659 551 4709 ceteri.
575 4656 614 4708 Cl.
633 4654 765 4707 Halmium
781 4655 816 4707 ad
833 4654 919 4707 llilon¹
933 4654 947 4718 ἓ
960 4652 984 4704 3.
999 4680 1027 4689 -
1045 4654 1087 4704 aa.
1099 4654 1237 4716 raptetur:
1254 4655 1282 4706 io
1297 4657 1387 4706 sta:
1404 4655 1540 4718 supienter,
1559 4660 1603 4721 qut
1617 4661 1645 4710 ta
1655 4661 1725 4711 Nau·

399 4732 499 4795 genum
518 4734 655 4796 ropham,
674 4731 740 4793 quod
755 4731 856 4781 iocum
867 4730 947 4780 lienr.
960 4727 1094 4791 Stephano
1107 4728 1154 4778 LO
1168 4753 1196 4764 —
1215 4729 1255 4781 28.
1269 4730 1417 4793 ipitursl':
1435 4734 1583 4794 erquFO
1597 4758 1626 4771 -
1644 4746 1725 4798 quatr-

398 4806 529 4869 doquidem
544 4809 561 4858 s
581 4832 608 4843 -
626 4806 667 4855 29.
685 4804 823 4855 motion
838 4803 1029 4868 Pantagathus:
1052 4802 1191 4853 iudicatam
1207 4805 1298 4856 ceteri.
1316 4831 1344 4841 -
1364 4805 1405 4857 3⁴.
1422 4806 1551 4869 munterte
1565 4809 1615 4860 AF
1634 4834 1662 4847 —
1679 4810 1724 4860 ds-

393 4881 542 4943 matous»
558 4892 619 4932 cum
636 4880 718 4931 Henr.
735 4880 868 4944 Stephano
885 4880 918 4939 L;
937 4875 986 4930 sed
1002 4891 1028 4928 v.
1046 4874 1179 4929 Halmium
1194 4876 1230 4928 ad
1245 4877 1333 4929 ltilon.
1352 4878 1422 4945 8⁷²·
1438 4906 1466 4917 -
1484 4880 1526 4933 32.
1543 4886 1579 4933 est
1594 4884 1655 4935 sA:
1673 4896 1725 4934 aare

397 4956 472 5007 ΤΗ.
485 4982 513 4995 -
532 4958 629 5009 &daeo
645 4956 706 5015 SA;
725 4954 890 5014 Geinuml'3
910 4954 1033 5005 omnim
1048 4951 1142 5003 361.-
1161 4951 1201 5005 dl.
1218 4954 1332 5019 lauch]
1349 4954 1414 5005 susc
1429 4968 1452 5006 e.
1470 4955 1563 5007 haam
1579 4960 1641 5020 SA;
1658 4958 1725 5009 m

396 5030 478 5094 paen
491 5031 527 5083 .c.
539 5031 633 5081 tuciwo
643 5031 675 5091 Τ;
693 5030 758 5079 hooc
768 5031 850 5092 tpatm
859 5030 888 5081 L.
902 5042 965 5082 cum
976 5029 1019 5080 ed.
1033 5028 1196 5091 Naugeriana
1208 5028 1264 5089 Fi,
1281 5028 1347 5079 hasac
1358 5028 1455 5092 [oasa]
1467 5030 1496 5081 l.
1509 5031 1530 5081 0
1542 5056 1571 5069 -
1588 5031 1630 5083 ed.
1640 5032 1724 5083 Adra·

395 5106 468 5169 mutii
479 5107 660 5158 Camerarius:
679 5105 804 5167 Mmuett
820 5106 877 5166 Sl';
896 5106 1014 5157 adrimeti
1028 5105 1120 5166 TAL;
1138 5104 1289 5167 Adrusovttii
1303 5105 1332 5157 0.
1350 5106 1413 5156 Post
1428 5105 1498 5157 hanc
1513 5118 1610 5159 rocem
1626 5106 1722 5159 densa

395 5178 524 5233 lihrarum
540 5192 683 5233 numerum
700 5180 767 5245 (tort.
786 5181 813 5232 Ρ.
830 5180 869 5246 t.)
886 5181 988 5247 primus
1005 5180 1071 5235 vidit
1085 5180 1284 5233 ltommsenius.
1303 5206 1332 5218 ··
1352 5180 1468 5247 Puram
1482 5196 1534 5235 sos
1547 5182 1627 5237 mito
1640 5184 1724 5235 m

397 5255 525 5311 tldmius.
545 5285 572 5298 -
591 5258 632 5310 37.
650 5258 802 5312 moseddo
817 5255 846 5310 Τ.
