4009 6159
368 586 450 654 idib
793 591 946 656 ORATIO
968 593 1011 656 IN
1032 593 1067 656 1..
1088 592 1267 658 PISONEM

367 783 462 848 quam
484 761 542 824 tibi
564 760 693 844 paruit?
730 761 899 845 quisquam
922 762 954 824 in
977 762 1093 825 curiam
1116 763 1257 826 venienti
1286 767 1484 828 assurrexit?
1520 767 1687 851 quisquam

367 856 545 920 consulenti
575 855 831 938 respondendum
859 857 1006 938 putavit?
1038 857 1257 920 Numerandus
1279 866 1328 920 est
1349 859 1402 921 illc
1424 877 1526 921 annus
1548 861 1687 945 deniqne

366 955 450 1016 inre
468 950 611 1036 publica,
635 970 705 1013 cum
722 949 932 1012 obmutuisset
950 959 1094 1025 senatus,
1116 951 1234 1012 iudicia
1251 951 1490 1027 conticuissent,
1512 965 1689 1018 maererent

365 1046 454 1120 boni,
478 1045 526 1108 vis
548 1043 705 1106 latrocinii
726 1042 821 1106 vestri
843 1050 910 1105 tota
930 1043 1008 1105 urbe
1030 1041 1191 1117 volitaret,
1220 1064 1325 1127 neque
1347 1045 1423 1106 civis
1446 1067 1528 1110 unus
1550 1069 1590 1110 ex
1612 1048 1688 1111 civi·

341 1139 443 1213 ⁵tate,
467 1137 523 1201 sed
544 1137 614 1218 ipsa
636 1136 747 1199 civitas
770 1144 824 1198 tuo
848 1144 880 1198 et
902 1135 1028 1198 Gabinii
1051 1137 1160 1200 sceleri
1183 1137 1345 1219 furorique
1367 1141 1540 1205 cessisset?

447 1227 499 1294 27.
532 1234 577 1293 Ac
598 1249 639 1292 ne
662 1238 728 1292 tum
751 1230 880 1313 quidem
903 1229 1079 1303 emersisti,
1113 1228 1268 1293 lutulente
1292 1231 1483 1308 Caesonine,
1517 1255 1557 1298 ex
1578 1237 1688 1299 miser-

363 1326 451 1390 rimis
480 1333 611 1388 naturae
640 1329 713 1386 tuae
744 1323 907 1398 sordibus,
941 1343 1012 1386 cnm
1035 1333 1219 1407 experrecta
1247 1325 1372 1387 tandem
1395 1327 1494 1391 virtus
1521 1328 1686 1392 clarissimi

362 1420 419 1482 viri
450 1417 595 1482 celeriter
623 1427 654 1482 et
675 1437 783 1482 verum
812 1417 946 1480 amicum
969 1427 1002 1480 et
1023 1419 1141 1499 optime
1164 1419 1310 1481 meritum
1333 1421 1437 1484 civem'
1455 1431 1487 1484 et
1508 1443 1601 1486 suurn
1624 1425 1687 1506 pri-

362 1514 479 1576 stinum
501 1532 621 1574 morem
642 1512 825 1595 requisivit:
855 1531 959 1595 neque
990 1519 1038 1573 est
1069 1512 1123 1572 ille
1153 1513 1202 1573 vir
1230 1532 1340 1596 passus
1371 1512 1404 1574 iu
1434 1535 1471 1578 ea
1492 1537 1527 1578 re
1549 1516 1685 1599 publica,

325 1610 352 1655 ⁴⁰
362 1626 456 1690 quam
478 1608 547 1689 ipse
569 1606 733 1670 decorarat
755 1613 850 1690 atque
872 1614 1019 1679 auxerat,
1048 1604 1166 1667 diutius
1188 1615 1365 1668 vestrorum
1387 1608 1541 1673 scelerum
1563 1619 1685 1695 pestem

361 1701 497 1765 morari:
528 1721 600 1764 cum
628 1707 734 1762 tamen
756 1698 824 1771 ille,
858 1699 1099 1782 qualiscumque
1122 1707 1187 1772 est,
1221 1701 1276 1782 qui
1298 1707 1347 1762 est
1368 1701 1407 1762 ab
1431 1723 1493 1765 uno
1516 1713 1547 1766 te
1570 1705 1685 1788 impro-

360 1793 456 1859 bitate
478 1795 597 1869 victus,
631 1789 824 1876 [Gabinius,]
858 1791 987 1874 collegit
1015 1793 1085 1874 ipse
1108 1813 1141 1854 sc
1164 1793 1235 1866 vix,
1267 1793 1322 1856 sed
1346 1794 1474 1878 collegit
1500 1805 1621 1873 tamen,
1654 1808 1685 1860 et

360 1898 471 1953 contra
493 1911 583 1953 suum
607 1887 752 1950 Clodium
774 1889 910 1969 primum
932 1886 1092 1960 simulate,
1116 1886 1230 1948 deinde
1253 1907 1316 1950 uon
1338 1885 1492 1963 libenter,
1518 1892 1559 1953 ad
1580 1900 1685 1954 extre·

360 2005 445 2047 mum
462 1992 566 2047 tamen
580 2002 637 2064 pro
655 1981 710 2044 Cn.
726 1981 875 2064 Pompeio
891 2000 964 2043 vere
979 1979 1247 2063 vehementerque
1262 1983 1422 2063 pugnavit.
1466 1984 1538 2058 Quo
1555 1985 1683 2068 quidem

323 2078 392 2140 itin
414 2077 594 2159 spectaculo
625 2075 703 2140 mira
727 2075 837 2158 populi
866 2075 999 2137 Romani
1021 2076 1163 2155 aequitas
1185 2081 1261 2136 erat
1312 2075 1386 2137 Uter
1408 2096 1517 2140 eorum
1540 2080 1682 2161 perisset,

360 2179 520 2255 mmquam
543 2171 673 2244 lanista,
708 2169 740 2232 in
768 2170 837 2232 eius
868 2168 952 2230 modi
974 2167 1042 2251 pari
1064 2167 1185 2230 lucrum
1206 2167 1276 2230 lieri
1299 2169 1443 2250 putabat,
1475 2172 1682 2235 immortalem

358 2284 434 2328 vero
456 2274 640 2349 quaestum,
662 2264 688 2327 si
709 2272 843 2347 uterque
859 2262 1036 2325 cecidisset.
1079 2258 1128 2323 28.
1153 2262 1215 2324 Sed
1231 2261 1284 2324 ille
1300 2271 1403 2326 mmen
1418 2266 1531 2347 agebat
1545 2265 1682 2348 aliquid3

359 2358 504 2422 tuebatur
524 2357 744 2421 auctoritatem
766 2358 877 2420 summi
901 2357 979 2419 viri:
1014 2363 1080 2418 erat
1102 2357 1172 2440 ipse
1194 2356 1382 2432 sceleratus,
1414 2368 1481 2422 erat
1511 2357 1681 2442 gladiator;

358 2474 428 2517 cum
462 2453 614 2516 scelerato
642 2459 747 2514 tamen
780 2459 811 2514 et
843 2473 914 2514 cnm
948 2450 1017 2533 pari
1047 2451 1220 2532 gladiatore
1247 2452 1418 2534 pugnabat.
1464 2455 1528 2525 Tu,
1562 2451 1683 2514 scilicet

214 2531 242 2619 ,f
321 2546 452 2610 2⁰homo
479 2547 647 2628 religiosus
676 2553 708 2608 ct
736 2551 881 2618 sanctus,
917 2543 1048 2617 loedus,
1083 2545 1168 2628 quod
1198 2564 1269 2607 meo
1299 2547 1451 2628 sauguine
1479 2547 1513 2608 in
1534 2545 1680 2628 pactione

219 2646 224 2654 ’
355 2633 587 2726 provinciarum
615 2639 729 2713 iceras,
760 2637 904 2719 frangere
927 2638 1068 2700 noluisti.
1121 2639 1252 2702 Caverat
1274 2640 1357 2702 enim
1381 2640 1441 2703 sibi
1463 2640 1517 2702 ille
1539 2637 1679 2702 sororius

236 2762 251 2804 ‚¹
356 2734 492 2808 adulter,
522 2739 573 2805 ut,
602 2732 628 2794 si
650 2732 706 2795 tibi
729 2731 938 2814 provinciam,
970 2733 996 2794 si
1020 2733 1209 2807 exercitum,
1238 2733 1264 2795 si
1287 2734 1455 2815 pecuniam
1478 2743 1617 2818 ereptam
1639 2753 1679 2795 ex

355 2828 402 2890 rei
423 2825 568 2909 publicae
598 2824 771 2888 visceribus
803 2823 956 2899 dedisset,
990 2825 1132 2889 omnium
1163 2846 1292 2889 suorum
1323 2827 1476 2890 scelerum
1505 2830 1626 2891 socium
1648 2835 1678 2888 te

354 2919 596 3002 adiutoremque
631 2917 809 3000 praeberes.
859 2917 970 3002 ltaque
1008 2920 1041 2981 iu
1071 2919 1126 2981 illo
1156 2920 1291 2982 tumultu
1322 2919 1411 2982 tracti
1439 2919 1562 2994 fasces,
1595 2921 1675 2983 ictus

317 3013 441 3097 aoipse,
463 3011 606 3096 quotidie
631 3010 712 3085 tela,
735 3009 873 3095 lapides,
895 3011 1005 3095 sugae3
1037 3012 1254 3095 deprehensus
1277 3014 1416 3097 denique
1438 3034 1509 3076 cum
1531 3014 1614 3077 terro
1635 3016 1675 3076 ad

354 3113 497 3170 senatum
519 3105 562 3182 is,
597 3125 691 3189 quem
722 3107 762 3168 ad
795 3105 849 3168 Cn.
879 3107 1064 3189 Pompeium
1095 3107 1338 3170 interimendum
1366 3109 1554 3171 collocatum
1576 3108 1675 3171 luisse

353 3201 526 3266 constabat.
570 3199 654 3262 Xlll.
687 3196 738 3262 29.
767 3200 886 3283 Ecquis
915 3201 1036 3263 audivit
1062 3221 1125 3264 non
1154 3202 1249 3264 modo
1280 3201 1435 3264 actionem
1458 3201 1599 3285 aliquam
1622 3210 1676 3265 aut

351 3296 554 3372 relationem,
575 3294 631 3357 sed
654 3313 764 3357 vocem
786 3293 916 3356 omnino
938 3303 992 3358 aut
1015 3295 1187 3378 querellam
1209 3297 1323 3357 tuaml
1358 3294 1526 3358 Consulem
1548 3303 1624 3358 tune
1645 3303 1676 3358 te

351 3389 450 3454 fuisse
471 3396 578 3472 putas,
613 3389 702 3451 cuius
732 3387 765 3449 in
787 3387 936 3471 imperio,
969 3390 1024 3471 qui
1054 3410 1120 3452 reru
1148 3389 1307 3472 publicam
1337 3398 1464 3452 senatus
1491 3389 1676 3453 auctoritate

316 3489 506 3558 reservarat,
530 3481 714 3565 'fidemque
735 3481 768 3543 in
789 3481 896 3556 ltalia,
919 3482 974 3565 qui
996 3501 1106 3545 omnes
1129 3483 1269 3545 omnium
1291 3483 1433 3564 gentium
1454 3491 1560 3565 partes
1576 3481 1675 3545 tribus

352 3575 520 3659 triumphis
542 3576 741 3649 devinxerat,
763 3573 790 3636 is
813 3594 848 3636 se
870 3575 904 3637 in
925 3575 1053 3657 publico
1075 3583 1143 3638 tuto
1166 3577 1278 3639 statuit
1299 3595 1368 3639 esse
1391 3595 1454 3639 non
1477 3578 1598 3659 posset
1627 3580 1675 3638 An

352 3679 419 3735 tum
441 3671 534 3733 eratis
556 3669 716 3742 consules,
749 3687 836 3742 cum,
873 3687 1075 3752 quacumque
1106 3669 1145 3732 de
1166 3690 1201 3732 re
1224 3670 1354 3733 verbum
1375 3669 1480 3732 lacere
1501 3671 1675 3755 coeperatis

354 3759 420 3850 [aut
441 3762 558 3826 reterre
579 3762 619 3826 ad
642 3753 816 3844 senatuml,
850 3769 978 3825 cunctus
1007 3763 1085 3826 ordo
1113 3762 1303 3828 reclamabat
1324 3762 1572 3846 ostendebatque
1594 3763 1672 3827 nibil

352 3878 421 3922 esse
443 3878 500 3922 ros
530 3865 672 3932 acturos,
701 3857 763 3920 nisi
792 3857 878 3940 prius
901 3856 941 3920 de
963 3877 1013 3921 me
1035 3857 1261 3922 rettulissetist
1294 3880 1365 3922 cum
1386 3879 1459 3933 vos,
1482 3856 1672 3942 quamquam

314 3950 479 4016 ³⁶loedere
501 3952 644 4016 obstricti
666 3951 874 4026 tenebamini,
908 3959 1014 4015 tamen
1036 3972 1151 4034 cupere
1173 3972 1230 4016 ros
1254 3953 1416 4027 diceretis,
1447 3950 1503 4015 sed
1524 3950 1595 4035 lege
1615 3952 1672 4015 im-

417 4309 440 4358 t.
459 4306 663 4371 tibipmuited.
683 4304 761 4357 itta:
779 4305 938 4369 disparuitc
958 4331 986 4342 -
1006 4305 1183 4356 incuriosi.
1202 4329 1228 4340 -
1248 4305 1273 4355 2.
1290 4306 1486 4368 respondendam
1501 4307 1670 4359 amoenat

354 4411 380 4420 -
400 4382 423 4433 3.
442 4384 608 4433 ommututsaet
623 4383 642 4434 P
663 4409 689 4418 —
707 4381 867 4431 constitissent
885 4383 902 4432 F
921 4407 947 4417 -
975 4383 999 4432 5.
1017 4380 1103 4446 gabini
1119 4383 1136 4432 F
1156 4407 1183 4418 -
1203 4382 1327 4432 caminam
1343 4381 1362 4431 Ε
1379 4380 1460 4432 solus.
1481 4409 1509 4419 -
1527 4381 1552 4432 6.
1569 4381 1604 4433 Ac
1620 4382 1669 4433 AF.

352 4459 385 4505 G:
404 4462 431 4507 ot
447 4457 518 4508 Fso
537 4457 578 4518 (Ac
590 4485 626 4496 --
637 4459 765 4520 requisivit
780 4457 863 4508 habet
878 4457 907 4520 l)
921 4484 948 4492 -
968 4463 1026 4507 tunc
1042 4460 1063 4506 G
1077 4485 1103 4493 —
1123 4456 1257 4508 Caesonine
1272 4458 1300 4507 P.
1319 4457 1463 4509 Manodus:
1482 4471 1535 4508 cero
1551 4457 1625 4508 EFS
1642 4461 1669 4508 et

351 4532 428 4583 codd.
447 4535 564 4589 Asconii:
584 4547 674 4594 quomo
690 4531 803 4583 Klotzius
821 4545 852 4582 er
870 4545 931 4592 sua,
950 4534 978 4582 ut
995 4531 1111 4592 videtur,
1130 4531 1214 4591 coni.;
1233 4532 1336 4582 emenii
1352 4530 1394 4581 ed.
1412 4533 1491 4596 lunt,
1508 4531 1580 4597 quod
1597 4545 1669 4583 oom-

350 4607 819 4672 mendathuderusp.LV11.-
843 4621 875 4658 ao
898 4609 930 4658 C:
954 4610 1002 4658 ea
1026 4634 1053 4642 -
1078 4607 1101 4656 7.
1120 4612 1267 4669 eopeirocto
1288 4610 1322 4657 A:
1346 4612 1451 4669 asperto
1468 4608 1497 4659 C.
1525 4607 1563 4658 Ct.
1583 4621 1622 4658 or.
1639 4617 1668 4672 pr.

350 4683 433 4732 Sestio
450 4683 465 4748 5
483 4684 524 4734 ot.
543 4709 571 4719 -
588 4683 720 4733 cismarini
739 4682 789 4732 otii
811 4696 864 4734 om.
883 4681 961 4734 codd.
979 4686 1040 4732 Asc.
1060 4708 1087 4717 -
1110 4682 1150 4732 tt.
1169 4681 1289 4733 Gabinius
1304 4680 1435 4745 glossema
1452 4695 1512 4733 esse
1528 4681 1595 4733 vidit
1609 4683 1668 4733 liu-

349 4758 431 4807 retus.
451 4783 478 4793 -
497 4757 537 4808 ⁴3.
554 4771 628 4808 mam
644 4771 697 4808 om.
716 4757 734 4807 F
752 4783 779 4793 —
800 4757 948 4809 liceras
968 4784 994 4793 -
1014 4757 1286 4820 rsponsare:
1311 4758 1349 4808 roi
1362 4772 1390 4820 p.
1408 4757 1460 4810 trs
1478 4785 1506 4795 -
1525 4759 1565 4808 te.
1582 4757 1667 4807 liniaco

349 4829 369 4879 Ε
387 4855 414 4865 -
432 4832 474 4883 20.
491 4833 519 4882 ia
531 4833 647 4896 pactione
658 4833 849 4896 provinciarum
865 4846 913 4898 pro
930 4830 1089 4896 glossemate
1107 4831 1189 4883 babet
1203 4833 1274 4883 Bake
1290 4833 1333 4894 lv,
1351 4847 1378 4898 p.
1390 4833 1446 4884 3⁰2.
1467 4860 1495 4870 -
1513 4833 1555 4884 it.
1572 4833 1667 4883 iccorm

350 4907 383 4966 Gi
401 4907 496 4958 ieram
511 4908 639 4960 EFMPS.
659 4906 696 4958 Ct.
709 4906 829 4971 Madvigii
842 4907 937 4973 opusc.
951 4905 1027 4958 acad.
1040 4907 1071 4968 ll,
1084 4919 1110 4972 p.
1121 4907 1152 4958 35
1164 4910 1218 4958 not.
1230 4935 1256 4944 -
1275 4907 1316 4959 23.
1328 4921 1432 4959 urorum
1441 4908 1502 4959 lis:
1519 4913 1547 4958 at
1559 4909 1600 4972 (ex
1610 4909 1663 4969 tut)

346 4994 449 5032 monim
465 4982 512 5033 EF
532 5011 559 5021 -
580 4982 621 5034 at.
640 4983 747 5033 tumultu
766 4983 830 5034 MS:
854 4995 907 5034 om.
926 4981 973 5033 EF
992 5009 1019 5018 -
1042 4983 1083 5032 25.
1101 4981 1194 5044 ime
1214 5009 1241 5020 -
1259 4983 1300 5033 26.
1318 4983 1473 5034 coutocotrmr
1488 4985 1507 5034 P
1525 5009 1553 5020 —
1571 4983 1612 5033 at.
1630 4982 1664 5032 lit

347 5057 437 5120 qotrc
457 5084 484 5093 -
502 5058 544 5108 28.
562 5063 620 5108 tuac
635 5056 787 5109 Wunderus
804 5072 830 5122 p.
843 5057 921 5109 LVll:
940 5062 993 5108 trau
1009 5057 1152 5118 EFthS;
1171 5064 1199 5108 tu
1214 5059 1240 5109 ll
1257 5062 1285 5110 et
1300 5058 1439 5120 leoun.,
1458 5057 1530 5123 quod
1547 5056 1663 5123 praefert

346 5133 519 5199 Nipperdeius
536 5134 562 5184 iu
578 5131 703 5197 philologi
719 5133 767 5196 111,
786 5147 812 5198 p.
832 5132 887 5185 tta.
908 5159 935 5170 -
954 5133 994 5184 30.
1012 5133 1124 5196 memque
1139 5133 1166 5182 ic
1181 5133 1257 5183 Itotio
1273 5134 1307 5185 C:
1326 5134 1389 5186 isse
1403 5136 1431 5183 iu
1446 5134 1476 5183 lt.
1494 5133 1596 5183 amicus
1613 5133 1661 5184 Ur-

346 5210 409 5270 sini,
427 5209 491 5261 idom
507 5223 532 5260 se
547 5209 574 5259 io
589 5208 665 5258 ltalia
682 5210 880 5261 Mommsenins.
901 5237 929 5247 -
946 5208 1026 5259 mauis
1042 5222 1066 5258 o.
1082 5223 1108 5272 g.
1123 5209 1207 5270 portis
1222 5209 1239 5257 S
1258 5235 1285 5245 -
1303 5208 1331 5258 til
1351 5211 1378 5259 et
1393 5207 1433 5259 at.
1451 5221 1502 5258 aare
1517 5221 1571 5259 om.
1590 5209 1610 5256 G
1630 5233 1657 5243 -

344 5283 384 5336 33.
403 5291 448 5337 out
467 5285 561 5350 resurr
577 5285 611 5336 ad
625 5289 739 5338 turmam
754 5282 885 5349 glossema
903 5295 963 5336 esse
980 5282 1046 5336 vidit
1059 5281 1211 5336 Wunderus
1226 5296 1254 5348 p.
1266 5283 1329 5336 mu.
1349 5309 1377 5323 -
1395 5282 1436 5337 35.
1451 5295 1496 5335 uos
1509 5293 1563 5335 om.
1580 5281 1609 5336 F.
1694 5349 1697 5353 ¹
