4009 6159
651 548 1260 637 cn.xx1v-xxv.ss.oo-7i.
1553 535 1617 609 7⁷⁷

287 750 395 806 causa,
411 730 507 793 etiam
522 733 645 791 tacente
660 746 721 802 me,
738 726 824 809 cogit
838 725 960 789 animos
976 731 1162 809 mentesque
1176 728 1369 789 convertere.
1390 720 1491 786 XXV.
1506 718 1616 783 Omni·

286 825 346 889 bus
369 825 402 888 in
425 824 538 894 rebus,
570 820 705 895 iudices,
736 840 818 904 quac
846 819 1006 903 graviores
1034 820 1234 902 maioresque
1259 825 1350 892 sunt,
1378 814 1455 900 quid
1478 814 1616 898 quisque

286 916 440 993 voluerit,
462 914 626 999 cogitarit,
649 914 827 989 admiserit,
849 934 915 977 non
938 934 977 976 ex
1000 914 1148 989 crimine,
1171 913 1227 978 sed
1242 933 1283 977 ex
1302 912 1444 975 moribus
1459 910 1539 983 eius,
1560 906 1617 989 qui

287 1010 449 1094 arguitur,
472 1017 521 1073 est
543 1009 791 1093 ponderandum.
824 1012 937 1093 Neque
953 1008 1038 1072 enim
1052 1016 1159 1091 potest
1170 1010 1340 1093 quisquam
1353 1014 1496 1070 nostrum
1511 1001 1616 1068 subito

285 1104 382 1189 fingi,
404 1123 510 1188 neque
533 1105 719 1185 cuiusquam
742 1110 873 1186 repente
895 1103 960 1167 rita
980 1102 1094 1166 muteni
1109 1109 1165 1165 aut
1176 1110 1288 1166 natura
1301 1099 1453 1165 converti.
1481 1094 1533 1159 70.
1549 1094 1640 1159 Cir-s

287 1198 473 1282 cumspicite
495 1198 658 1282 paulisper
679 1198 837 1261 mentibus
859 1199 989 1271 vestris,
1011 1202 1048 1259 ut
1069 1197 1130 1259 alia
1149 1196 1324 1270 mittamus,
1345 1195 1443 1259 bosco
1456 1195 1545 1276 ipsos
1557 1190 1616 1254 bo·

287 1294 406 1368 mines,
437 1292 493 1376 qui
523 1292 599 1354 huic
628 1290 739 1355 affines
769 1292 881 1355 sceleri
902 1291 1043 1355 fuerunt.
1082 1290 1215 1354 Catilina
1236 1297 1347 1353 contra
1366 1308 1433 1351 rem
1456 1285 1616 1369 publicam

287 1385 478 1451 coniuravit.
513 1386 609 1450 Cuius
632 1406 724 1449 aures
746 1404 899 1468 umquam
919 1384 999 1447 baec
1017 1392 1206 1467 respuerunt
1219 1391 1366 1448 conatum
1382 1402 1452 1446 esse
1465 1379 1616 1443 audacter

284 1481 449 1545 hominem
471 1498 489 1543 a
510 1480 649 1563 pueritia
669 1499 735 1543 non
757 1479 860 1541 solum
883 1480 1127 1562 intemperantia
1149 1486 1182 1542 et
1202 1478 1336 1551 scelere,
1359 1475 1527 1540 sedetiam
1541 1492 1616 1537 con-

287 1574 457 1639 suetudine
479 1581 512 1638 et
532 1573 638 1639 studio
662 1575 695 1637 in
718 1574 805 1637 omni
825 1570 962 1657 llagitio,
985 1580 1113 1656 stupro,
1134 1571 1230 1636 caede
1245 1572 1425 1637 versatum?
1448 1567 1528 1644 Quis
1543 1584 1653 1630 eumso

286 1675 398 1733 contra
419 1668 553 1751 patriam
574 1675 769 1752 pugnantem
792 1667 914 1750 perisse
936 1666 1084 1741 miratur,
1115 1687 1210 1750 quem
1232 1686 1357 1749 semper
1377 1684 1488 1728 omnes
1508 1661 1617 1727 adroi-

285 1763 349 1826 vile
373 1761 576 1825 latrocinium
599 1769 708 1825 natum
730 1765 945 1847 putaverunt?
968 1762 1060 1837 'Quis
1082 1761 1208 1825 Lentuli
1230 1761 1397 1825 societates
1411 1780 1483 1823 cum
1504 1757 1617 1821 indici-

285 1859 363 1932 bus,
386 1858 459 1941 qnis
480 1856 636 1920 insaniam
658 1856 845 1930 libidinum,
869 1856 941 1939 quis
962 1874 1143 1939 perversam
1164 1864 1260 1940 atque
1282 1855 1409 1940 impiam
1430 1852 1616 1936 religionem

285 1951 487 2026 recordatur,
515 1952 571 2033 qui
597 1950 684 2014 illum
707 1959 762 2014 aut
783 1950 904 2013 nelarie
927 1951 1083 2033 cogitasse
1105 1956 1162 2014 aut
1182 1951 1277 2014 stulte
1299 1970 1444 2033 sperasse
1465 1948 1615 2012 miraturi

286 2046 367 2123 Quis
389 2045 429 2108 de
452 2046 486 2110 C.
509 2044 648 2128 Cethego
673 2052 768 2128 atque
791 2045 860 2108 eius
882 2046 916 2109 in
937 2044 1124 2127 Hispaniam
1145 2044 1343 2127 proiectione
1363 2066 1401 2109 ac
1423 2044 1463 2107 de
1484 2042 1655 2107 vulnerate

288 2138 327 2215 Q.
349 2138 470 2202 Metelli
491 2139 538 2203 Pii
561 2140 693 2221 cogitat,
727 2140 777 2204 cui
799 2159 863 2202 non
885 2139 924 2201 ad
948 2138 1035 2202 illius
1057 2158 1193 2222 poenam
1213 2159 1320 2203 carcer
1339 2138 1523 2204 aedificatus
1545 2158 1616 2201 esse

287 2234 455 2297 rideatur?
491 2229 543 2295 7i.
567 2232 685 2297 Omitto
709 2240 848 2307 ceteros,
871 2253 911 2297 ne
931 2232 973 2297 sit
991 2232 1167 2310 infinitum3
1191 2239 1310 2298 tantum
1325 2233 1446 2299 anobis
1468 2241 1560 2316 peto,
1580 2239 1618 2295 ut

287 2328 373 2391 taciti
397 2326 437 2390 de
460 2328 626 2401 omnibus,
656 2347 738 2410 quos
760 2328 943 2391 coniurasse
966 2329 1129 2410 cognitum
1151 2334 1214 2402 est,
1243 2328 1405 2409 cogitetis:
1432 2325 1616 2408 intelligetis

286 2441 384 2485 uuum
408 2440 568 2504 quemque
591 2442 699 2486 eorum
721 2422 808 2505 prius
831 2421 870 2484 ab
893 2441 951 2485 sua
970 2421 1037 2485 vita
1051 2442 1147 2504 quam
1163 2428 1267 2485 vestra
1282 2422 1462 2506 suspicione
1476 2441 1547 2485 esse
1561 2418 1617 2481 da·

288 2522 441 2579 mnatum.
467 2516 576 2598 lpsum
591 2516 682 2578 illum
695 2516 894 2589 Autronium,
910 2516 1060 2597 quoniam
1075 2515 1146 2579 eius
1165 2535 1281 2579 nomen
1295 2514 1464 2579 finitimum
1478 2515 1653 2578 maximeao

288 2618 338 2673 est
357 2607 454 2671 huius
475 2609 617 2693 periculo
640 2617 674 2674 et
695 2610 836 2684 crimini,
858 2628 924 2672 non
945 2629 1003 2672 sua
1025 2610 1089 2673 rita
1110 2629 1148 2672 ac
1169 2617 1282 2673 natura
1295 2609 1455 2673 convicit?
1485 2609 1618 2691 Semper

288 2702 404 2778 audax,
426 2703 585 2785 petulans,
600 2702 808 2779 libidinosus;
832 2723 927 2786 quem
942 2704 976 2766 in
991 2711 1170 2788 stuprorum
1183 2703 1421 2769 defensionibus
1434 2722 1500 2765 non
1513 2701 1617 2765 solum

288 2796 393 2861 verbis
414 2798 460 2861 nti
482 2796 726 2880 improbissimis
748 2797 875 2862 solitum
899 2817 967 2861 esse
990 2798 1124 2873 scimus,
1146 2818 1255 2862 verum
1270 2798 1364 2861 etiam
1379 2797 1494 2880 pugnis
1509 2796 1618 2860 elcal-

290 2890 397 2963 cibus;
429 2910 525 2974 quem
547 2891 717 2955 exturbare
746 2893 892 2955 homines
913 2910 954 2954 ex
976 2892 1247 2975 possessionibus,
1269 2891 1399 2955 caedem
1418 2890 1522 2955 facere
1540 2890 1617 2954 rici-

290 3006 422 3060 norum,
445 2969 678 3068 spoliare'iana
700 2986 875 3060 sociorum,
898 2986 929 3049 vi
951 2981 1122 3070 [conatum]
1139 2994 1171 3050 et
1184 2986 1280 3051 armis
1294 2985 1472 3050 disturbare
1486 2985 1655 3061 iudiciuae

290 3080 437 3145 inbonis
459 3080 554 3143 rebus
577 3099 688 3143 omnes
710 3088 925 3155 contemnere,
952 3081 984 3142 in
1007 3080 1098 3143 malis
1119 3100 1260 3164 pugnare
1281 3088 1391 3146 contra
1410 3080 1530 3155 bonos,
1551 3100 1616 3143 non

289 3175 336 3238 rei
358 3172 504 3256 publicae
527 3172 657 3248 redere,
678 3193 743 3237 non
764 3172 909 3237 fortunae
931 3174 994 3256 ipsi
1016 3176 1232 3238 succumbere.
1248 3170 1367 3254 (Huius
1388 3174 1416 3237 si
1437 3194 1532 3237 cansa
1552 3194 1617 3239 non

290 3266 554 3331 manifestissimis
575 3269 670 3331 rebus
693 3274 869 3343 teneretur,
893 3276 998 3333 nmen
1020 3288 1092 3331 cum
1113 3289 1217 3333 mores
1237 3269 1338 3351 ipsius
1357 3288 1394 3333 ac
1407 3270 1473 3333 vita
1486 3268 1617 3333 convin-

353 3605 378 3656 i.
395 3606 462 3670 cogit
477 3606 574 3656 4444444
589 3610 729 3667 mananseo
743 3604 893 3669 convertere]
911 3606 950 3655 sic
967 3604 1021 3655 Eri.
1039 3605 1122 3657 solus:
1143 3606 1209 3670 cogit
1224 3606 1257 3666 133
1275 3606 1341 3670 cepit
1355 3606 1456 3657 44444444
1470 3607 1515 3657 Ts
1532 3607 1615 3658 44444

287 3678 330 3732 vel
342 3680 433 3731 animis
444 3681 523 3733 codd.
537 3679 593 3732 rell.
606 3682 669 3732 uoti.
683 3706 710 3717 -
729 3680 754 3731 2.
766 3682 859 3731 iudices
870 3692 923 3731 om.
937 3681 1001 3729 T—
1013 3680 1039 3730 3.
1050 3683 1094 3742 qni
1109 3680 1288 3731 manumissi
1298 3682 1446 3746 4444444443
1459 3708 1487 3719 ·-
1501 3684 1525 3733 s.
1537 3683 1617 3746 srinpi

287 3756 308 3807 T
325 3784 354 3794 -
373 3761 450 3817 ctpne
464 3761 560 3806 444444
576 3757 596 3806 Β
616 3779 643 3790 -·
662 3756 686 3806 ti.
702 3754 832 3818 4444444444
848 3756 919 3805 mei:
934 3756 1072 3818 panttnper
1089 3757 1153 3806 0-
1167 3757 1297 3807 4444444444
1313 3757 1347 3806 T:
1365 3758 1508 3807 4444444444
1524 3757 1616 3809 440-

287 3830 312 3883 8.
329 3845 450 3895 nonquam
466 3832 577 3883 boecT:
604 3832 828 3893 necunquam,
852 3842 972 3893 44444444
987 3831 1033 3881 boc
1049 3832 1098 3881 440
1117 3858 1144 3867 -
1171 3832 1292 3883 44444444
1307 3834 1341 3883 T:
1368 3845 1421 3883 om.
1440 3834 1490 3885 110
1509 3860 1536 3870 —
1555 3832 1580 3883 9.
1598 3846 1616 3883 a

283 3907 398 3969 44444444
414 3905 494 3956 codd.
513 3907 584 3957 noti:
603 3918 681 3967 44444
697 3919 715 3955 o
728 3906 870 3968 poeniteo
884 3934 911 3943 -
930 3908 1132 3971 ntenpnanne]
1151 3908 1203 3959 «Ex
1218 3909 1271 3958 vita
1288 3908 1403 3959 bominis
1419 3907 1515 3971 probat
1526 3920 1616 3959 mores

287 3984 393 4041 orator,
412 3981 457 4044 qui
476 3979 601 4031 catilinae
618 3992 633 4029 a
650 3992 734 4043 puero
752 3982 841 4041 erant,
860 3980 928 4030 aucti
946 3983 1008 4032 sunt
1025 3982 1216 4034 consuetudine
1234 3984 1262 4033 et
1277 3982 1380 4044 studio,
1397 3983 1469 4035 unde
1487 3996 1617 4048 reponen·

287 4056 370 4107 dum:
388 4070 440 4107 non
455 4056 535 4107 solnm
550 4058 578 4107 44
594 4057 812 4118 intemperantia.»
830 4055 986 4121 Spengelius
1003 4059 1029 4108 in
1045 4057 1224 4107 &tentarint
1235 4057 1360 4122 Philotopo
1370 4060 1406 4121 11,
1418 4072 1445 4123 p.
1457 4060 1515 4110 297.
1534 4060 1616 4125 equi-

288 4133 352 4185 dem
368 4131 484 4199 erplico:
504 4144 557 4181 non
574 4129 660 4182 solum
677 4132 864 4195 intemperanti
881 4145 929 4183 sus
946 4134 1039 4182 natura
1056 4135 1084 4184 et
1094 4132 1221 4195 scelesta,
1238 4134 1288 4186 sed
1300 4135 1380 4186 etiam
1391 4138 1442 4186 etc.
1457 4161 1485 4173 -
1505 4136 1546 4186 it).
1557 4150 1617 4186 oer-

287 4208 379 4273 sotrnn]
396 4211 540 4271 grassatam
557 4208 609 4258 Eri.
637 4206 676 4259 ci.
695 4208 817 4271 Seyfferti
835 4208 911 4273 epist.
930 4221 957 4273 p.
976 4208 1017 4257 42.
1040 4236 1074 4245 -
1096 4209 1135 4257 ti.
1156 4209 1249 4270 perisse
1269 4210 1339 4260 mei:
1362 4210 1466 4273 periisse
1484 4212 1505 4261 0
1526 4239 1559 4248 —
1582 4213 1617 4261 od

287 4283 359 4333 444444
371 4282 541 4345 putroclntren
556 4288 643 4331 444444
658 4283 678 4332 Τ
694 4310 728 4319 -
753 4281 792 4333 il.
812 4286 857 4331 444
873 4283 970 4346 nefarie
984 4283 1106 4346 4444444444
1121 4288 1167 4333 out
1186 4284 1259 4335 444444
1279 4298 1390 4348 sperasse
1405 4285 1474 4337 Est:
1500 4292 1546 4337 444
1564 4288 1615 4350 nes.

287 4358 408 4423 4444444444
428 4360 474 4407 ont
491 4356 565 4406 444444
584 4357 706 4421 cogitasse
722 4357 754 4416 T,
772 4358 868 4421 nefarie
884 4362 959 4419 atque
974 4357 1048 4407 sinite
1062 4358 1182 4421 cogitasse
1198 4360 1231 4420 B;
1258 4365 1303 4410 444
1318 4362 1416 4424 nefarie
1430 4367 1476 4413 444
1490 4363 1562 4413 stain
1577 4377 1618 4413 co·

287 4434 379 4498 pimus
395 4432 416 4482 n
433 4457 461 4466 -
482 4431 521 4482 45.
540 4432 689 4493 turpantem
705 4432 726 4482 T
745 4460 772 4469 -
791 4433 831 4483 48.
850 4432 986 4496 intelligitis
1002 4433 1048 4482 TS
1063 4461 1096 4469 -
1115 4433 1154 4484 49.
1173 4436 1357 4497 eosarmTBS,
1377 4434 1437 4486 alii:
1453 4436 1555 4487 44444444
1571 4437 1614 4488 ed.

289 4507 364 4568 4472,
383 4506 445 4556 0-
464 4506 497 4556 44
513 4519 560 4557 aare
570 4508 603 4558 T:
622 4522 640 4558 o
655 4520 703 4557 4444
720 4507 767 4557 ito
781 4533 808 4542 —
826 4512 910 4559 oestro
926 4507 962 4558 T:
985 4520 1004 4556 o
1020 4511 1108 4556 444444
1119 4506 1179 4557 cod.
1191 4510 1265 4559 Parc.
1279 4509 1364 4574 (prob.
1376 4510 1507 4575 Seyfferto
1519 4525 1546 4576 p.
1557 4512 1615 4575 iti:

287 4586 375 4633 444444
396 4582 445 4633 no
465 4608 500 4619 -
523 4582 657 4645 suspitione
676 4596 728 4633 esse
747 4584 911 4645 dmnpnotm
933 4582 952 4631 T
975 4609 1001 4617 -
1028 4584 1070 4632 20.
1091 4584 1203 4633 macinae
1220 4584 1355 4649 4444444444
1374 4592 1410 4637 est
1428 4586 1485 4636 4444
1500 4600 1529 4649 p.
1546 4588 1566 4637 B
1583 4614 1616 4623 -

286 4658 328 4708 24.
346 4670 394 4708 seeo
409 4656 462 4707 vna
478 4670 510 4708 44
524 4664 621 4709 omaro
636 4658 670 4708 T:
688 4672 735 4708 sno
750 4664 846 4709 4444444
862 4658 896 4719 Β;
914 4670 962 4707 sno
976 4658 1038 4708 boec
1052 4658 1107 4707 4444
1121 4657 1199 4710 codd.
1212 4657 1335 4723 Palatini,
1353 4661 1397 4712 ed.
1411 4662 1489 4723 tiit,
1507 4676 1555 4712 444
1570 4663 1617 4712 beo

287 4733 339 4799 (44)
354 4732 409 4782 otta
425 4732 440 4781 3
457 4733 557 4782 Oxonn.
568 4746 574 4792 ;
592 4746 640 4783 4444
655 4733 828 4783 444444444444
845 4745 876 4783 44
891 4733 944 4782 vito
956 4732 985 4791 S:
1003 4746 1051 4783 sero
1061 4738 1120 4783 4444
1130 4739 1188 4784 acta
1199 4736 1252 4785 otto
1266 4736 1327 4787 cod.
1339 4738 1399 4789 Car.
1412 4738 1514 4803 steph„
1525 4740 1616 4799 Berm,

287 4810 348 4860 0-
368 4807 518 4857 conncitT:
536 4808 659 4857 conotncit
675 4808 725 4859 tto
744 4833 771 4843 -
790 4809 831 4859 22.
849 4812 964 4869 44444444
980 4808 1000 4858 T
1016 4835 1050 4845 -
1070 4808 1326 4873 244444444444444
1349 4814 1616 4879 -44444414444444

288 4910 318 4920 -
335 4880 376 4934 ai.
395 4894 468 4944 44444
484 4894 538 4932 om.
557 4882 576 4931 B
593 4909 626 4919 —
648 4882 732 4933 acT:
749 4883 829 4933 elio
846 4911 879 4920 -
905 4884 1126 4936 abricensium
1141 4891 1166 4936 44
1179 4888 1260 4937 annis
1275 4888 1354 4939 codd.
1372 4886 1506 4955 plerique,
1531 4890 1579 4942 sed
1596 4891 1615 4941 B

285 4957 312 5007 44
328 4962 352 5008 et
368 4956 447 5007 444444
463 4960 594 5017 44444444,
612 4957 632 5007 T
648 4960 674 5007 44
690 4963 714 5008 44
729 4963 847 5010 44444444
864 4964 887 5011 44
903 4960 995 5021 annis,
1018 4959 1067 5010 sed
1084 4959 1119 5009 ita
1136 4961 1166 5010 ut
1180 4962 1255 5026 prius
1271 4967 1294 5012 et
1310 4976 1327 5013 a
1342 4961 1449 5015 librario
1466 4965 1525 5030 ipso
1541 4963 1616 5015 dele-

287 5035 345 5083 tum
362 5031 409 5092 sit,
426 5031 453 5081 sn'
468 5038 561 5083 444444
575 5038 600 5083 44
615 5034 695 5083 manis
711 5032 855 5097 loronn.;
874 5041 992 5087 corretion
1010 5035 1190 5087 inducendum
1208 5050 1270 5089 esse
1280 5038 1346 5089 vidit
1360 5038 1518 5100 Lambinus;
1535 5039 1562 5088 oi
1577 5052 1617 5088 co-

286 5109 350 5159 44444
365 5112 388 5157 et
404 5108 511 5157 44444444
526 5108 594 5159 coni.
614 5106 700 5159 Orelli.
722 5136 749 5146 -
768 5110 810 5160 26.
828 5110 908 5161 omnis
923 5108 1094 5173 connumera
1112 5112 1132 5161 T
1148 5139 1181 5149 —
1197 5112 1238 5163 28.
1250 5126 1307 5164 4444
1318 5126 1371 5165 om.
1384 5116 1404 5164 B
1419 5140 1447 5150 -
1463 5114 1617 5163 convinceret

287 5183 345 5242 ΤΒ,
359 5180 417 5233 cod.
432 5183 461 5233 C.
475 5184 577 5248 steph„
595 5185 739 5235 lorcam:
758 5187 929 5237 convincerent
939 5186 956 5236 S
965 5187 994 5235 0.
1014 5185 1053 5236 Ci.
1066 5199 1090 5237 c.
1100 5187 1132 5237 22
1144 5186 1200 5238 init.
1213 5188 1302 5240 lladv.
1315 5190 1431 5240 Gramm.
1445 5187 1489 5239 lat.
1502 5187 1517 5252 5
1528 5186 1614 5249 2444)

287 5259 315 5311 et
331 5256 401 5309 adde
419 5257 474 5309 cic.
493 5257 527 5309 de
544 5258 609 5325 imp.
628 5260 676 5311 cu.
695 5262 786 5326 Pomp.
805 5260 820 5326 fi
838 5260 878 5313 34.
897 5262 958 5313 Tac.
976 5262 1044 5313 Ann
1062 5262 1087 5324 1,
1103 5262 1144 5312 tt.
1162 5263 1198 5324 11,
1216 5262 1257 5313 26.
