<?xml version="1.0" encoding="UTF-8"?>
<!DOCTYPE html PUBLIC "-//W3C//DTD XHTML 1.0 Transitional//EN"
    "http://www.w3.org/TR/xhtml1/DTD/xhtml1-transitional.dtd">
<html xmlns="http://www.w3.org/1999/xhtml" xml:lang="en" lang="en">
 <head>
  <title>
</title>
<meta http-equiv="Content-Type" content="text/html;charset=utf-8" />
  <meta name='ocr-system' content='tesseract 3.04.00' />
  <meta name='ocr-capabilities' content='ocr_page ocr_carea ocr_par ocr_line ocrx_word'/>
</head>
<body>
  <div class='ocr_page' id='page_1' title='image "./mtulliiciceroni01baitgoog_0639.png"; bbox 0 0 4009 6159; ppageno 0'>
   <div class='ocr_carea' id='block_1_1' title="bbox 384 496 1417 585">
    <p class='ocr_par' dir='ltr' id='par_1_1' title="bbox 384 496 1417 585">
     <span class='ocr_line' id='line_1_1' title="bbox 384 496 1417 585; baseline -0.009 0"><span class='ocrx_word' id='word_1_1' title='bbox 384 516 473 585; x_wconf 78' lang='lat' dir='ltr'>laet</span> <span class='ocrx_word' id='word_1_2' title='bbox 791 514 942 581; x_wconf 78' lang='lat' dir='ltr'>ORATIO</span> <span class='ocrx_word' id='word_1_3' title='bbox 964 512 1188 579; x_wconf 76' lang='lat' dir='ltr'>PHILIPPICA</span> <span class='ocrx_word' id='word_1_4' title='bbox 1208 512 1294 577; x_wconf 75' lang='lat' dir='ltr'>xlm</span> <span class='ocrx_word' id='word_1_5' title='bbox 1413 496 1417 501; x_wconf 41' lang='lat'>¹</span> 
     </span>
    </p>
   </div>
   <div class='ocr_carea' id='block_1_2' title="bbox 232 680 1732 3208">
    <p class='ocr_par' dir='ltr' id='par_1_2' title="bbox 385 680 1726 771">
     <span class='ocr_line' id='line_1_2' title="bbox 385 680 1726 771; baseline -0.009 -15"><span class='ocrx_word' id='word_1_6' title='bbox 385 692 532 757; x_wconf 86' lang='lat' dir='ltr'>inimicus</span> <span class='ocrx_word' id='word_1_7' title='bbox 552 690 653 753; x_wconf 81' lang='grc'><strong>444444</strong></span> <span class='ocrx_word' id='word_1_8' title='bbox 671 686 856 771; x_wconf 75' lang='lat' dir='ltr'>redegisset.</span> <span class='ocrx_word' id='word_1_9' title='bbox 899 680 949 748; x_wconf 88' lang='lat' dir='ltr'>ll.</span> <span class='ocrx_word' id='word_1_10' title='bbox 972 682 1035 749; x_wconf 87' lang='lat' dir='ltr'>Sed</span> <span class='ocrx_word' id='word_1_11' title='bbox 1063 684 1145 747; x_wconf 90' lang='lat' dir='ltr'>banc</span> <span class='ocrx_word' id='word_1_12' title='bbox 1173 682 1249 747; x_wconf 92' lang='lat' dir='ltr'>milri</span> <span class='ocrx_word' id='word_1_13' title='bbox 1279 682 1545 765; x_wconf 82' lang='lat' dir='ltr'>dispensationem</span> <span class='ocrx_word' id='word_1_14' title='bbox 1569 700 1628 765; x_wconf 90' lang='lat' dir='ltr'>pro</span> <span class='ocrx_word' id='word_1_15' title='bbox 1655 700 1726 765; x_wconf 80' lang='lat' dir='ltr'>pa-</span> 
     </span>
    </p>

    <p class='ocr_par' dir='ltr' id='par_1_3' title="bbox 363 774 1726 1330">
     <span class='ocr_line' id='line_1_3' title="bbox 385 774 1725 861; baseline -0.007 -12"><span class='ocrx_word' id='word_1_16' title='bbox 385 794 475 849; x_wconf 88' lang='lat' dir='ltr'>terna</span> <span class='ocrx_word' id='word_1_17' title='bbox 502 781 734 847; x_wconf 74' lang='lat' dir='ltr'>necessitudine</span> <span class='ocrx_word' id='word_1_18' title='bbox 759 786 792 844; x_wconf 91' lang='lat' dir='ltr'>et</span> <span class='ocrx_word' id='word_1_19' title='bbox 820 779 1042 843; x_wconf 88' lang='lat' dir='ltr'>coniunctione</span> <span class='ocrx_word' id='word_1_20' title='bbox 1071 775 1218 861; x_wconf 91' lang='lat' dir='ltr'>deposco.</span> <span class='ocrx_word' id='word_1_21' title='bbox 1260 776 1404 841; x_wconf 79' lang='lat' dir='ltr'>Redimet</span> <span class='ocrx_word' id='word_1_22' title='bbox 1429 775 1555 852; x_wconf 90' lang='lat' dir='ltr'>hortos,</span> <span class='ocrx_word' id='word_1_23' title='bbox 1591 774 1725 849; x_wconf 80' lang='lat' dir='ltr'>aedes,</span> 
     </span>
     <span class='ocr_line' id='line_1_4' title="bbox 385 871 1726 962; baseline -0.01 -19"><span class='ocrx_word' id='word_1_24' title='bbox 385 880 506 943; x_wconf 87' lang='lat' dir='ltr'>urbana</span> <span class='ocrx_word' id='word_1_25' title='bbox 526 874 700 961; x_wconf 90' lang='lat' dir='ltr'>quaedam,</span> <span class='ocrx_word' id='word_1_26' title='bbox 722 894 804 958; x_wconf 79' lang='lat' dir='ltr'>quae</span> <span class='ocrx_word' id='word_1_27' title='bbox 825 871 966 962; x_wconf 87' lang='lat' dir='ltr'>possidet</span> <span class='ocrx_word' id='word_1_28' title='bbox 985 872 1152 936; x_wconf 78' lang='lat' dir='ltr'>Antonius.</span> <span class='ocrx_word' id='word_1_29' title='bbox 1188 874 1267 935; x_wconf 88' lang='lat' dir='ltr'>Nam</span> <span class='ocrx_word' id='word_1_30' title='bbox 1288 876 1468 952; x_wconf 71' lang='lat' dir='ltr'>arpentum,</span> <span class='ocrx_word' id='word_1_31' title='bbox 1488 875 1625 943; x_wconf 85' lang='lat' dir='ltr'>restem,</span> <span class='ocrx_word' id='word_1_32' title='bbox 1657 886 1726 931; x_wconf 85' lang='lat' dir='ltr'>su-</span> 
     </span>
     <span class='ocr_line' id='line_1_5' title="bbox 386 961 1724 1057; baseline -0.007 -23"><span class='ocrx_word' id='word_1_33' title='bbox 386 969 591 1057; x_wconf 89' lang='lat' dir='ltr'>pellectilem,</span> <span class='ocrx_word' id='word_1_34' title='bbox 621 968 731 1032; x_wconf 81' lang='lat' dir='ltr'>vinnm</span> <span class='ocrx_word' id='word_1_35' title='bbox 759 967 881 1031; x_wconf 88' lang='lat' dir='ltr'>amittet</span> <span class='ocrx_word' id='word_1_36' title='bbox 907 985 1013 1050; x_wconf 90' lang='lat' dir='ltr'>aequo</span> <span class='ocrx_word' id='word_1_37' title='bbox 1041 966 1163 1041; x_wconf 87' lang='lat' dir='ltr'>animo,</span> <span class='ocrx_word' id='word_1_38' title='bbox 1196 984 1278 1048; x_wconf 88' lang='lat' dir='ltr'>quae</span> <span class='ocrx_word' id='word_1_39' title='bbox 1307 963 1362 1027; x_wconf 89' lang='lat' dir='ltr'>ille</span> <span class='ocrx_word' id='word_1_40' title='bbox 1391 962 1499 1026; x_wconf 91' lang='lat' dir='ltr'>helluo</span> <span class='ocrx_word' id='word_1_41' title='bbox 1530 961 1724 1045; x_wconf 85' lang='lat' dir='ltr'>dissipavit.</span> 
     </span>
     <span class='ocr_line' id='line_1_6' title="bbox 363 1054 1725 1141; baseline -0.006 -14"><span class='ocrx_word' id='word_1_42' title='bbox 363 1064 558 1137; x_wconf 74' lang='lat' dir='ltr'>salbanum,</span> <span class='ocrx_word' id='word_1_43' title='bbox 579 1062 780 1125; x_wconf 82' lang='lat' dir='ltr'>FormIannm</span> <span class='ocrx_word' id='word_1_44' title='bbox 802 1080 821 1125; x_wconf 90' lang='lat' dir='ltr'>a</span> <span class='ocrx_word' id='word_1_45' title='bbox 840 1058 1003 1124; x_wconf 80' lang='lat' dir='ltr'>Dolabella</span> <span class='ocrx_word' id='word_1_46' title='bbox 1025 1055 1231 1141; x_wconf 82' lang='lat' dir='ltr'>reciperabit,</span> <span class='ocrx_word' id='word_1_47' title='bbox 1253 1058 1347 1122; x_wconf 91' lang='lat' dir='ltr'>ctiam</span> <span class='ocrx_word' id='word_1_48' title='bbox 1369 1056 1408 1120; x_wconf 89' lang='lat' dir='ltr'>ab</span> <span class='ocrx_word' id='word_1_49' title='bbox 1423 1054 1562 1120; x_wconf 77' lang='lat' dir='ltr'>Antonio</span> <span class='ocrx_word' id='word_1_50' title='bbox 1584 1058 1725 1121; x_wconf 84' lang='lat' dir='ltr'>Tuscu-</span> 
     </span>
     <span class='ocr_line' id='line_1_7' title="bbox 385 1148 1723 1239; baseline -0.007 -19"><span class='ocrx_word' id='word_1_51' title='bbox 385 1158 509 1221; x_wconf 84' lang='lat' dir='ltr'>lanum:</span> <span class='ocrx_word' id='word_1_52' title='bbox 538 1155 643 1239; x_wconf 84' lang='lat' dir='ltr'>iique,</span> <span class='ocrx_word' id='word_1_53' title='bbox 673 1154 728 1238; x_wconf 90' lang='lat' dir='ltr'>qui</span> <span class='ocrx_word' id='word_1_54' title='bbox 757 1173 841 1217; x_wconf 91' lang='lat' dir='ltr'>nunc</span> <span class='ocrx_word' id='word_1_55' title='bbox 862 1154 1013 1217; x_wconf 80' lang='lat' dir='ltr'>Mutinam</span> <span class='ocrx_word' id='word_1_56' title='bbox 1036 1159 1236 1235; x_wconf 73' lang='lat' dir='ltr'>oppugnant,</span> <span class='ocrx_word' id='word_1_57' title='bbox 1262 1152 1300 1213; x_wconf 89' lang='lat' dir='ltr'>D.</span> <span class='ocrx_word' id='word_1_58' title='bbox 1321 1152 1452 1213; x_wconf 87' lang='lat' dir='ltr'>Brutum</span> <span class='ocrx_word' id='word_1_59' title='bbox 1474 1148 1635 1224; x_wconf 84' lang='lat' dir='ltr'>obsident,</span> <span class='ocrx_word' id='word_1_60' title='bbox 1671 1148 1723 1211; x_wconf 80' lang='lat' dir='ltr'>de</span> 
     </span>
     <span class='ocr_line' id='line_1_8' title="bbox 385 1242 1723 1330; baseline -0.007 -15"><span class='ocrx_word' id='word_1_61' title='bbox 385 1251 518 1316; x_wconf 85' lang='lat' dir='ltr'>Falerno</span> <span class='ocrx_word' id='word_1_62' title='bbox 538 1253 675 1313; x_wconf 81' lang='lat' dir='ltr'>Anseres</span> <span class='ocrx_word' id='word_1_63' title='bbox 696 1248 904 1330; x_wconf 82' lang='lat' dir='ltr'>depellantur.</span> <span class='ocrx_word' id='word_1_64' title='bbox 941 1247 1023 1311; x_wconf 91' lang='lat' dir='ltr'>Sunt</span> <span class='ocrx_word' id='word_1_65' title='bbox 1043 1248 1097 1310; x_wconf 88' lang='lat' dir='ltr'>alii</span> <span class='ocrx_word' id='word_1_66' title='bbox 1119 1247 1225 1329; x_wconf 88' lang='lat' dir='ltr'>plures</span> <span class='ocrx_word' id='word_1_67' title='bbox 1247 1244 1394 1319; x_wconf 81' lang='lat' dir='ltr'>fortasse,</span> <span class='ocrx_word' id='word_1_68' title='bbox 1417 1244 1472 1307; x_wconf 88' lang='lat' dir='ltr'>scd</span> <span class='ocrx_word' id='word_1_69' title='bbox 1496 1242 1536 1307; x_wconf 93' lang='lat' dir='ltr'>de</span> <span class='ocrx_word' id='word_1_70' title='bbox 1556 1263 1626 1307; x_wconf 89' lang='lat' dir='ltr'>mea</span> <span class='ocrx_word' id='word_1_71' title='bbox 1640 1262 1723 1307; x_wconf 81' lang='lat' dir='ltr'>rne-</span> 
     </span>
    </p>

    <p class='ocr_par' dir='ltr' id='par_1_4' title="bbox 351 1339 1722 1609">
     <span class='ocr_line' id='line_1_9' title="bbox 387 1339 1721 1425; baseline -0.009 -16"><span class='ocrx_word' id='word_1_72' title='bbox 387 1345 487 1409; x_wconf 89' lang='lat' dir='ltr'>moria</span> <span class='ocrx_word' id='word_1_73' title='bbox 514 1343 703 1408; x_wconf 88' lang='lat' dir='ltr'>dilabuntur.</span> <span class='ocrx_word' id='word_1_74' title='bbox 743 1343 811 1425; x_wconf 78' lang='lat' dir='ltr'>Ego</span> <span class='ocrx_word' id='word_1_75' title='bbox 834 1341 927 1405; x_wconf 88' lang='lat' dir='ltr'>etiam</span> <span class='ocrx_word' id='word_1_76' title='bbox 950 1360 1005 1404; x_wconf 89' lang='lat' dir='ltr'>eos</span> <span class='ocrx_word' id='word_1_77' title='bbox 1028 1340 1117 1415; x_wconf 90' lang='lat' dir='ltr'>dico,</span> <span class='ocrx_word' id='word_1_78' title='bbox 1146 1340 1200 1423; x_wconf 91' lang='lat' dir='ltr'>qui</span> <span class='ocrx_word' id='word_1_79' title='bbox 1221 1339 1360 1403; x_wconf 89' lang='lat' dir='ltr'>bostium</span> <span class='ocrx_word' id='word_1_80' title='bbox 1381 1357 1514 1404; x_wconf 86' lang='lat' dir='ltr'>numero</span> <span class='ocrx_word' id='word_1_81' title='bbox 1535 1357 1599 1401; x_wconf 92' lang='lat' dir='ltr'>non</span> <span class='ocrx_word' id='word_1_82' title='bbox 1621 1341 1721 1410; x_wconf 88' lang='lat' dir='ltr'>sunt,</span> 
     </span>
     <span class='ocr_line' id='line_1_10' title="bbox 387 1425 1722 1522; baseline -0.007 -19"><span class='ocrx_word' id='word_1_83' title='bbox 387 1437 593 1522; x_wconf 91' lang='lat' dir='ltr'>Pompeianas</span> <span class='ocrx_word' id='word_1_84' title='bbox 620 1435 840 1519; x_wconf 86' lang='lat' dir='ltr'>possessiones</span> <span class='ocrx_word' id='word_1_85' title='bbox 868 1434 979 1517; x_wconf 85' lang='lat' dir='ltr'>quanti</span> <span class='ocrx_word' id='word_1_86' title='bbox 1005 1436 1137 1498; x_wconf 89' lang='lat' dir='ltr'>emerint</span> <span class='ocrx_word' id='word_1_87' title='bbox 1159 1430 1222 1497; x_wconf 89' lang='lat' dir='ltr'>lilio</span> <span class='ocrx_word' id='word_1_88' title='bbox 1245 1431 1436 1496; x_wconf 90' lang='lat' dir='ltr'>reddituros.</span> <span class='ocrx_word' id='word_1_89' title='bbox 1479 1425 1530 1493; x_wconf 76' lang='grc'>42.</span> <span class='ocrx_word' id='word_1_90' title='bbox 1553 1430 1635 1495; x_wconf 89' lang='lat' dir='ltr'>Satis</span> <span class='ocrx_word' id='word_1_91' title='bbox 1659 1431 1722 1493; x_wconf 86' lang='lat' dir='ltr'>in·</span> 
     </span>
     <span class='ocr_line' id='line_1_11' title="bbox 351 1523 1720 1609; baseline -0.006 -14"><span class='ocrx_word' id='word_1_92' title='bbox 351 1530 577 1597; x_wconf 78' lang='lat' dir='ltr'>inconsiderati</span> <span class='ocrx_word' id='word_1_93' title='bbox 596 1527 671 1604; x_wconf 83' lang='lat' dir='ltr'>tuit,</span> <span class='ocrx_word' id='word_1_94' title='bbox 693 1548 734 1592; x_wconf 88' lang='lat' dir='ltr'>nc</span> <span class='ocrx_word' id='word_1_95' title='bbox 756 1527 858 1591; x_wconf 88' lang='lat' dir='ltr'>dicam</span> <span class='ocrx_word' id='word_1_96' title='bbox 880 1528 1022 1602; x_wconf 90' lang='lat' dir='ltr'>audacis,</span> <span class='ocrx_word' id='word_1_97' title='bbox 1044 1548 1109 1591; x_wconf 91' lang='lat' dir='ltr'>rem</span> <span class='ocrx_word' id='word_1_98' title='bbox 1131 1527 1228 1591; x_wconf 90' lang='lat' dir='ltr'>ullam</span> <span class='ocrx_word' id='word_1_99' title='bbox 1244 1548 1284 1591; x_wconf 89' lang='lat' dir='ltr'>err</span> <span class='ocrx_word' id='word_1_100' title='bbox 1297 1526 1360 1589; x_wconf 88' lang='lat' dir='ltr'>illis</span> <span class='ocrx_word' id='word_1_101' title='bbox 1375 1526 1543 1609; x_wconf 78' lang='lat' dir='ltr'>attingere:</span> <span class='ocrx_word' id='word_1_102' title='bbox 1568 1523 1720 1587; x_wconf 83' lang='lat' dir='ltr'>retinere</span> 
     </span>
    </p>

    <p class='ocr_par' dir='ltr' id='par_1_5' title="bbox 386 1614 1718 1707">
     <span class='ocr_line' id='line_1_12' title="bbox 386 1614 1718 1707; baseline -0.011 -15"><span class='ocrx_word' id='word_1_103' title='bbox 386 1644 462 1691; x_wconf 85' lang='lat' dir='ltr'>rero</span> <span class='ocrx_word' id='word_1_104' title='bbox 485 1623 556 1707; x_wconf 90' lang='lat' dir='ltr'>quis</span> <span class='ocrx_word' id='word_1_105' title='bbox 577 1622 709 1705; x_wconf 86' lang='lat' dir='ltr'>poterit,</span> <span class='ocrx_word' id='word_1_106' title='bbox 739 1621 913 1685; x_wconf 89' lang='lat' dir='ltr'>clarissimo</span> <span class='ocrx_word' id='word_1_107' title='bbox 936 1619 1065 1686; x_wconf 92' lang='lat' dir='ltr'>domino</span> <span class='ocrx_word' id='word_1_108' title='bbox 1087 1621 1255 1685; x_wconf 72' lang='lat' dir='ltr'>restituto?</span> <span class='ocrx_word' id='word_1_109' title='bbox 1287 1619 1335 1682; x_wconf 76' lang='lat' dir='ltr'>An</span> <span class='ocrx_word' id='word_1_110' title='bbox 1357 1619 1385 1682; x_wconf 91' lang='lat' dir='ltr'>is</span> <span class='ocrx_word' id='word_1_111' title='bbox 1406 1638 1473 1682; x_wconf 93' lang='lat' dir='ltr'>non</span> <span class='ocrx_word' id='word_1_112' title='bbox 1493 1617 1621 1693; x_wconf 87' lang='lat' dir='ltr'>reddet,</span> <span class='ocrx_word' id='word_1_113' title='bbox 1649 1614 1718 1700; x_wconf 86' lang='lat' dir='ltr'>qui</span> 
     </span>
    </p>

    <p class='ocr_par' dir='ltr' id='par_1_6' title="bbox 237 1708 1732 1992">
     <span class='ocr_line' id='line_1_13' title="bbox 387 1708 1718 1800; baseline -0.007 -19"><span class='ocrx_word' id='word_1_114' title='bbox 387 1716 506 1782; x_wconf 91' lang='lat' dir='ltr'>domini</span> <span class='ocrx_word' id='word_1_115' title='bbox 527 1716 749 1800; x_wconf 76' lang='lat' dir='ltr'>patrimonium</span> <span class='ocrx_word' id='word_1_116' title='bbox 772 1714 1004 1796; x_wconf 84' lang='lat' dir='ltr'>circumplexus</span> <span class='ocrx_word' id='word_1_117' title='bbox 1027 1715 1117 1799; x_wconf 89' lang='lat' dir='ltr'>quasi</span> <span class='ocrx_word' id='word_1_118' title='bbox 1134 1708 1339 1799; x_wconf 83' lang='lat' dir='ltr'>[thesaurum]</span> <span class='ocrx_word' id='word_1_119' title='bbox 1360 1713 1468 1789; x_wconf 89' lang='lat' dir='ltr'>draco,</span> <span class='ocrx_word' id='word_1_120' title='bbox 1489 1712 1619 1795; x_wconf 80' lang='lat' dir='ltr'>Pompei</span> <span class='ocrx_word' id='word_1_121' title='bbox 1640 1728 1718 1774; x_wconf 88' lang='lat' dir='ltr'>ser·-</span> 
     </span>
     <span class='ocr_line' id='line_1_14' title="bbox 237 1796 1732 1892; baseline -0.007 -15"><span class='ocrx_word' id='word_1_122' title='bbox 237 1796 263 1845; x_wconf 58' lang='lat' dir='ltr'>“f</span> <span class='ocrx_word' id='word_1_123' title='bbox 386 1832 460 1887; x_wconf 86' lang='lat' dir='ltr'>rus,</span> <span class='ocrx_word' id='word_1_124' title='bbox 479 1810 611 1873; x_wconf 88' lang='lat' dir='ltr'>libertus</span> <span class='ocrx_word' id='word_1_125' title='bbox 634 1808 792 1881; x_wconf 84' lang='lat' dir='ltr'>Caesaris,</span> <span class='ocrx_word' id='word_1_126' title='bbox 815 1808 881 1890; x_wconf 86' lang='grc'><strong>4344</strong></span> <span class='ocrx_word' id='word_1_127' title='bbox 902 1807 1020 1871; x_wconf 87' lang='lat' dir='ltr'>Lucani</span> <span class='ocrx_word' id='word_1_128' title='bbox 1042 1807 1259 1892; x_wconf 88' lang='lat' dir='ltr'>possessiones</span> <span class='ocrx_word' id='word_1_129' title='bbox 1281 1799 1469 1890; x_wconf 69' lang='lat' dir='ltr'>occuparit?</span> <span class='ocrx_word' id='word_1_130' title='bbox 1499 1806 1603 1890; x_wconf 76' lang='lat' dir='ltr'>Atque</span> <span class='ocrx_word' id='word_1_131' title='bbox 1624 1805 1732 1869; x_wconf 89' lang='lat' dir='ltr'>illud.</span> 
     </span>
     <span class='ocr_line' id='line_1_15' title="bbox 386 1899 1713 1992; baseline -0.005 -20"><span class='ocrx_word' id='word_1_132' title='bbox 386 1903 685 1992; x_wconf 61' lang='lat' dir='ltr'>septiens‘miliens,</span> <span class='ocrx_word' id='word_1_133' title='bbox 714 1901 799 1985; x_wconf 92' lang='lat' dir='ltr'>quod</span> <span class='ocrx_word' id='word_1_134' title='bbox 821 1899 1031 1976; x_wconf 90' lang='lat' dir='ltr'>adolescenti,</span> <span class='ocrx_word' id='word_1_135' title='bbox 1060 1908 1164 1984; x_wconf 88' lang='lat' dir='ltr'>patres</span> <span class='ocrx_word' id='word_1_136' title='bbox 1186 1899 1372 1982; x_wconf 84' lang='lat' dir='ltr'>conscripti,</span> <span class='ocrx_word' id='word_1_137' title='bbox 1402 1899 1630 1983; x_wconf 87' lang='lat' dir='ltr'>spopondistis,</span> <span class='ocrx_word' id='word_1_138' title='bbox 1658 1900 1713 1965; x_wconf 89' lang='lat' dir='ltr'>ita</span> 
     </span>
    </p>

    <p class='ocr_par' dir='ltr' id='par_1_7' title="bbox 349 1993 1710 2174">
     <span class='ocr_line' id='line_1_16' title="bbox 349 1993 1710 2077; baseline -0.004 -14"><span class='ocrx_word' id='word_1_139' title='bbox 349 2018 378 2065; x_wconf 84' lang='grc'>44</span> <span class='ocrx_word' id='word_1_140' title='bbox 386 1999 596 2070; x_wconf 86' lang='lat' dir='ltr'>describetur,</span> <span class='ocrx_word' id='word_1_141' title='bbox 627 2001 664 2058; x_wconf 92' lang='lat' dir='ltr'>ut</span> <span class='ocrx_word' id='word_1_142' title='bbox 691 1994 835 2058; x_wconf 87' lang='lat' dir='ltr'>rideatur</span> <span class='ocrx_word' id='word_1_143' title='bbox 863 2013 883 2056; x_wconf 88' lang='lat' dir='ltr'>a</span> <span class='ocrx_word' id='word_1_144' title='bbox 911 1994 1001 2058; x_wconf 85' lang='lat' dir='ltr'>robis</span> <span class='ocrx_word' id='word_1_145' title='bbox 1034 1995 1089 2058; x_wconf 85' lang='lat' dir='ltr'>Cn.</span> <span class='ocrx_word' id='word_1_146' title='bbox 1110 1995 1240 2077; x_wconf 89' lang='lat' dir='ltr'>Pompei</span> <span class='ocrx_word' id='word_1_147' title='bbox 1266 1993 1350 2057; x_wconf 88' lang='lat' dir='ltr'>filius</span> <span class='ocrx_word' id='word_1_148' title='bbox 1378 1994 1411 2056; x_wconf 91' lang='lat' dir='ltr'>in</span> <span class='ocrx_word' id='word_1_149' title='bbox 1438 1994 1624 2077; x_wconf 90' lang='lat' dir='ltr'>patrimonio</span> <span class='ocrx_word' id='word_1_150' title='bbox 1645 2014 1710 2059; x_wconf 89' lang='lat' dir='ltr'>suo</span> 
     </span>
     <span class='ocr_line' id='line_1_17' title="bbox 385 2086 1710 2174; baseline -0.006 -13"><span class='ocrx_word' id='word_1_151' title='bbox 385 2095 568 2161; x_wconf 87' lang='lat' dir='ltr'>collocatus.</span> <span class='ocrx_word' id='word_1_152' title='bbox 601 2089 689 2152; x_wconf 85' lang='lat' dir='ltr'>Ilaec</span> <span class='ocrx_word' id='word_1_153' title='bbox 710 2095 854 2153; x_wconf 87' lang='lat' dir='ltr'>senatus:</span> <span class='ocrx_word' id='word_1_154' title='bbox 875 2087 999 2172; x_wconf 87' lang='lat' dir='ltr'>reliqua</span> <span class='ocrx_word' id='word_1_155' title='bbox 1020 2088 1158 2172; x_wconf 89' lang='lat' dir='ltr'>populus</span> <span class='ocrx_word' id='word_1_156' title='bbox 1172 2089 1332 2151; x_wconf 83' lang='lat' dir='ltr'>Romanus</span> <span class='ocrx_word' id='word_1_157' title='bbox 1354 2086 1386 2149; x_wconf 94' lang='lat' dir='ltr'>in</span> <span class='ocrx_word' id='word_1_158' title='bbox 1402 2107 1440 2151; x_wconf 87' lang='lat' dir='ltr'>ea</span> <span class='ocrx_word' id='word_1_159' title='bbox 1453 2086 1587 2164; x_wconf 86' lang='lat' dir='ltr'>familia,</span> <span class='ocrx_word' id='word_1_160' title='bbox 1609 2108 1710 2174; x_wconf 88' lang='lat' dir='ltr'>quam</span> 
     </span>
    </p>

    <p class='ocr_par' dir='ltr' id='par_1_8' title="bbox 384 2181 1709 2267">
     <span class='ocr_line' id='line_1_18' title="bbox 384 2181 1709 2267; baseline -0.005 -15"><span class='ocrx_word' id='word_1_161' title='bbox 384 2187 464 2252; x_wconf 79' lang='lat' dir='ltr'>vidit</span> <span class='ocrx_word' id='word_1_162' title='bbox 490 2181 733 2267; x_wconf 87' lang='lat' dir='ltr'>amplissimam,</span> <span class='ocrx_word' id='word_1_163' title='bbox 760 2188 988 2266; x_wconf 87' lang='lat' dir='ltr'>persequetur,</span> <span class='ocrx_word' id='word_1_164' title='bbox 1018 2183 1051 2245; x_wconf 94' lang='lat' dir='ltr'>in</span> <span class='ocrx_word' id='word_1_165' title='bbox 1080 2182 1189 2266; x_wconf 90' lang='lat' dir='ltr'>primis</span> <span class='ocrx_word' id='word_1_166' title='bbox 1210 2188 1377 2265; x_wconf 90' lang='lat' dir='ltr'>paternum</span> <span class='ocrx_word' id='word_1_167' title='bbox 1398 2188 1569 2264; x_wconf 72' lang='lat' dir='ltr'>auguratus</span> <span class='ocrx_word' id='word_1_168' title='bbox 1588 2181 1709 2257; x_wconf 92' lang='lat' dir='ltr'>locurn,</span> 
     </span>
    </p>

    <p class='ocr_par' dir='ltr' id='par_1_9' title="bbox 384 2270 1710 2363">
     <span class='ocr_line' id='line_1_19' title="bbox 384 2270 1710 2363; baseline -0.002 -19"><span class='ocrx_word' id='word_1_169' title='bbox 384 2283 416 2344; x_wconf 92' lang='lat' dir='ltr'>in</span> <span class='ocrx_word' id='word_1_170' title='bbox 441 2298 536 2363; x_wconf 90' lang='lat' dir='ltr'>quem</span> <span class='ocrx_word' id='word_1_171' title='bbox 557 2296 615 2359; x_wconf 86' lang='grc'>434</span> <span class='ocrx_word' id='word_1_172' title='bbox 637 2294 723 2350; x_wconf 87' lang='lat' dir='ltr'>eum,</span> <span class='ocrx_word' id='word_1_173' title='bbox 744 2282 797 2351; x_wconf 89' lang='lat' dir='ltr'>ut,</span> <span class='ocrx_word' id='word_1_174' title='bbox 819 2275 906 2359; x_wconf 84' lang='lat' dir='ltr'>quod</span> <span class='ocrx_word' id='word_1_175' title='bbox 927 2294 947 2338; x_wconf 91' lang='lat' dir='ltr'>a</span> <span class='ocrx_word' id='word_1_176' title='bbox 967 2284 1057 2359; x_wconf 88' lang='lat' dir='ltr'>patre</span> <span class='ocrx_word' id='word_1_177' title='bbox 1079 2275 1201 2359; x_wconf 88' lang='lat' dir='ltr'>accepi,</span> <span class='ocrx_word' id='word_1_178' title='bbox 1224 2270 1288 2338; x_wconf 89' lang='lat' dir='ltr'>lilio</span> <span class='ocrx_word' id='word_1_179' title='bbox 1309 2273 1453 2349; x_wconf 90' lang='lat' dir='ltr'>reddum,</span> <span class='ocrx_word' id='word_1_180' title='bbox 1476 2295 1547 2340; x_wconf 85' lang='lat' dir='ltr'>mea</span> <span class='ocrx_word' id='word_1_181' title='bbox 1561 2278 1710 2341; x_wconf 89' lang='lat' dir='ltr'>nomina-</span> 
     </span>
    </p>

    <p class='ocr_par' dir='ltr' id='par_1_10' title="bbox 347 2368 1708 2549">
     <span class='ocr_line' id='line_1_20' title="bbox 385 2368 1708 2455; baseline -0.002 -17"><span class='ocrx_word' id='word_1_182' title='bbox 385 2374 470 2439; x_wconf 89' lang='lat' dir='ltr'>tione</span> <span class='ocrx_word' id='word_1_183' title='bbox 497 2369 662 2455; x_wconf 87' lang='lat' dir='ltr'>coaptabo.</span> <span class='ocrx_word' id='word_1_184' title='bbox 698 2370 807 2432; x_wconf 87' lang='lat' dir='ltr'>Utrum</span> <span class='ocrx_word' id='word_1_185' title='bbox 836 2370 932 2452; x_wconf 74' lang='lat' dir='ltr'>igitur</span> <span class='ocrx_word' id='word_1_186' title='bbox 952 2388 1103 2453; x_wconf 80' lang='lat' dir='ltr'>augurem</span> <span class='ocrx_word' id='word_1_187' title='bbox 1126 2371 1210 2433; x_wconf 89' lang='lat' dir='ltr'>loris</span> <span class='ocrx_word' id='word_1_188' title='bbox 1233 2369 1345 2452; x_wconf 90' lang='lat' dir='ltr'>optimi</span> <span class='ocrx_word' id='word_1_189' title='bbox 1367 2368 1514 2444; x_wconf 83' lang='lat' dir='ltr'>maximi,</span> <span class='ocrx_word' id='word_1_190' title='bbox 1543 2369 1633 2434; x_wconf 91' lang='lat' dir='ltr'>cuius</span> <span class='ocrx_word' id='word_1_191' title='bbox 1655 2372 1708 2435; x_wconf 91' lang='lat' dir='ltr'>in·</span> 
     </span>
     <span class='ocr_line' id='line_1_21' title="bbox 347 2461 1707 2549; baseline -0.001 -18"><span class='ocrx_word' id='word_1_192' title='bbox 347 2473 537 2549; x_wconf 84' lang='lat' dir='ltr'>setcrpretes</span> <span class='ocrx_word' id='word_1_193' title='bbox 557 2463 805 2547; x_wconf 87' lang='lat' dir='ltr'>intcmuntiiqne</span> <span class='ocrx_word' id='word_1_194' title='bbox 827 2464 987 2528; x_wconf 90' lang='lat' dir='ltr'>constituti</span> <span class='ocrx_word' id='word_1_195' title='bbox 1010 2485 1135 2538; x_wconf 93' lang='lat' dir='ltr'>sumus,</span> <span class='ocrx_word' id='word_1_196' title='bbox 1156 2471 1261 2527; x_wconf 90' lang='lat' dir='ltr'>utrum</span> <span class='ocrx_word' id='word_1_197' title='bbox 1278 2461 1416 2545; x_wconf 87' lang='lat' dir='ltr'>populus</span> <span class='ocrx_word' id='word_1_198' title='bbox 1430 2463 1588 2527; x_wconf 84' lang='lat' dir='ltr'>Romanus</span> <span class='ocrx_word' id='word_1_199' title='bbox 1603 2464 1707 2529; x_wconf 88' lang='lat' dir='ltr'>liben-</span> 
     </span>
    </p>

    <p class='ocr_par' dir='ltr' id='par_1_11' title="bbox 382 2555 1703 2727">
     <span class='ocr_line' id='line_1_22' title="bbox 383 2555 1703 2641; baseline -0.003 -14"><span class='ocrx_word' id='word_1_200' title='bbox 383 2564 445 2627; x_wconf 85' lang='lat' dir='ltr'>tius</span> <span class='ocrx_word' id='word_1_201' title='bbox 467 2561 601 2634; x_wconf 88' lang='lat' dir='ltr'>sanciet,</span> <span class='ocrx_word' id='word_1_202' title='bbox 629 2559 855 2641; x_wconf 88' lang='lat' dir='ltr'>Pompeiumne</span> <span class='ocrx_word' id='word_1_203' title='bbox 884 2579 926 2622; x_wconf 92' lang='lat' dir='ltr'>au</span> <span class='ocrx_word' id='word_1_204' title='bbox 947 2558 1139 2622; x_wconf 75' lang='lat' dir='ltr'>Antonium?</span> <span class='ocrx_word' id='word_1_205' title='bbox 1167 2556 1246 2621; x_wconf 86' lang='lat' dir='ltr'>Mihi</span> <span class='ocrx_word' id='word_1_206' title='bbox 1268 2555 1395 2641; x_wconf 86' lang='lat' dir='ltr'>quidem</span> <span class='ocrx_word' id='word_1_207' title='bbox 1423 2557 1551 2620; x_wconf 91' lang='lat' dir='ltr'>numine</span> <span class='ocrx_word' id='word_1_208' title='bbox 1572 2558 1703 2623; x_wconf 89' lang='lat' dir='ltr'>deorum</span> 
     </span>
     <span class='ocr_line' id='line_1_23' title="bbox 382 2647 1703 2727; baseline -0.001 -9"><span class='ocrx_word' id='word_1_209' title='bbox 382 2651 605 2718; x_wconf 83' lang='lat' dir='ltr'>immortalium</span> <span class='ocrx_word' id='word_1_210' title='bbox 632 2652 756 2716; x_wconf 84' lang='lat' dir='ltr'>ridetur</span> <span class='ocrx_word' id='word_1_211' title='bbox 779 2652 841 2716; x_wconf 88' lang='lat' dir='ltr'>boc</span> <span class='ocrx_word' id='word_1_212' title='bbox 868 2653 1008 2716; x_wconf 89' lang='lat' dir='ltr'>Fortuna</span> <span class='ocrx_word' id='word_1_213' title='bbox 1038 2651 1192 2727; x_wconf 83' lang='lat' dir='ltr'>voluisse,</span> <span class='ocrx_word' id='word_1_214' title='bbox 1221 2660 1256 2715; x_wconf 88' lang='lat' dir='ltr'>ut</span> <span class='ocrx_word' id='word_1_215' title='bbox 1285 2653 1362 2716; x_wconf 88' lang='lat' dir='ltr'>actis</span> <span class='ocrx_word' id='word_1_216' title='bbox 1385 2651 1527 2715; x_wconf 85' lang='lat' dir='ltr'>Caesaris</span> <span class='ocrx_word' id='word_1_217' title='bbox 1549 2647 1644 2716; x_wconf 88' lang='lat' dir='ltr'>firmis</span> <span class='ocrx_word' id='word_1_218' title='bbox 1665 2672 1703 2717; x_wconf 88' lang='lat' dir='ltr'>ac</span> 
     </span>
    </p>

    <p class='ocr_par' dir='ltr' id='par_1_12' title="bbox 382 2742 1701 2832">
     <span class='ocr_line' id='line_1_24' title="bbox 382 2742 1701 2832; baseline 0 -20"><span class='ocrx_word' id='word_1_219' title='bbox 382 2748 457 2812; x_wconf 89' lang='lat' dir='ltr'>ratis</span> <span class='ocrx_word' id='word_1_220' title='bbox 480 2747 535 2811; x_wconf 90' lang='lat' dir='ltr'>Cn.</span> <span class='ocrx_word' id='word_1_221' title='bbox 549 2745 680 2829; x_wconf 90' lang='lat' dir='ltr'>Pompei</span> <span class='ocrx_word' id='word_1_222' title='bbox 700 2742 785 2809; x_wconf 87' lang='lat' dir='ltr'>filius</span> <span class='ocrx_word' id='word_1_223' title='bbox 800 2753 909 2830; x_wconf 89' lang='lat' dir='ltr'>posset</span> <span class='ocrx_word' id='word_1_224' title='bbox 923 2753 955 2809; x_wconf 89' lang='lat' dir='ltr'>et</span> <span class='ocrx_word' id='word_1_225' title='bbox 968 2745 1153 2828; x_wconf 83' lang='lat' dir='ltr'>dignitatem</span> <span class='ocrx_word' id='word_1_226' title='bbox 1167 2754 1199 2810; x_wconf 89' lang='lat' dir='ltr'>et</span> <span class='ocrx_word' id='word_1_227' title='bbox 1212 2746 1355 2810; x_wconf 79' lang='lat' dir='ltr'>fortunas</span> <span class='ocrx_word' id='word_1_228' title='bbox 1369 2746 1487 2832; x_wconf 87' lang='lat' dir='ltr'>patrias</span> <span class='ocrx_word' id='word_1_229' title='bbox 1503 2767 1701 2831; x_wconf 88' lang='lat' dir='ltr'>recuperare.</span> 
     </span>
    </p>

    <p class='ocr_par' dir='ltr' id='par_1_13' title="bbox 444 2836 1700 2925">
     <span class='ocr_line' id='line_1_25' title="bbox 444 2836 1700 2925; baseline 0.001 -21"><span class='ocrx_word' id='word_1_230' title='bbox 444 2842 497 2905; x_wconf 88' lang='lat' dir='ltr'>vl.</span> <span class='ocrx_word' id='word_1_231' title='bbox 510 2836 560 2903; x_wconf 87' lang='grc'>43.</span> <span class='ocrx_word' id='word_1_232' title='bbox 574 2840 620 2903; x_wconf 80' lang='lat' dir='ltr'>Ae</span> <span class='ocrx_word' id='word_1_233' title='bbox 640 2859 681 2902; x_wconf 91' lang='lat' dir='ltr'>ne</span> <span class='ocrx_word' id='word_1_234' title='bbox 702 2838 784 2903; x_wconf 91' lang='lat' dir='ltr'>illud</span> <span class='ocrx_word' id='word_1_235' title='bbox 805 2838 934 2923; x_wconf 89' lang='lat' dir='ltr'>quidem</span> <span class='ocrx_word' id='word_1_236' title='bbox 952 2841 1089 2916; x_wconf 89' lang='lat' dir='ltr'>silentio,</span> <span class='ocrx_word' id='word_1_237' title='bbox 1113 2849 1216 2925; x_wconf 92' lang='lat' dir='ltr'>patres</span> <span class='ocrx_word' id='word_1_238' title='bbox 1232 2841 1413 2924; x_wconf 88' lang='lat' dir='ltr'>conscripti,</span> <span class='ocrx_word' id='word_1_239' title='bbox 1435 2841 1700 2923; x_wconf 88' lang='lat' dir='ltr'>praetereundum</span> 
     </span>
    </p>

    <p class='ocr_par' dir='ltr' id='par_1_14' title="bbox 232 2932 1698 3208">
     <span class='ocr_line' id='line_1_26' title="bbox 232 2932 1697 3021; baseline -0.001 -20"><span class='ocrx_word' id='word_1_240' title='bbox 232 2944 251 3013; x_wconf 77' lang='lat' dir='ltr'>s·</span> <span class='ocrx_word' id='word_1_241' title='bbox 343 2941 474 3021; x_wconf 71' lang='lat' dir='ltr'>reputo,</span> <span class='ocrx_word' id='word_1_242' title='bbox 504 2932 590 3019; x_wconf 89' lang='lat' dir='ltr'>quod</span> <span class='ocrx_word' id='word_1_243' title='bbox 611 2933 776 2997; x_wconf 88' lang='lat' dir='ltr'>clarissimi</span> <span class='ocrx_word' id='word_1_244' title='bbox 796 2934 856 2997; x_wconf 84' lang='lat' dir='ltr'>riri</span> <span class='ocrx_word' id='word_1_245' title='bbox 878 2934 987 3018; x_wconf 83' lang='lat' dir='ltr'>legati,</span> <span class='ocrx_word' id='word_1_246' title='bbox 1017 2935 1053 2997; x_wconf 89' lang='lat' dir='ltr'>L.</span> <span class='ocrx_word' id='word_1_247' title='bbox 1075 2935 1205 3009; x_wconf 87' lang='lat' dir='ltr'>Paulus,</span> <span class='ocrx_word' id='word_1_248' title='bbox 1234 2933 1273 3010; x_wconf 87' lang='lat' dir='ltr'>Q.</span> <span class='ocrx_word' id='word_1_249' title='bbox 1296 2935 1465 3009; x_wconf 87' lang='lat' dir='ltr'>Thermus,</span> <span class='ocrx_word' id='word_1_250' title='bbox 1493 2933 1527 2997; x_wconf 85' lang='lat' dir='ltr'>C.</span> <span class='ocrx_word' id='word_1_251' title='bbox 1548 2934 1697 3009; x_wconf 87' lang='lat' dir='ltr'>Fannius,</span> 
     </span>
     <span class='ocr_line' id='line_1_27' title="bbox 240 3016 1698 3115; baseline -0.002 -21"><span class='ocrx_word' id='word_1_252' title='bbox 240 3016 244 3031; x_wconf 60' lang='lat'>¹</span> <span class='ocrx_word' id='word_1_253' title='bbox 381 3049 515 3115; x_wconf 83' lang='lat' dir='ltr'>quorum</span> <span class='ocrx_word' id='word_1_254' title='bbox 536 3026 657 3091; x_wconf 84' lang='lat' dir='ltr'>habetis</span> <span class='ocrx_word' id='word_1_255' title='bbox 679 3030 835 3111; x_wconf 74' lang='lat' dir='ltr'>cognitam</span> <span class='ocrx_word' id='word_1_256' title='bbox 850 3030 1043 3093; x_wconf 83' lang='lat' dir='ltr'>voluntatem</span> <span class='ocrx_word' id='word_1_257' title='bbox 1066 3022 1184 3093; x_wconf 67' lang='lat' dir='ltr'>in&#39;iem</span> <span class='ocrx_word' id='word_1_258' title='bbox 1198 3028 1354 3112; x_wconf 85' lang='lat' dir='ltr'>publicam</span> <span class='ocrx_word' id='word_1_259' title='bbox 1369 3048 1501 3112; x_wconf 88' lang='lat' dir='ltr'>eamque</span> <span class='ocrx_word' id='word_1_260' title='bbox 1516 3036 1698 3112; x_wconf 87' lang='lat' dir='ltr'>perpetuam</span> 
     </span>
     <span class='ocr_line' id='line_1_28' title="bbox 380 3122 1698 3208; baseline -0.002 -21"><span class='ocrx_word' id='word_1_261' title='bbox 380 3131 477 3208; x_wconf 80' lang='lat' dir='ltr'>atque</span> <span class='ocrx_word' id='word_1_262' title='bbox 510 3128 721 3198; x_wconf 87' lang='lat' dir='ltr'>constantem,</span> <span class='ocrx_word' id='word_1_263' title='bbox 752 3124 912 3198; x_wconf 89' lang='lat' dir='ltr'>nuntiant,</span> <span class='ocrx_word' id='word_1_264' title='bbox 945 3144 979 3186; x_wconf 89' lang='lat' dir='ltr'>se</span> <span class='ocrx_word' id='word_1_265' title='bbox 1010 3124 1140 3207; x_wconf 89' lang='lat' dir='ltr'>Pompei</span> <span class='ocrx_word' id='word_1_266' title='bbox 1170 3122 1382 3187; x_wconf 83' lang='lat' dir='ltr'>conveniundi</span> <span class='ocrx_word' id='word_1_267' title='bbox 1412 3142 1508 3187; x_wconf 89' lang='lat' dir='ltr'>causa</span> <span class='ocrx_word' id='word_1_268' title='bbox 1528 3122 1698 3187; x_wconf 82' lang='lat' dir='ltr'>devertisse</span> 
     </span>
    </p>
   </div>
   <div class='ocr_carea' id='block_1_3' title="bbox 317 3414 1779 5280">
    <p class='ocr_par' dir='ltr' id='par_1_15' title="bbox 317 3414 1779 5280">
     <span class='ocr_line' id='line_1_29' title="bbox 445 3414 1698 3481; baseline 0.002 -16"><span class='ocrx_word' id='word_1_269' title='bbox 445 3416 469 3465; x_wconf 93' lang='grc'>4.</span> <span class='ocrx_word' id='word_1_270' title='bbox 486 3415 547 3466; x_wconf 83' lang='lat' dir='ltr'>mibi</span> <span class='ocrx_word' id='word_1_271' title='bbox 567 3414 751 3477; x_wconf 56' lang='lat' dir='ltr'>mationem</span> <span class='ocrx_word' id='word_1_272' title='bbox 767 3415 794 3463; x_wconf 90' lang='lat' dir='ltr'>ti</span> <span class='ocrx_word' id='word_1_273' title='bbox 813 3442 840 3451; x_wconf 99' lang='lat'>-</span> <span class='ocrx_word' id='word_1_274' title='bbox 862 3415 888 3465; x_wconf 75' lang='lat'>2.</span> <span class='ocrx_word' id='word_1_275' title='bbox 905 3415 1079 3479; x_wconf 78' lang='lat' dir='ltr'>centapolione</span> <span class='ocrx_word' id='word_1_276' title='bbox 1095 3416 1105 3465; x_wconf 92' lang='lat' dir='ltr'>t</span> <span class='ocrx_word' id='word_1_277' title='bbox 1129 3440 1154 3452; x_wconf 89' lang='lat'>-</span> <span class='ocrx_word' id='word_1_278' title='bbox 1178 3414 1282 3464; x_wconf 82' lang='lat' dir='ltr'>redimes</span> <span class='ocrx_word' id='word_1_279' title='bbox 1298 3414 1306 3464; x_wconf 91' lang='grc'>4</span> <span class='ocrx_word' id='word_1_280' title='bbox 1326 3440 1350 3451; x_wconf 90' lang='grc'><strong>-</strong></span> <span class='ocrx_word' id='word_1_281' title='bbox 1378 3419 1445 3465; x_wconf 89' lang='lat' dir='ltr'>ortes</span> <span class='ocrx_word' id='word_1_282' title='bbox 1461 3415 1494 3479; x_wconf 88' lang='grc'>34</span> <span class='ocrx_word' id='word_1_283' title='bbox 1512 3416 1582 3479; x_wconf 84' lang='lat' dir='ltr'>(ardo</span> <span class='ocrx_word' id='word_1_284' title='bbox 1598 3417 1661 3467; x_wconf 85' lang='lat' dir='ltr'>sedis</span> <span class='ocrx_word' id='word_1_285' title='bbox 1677 3418 1698 3481; x_wconf 80' lang='grc'>4)</span> 
     </span>
     <span class='ocr_line' id='line_1_30' title="bbox 381 3487 1699 3554; baseline 0.002 -13"><span class='ocrx_word' id='word_1_286' title='bbox 381 3517 409 3529; x_wconf 92' lang='lat'>-·</span> <span class='ocrx_word' id='word_1_287' title='bbox 429 3492 454 3541; x_wconf 81' lang='grc'><strong>3.</strong></span> <span class='ocrx_word' id='word_1_288' title='bbox 472 3490 585 3540; x_wconf 85' lang='lat' dir='ltr'>urbanae</span> <span class='ocrx_word' id='word_1_289' title='bbox 600 3493 612 3541; x_wconf 91' lang='lat' dir='ltr'>t</span> <span class='ocrx_word' id='word_1_290' title='bbox 629 3515 656 3526; x_wconf 93' lang='lat'><em>-</em></span> <span class='ocrx_word' id='word_1_291' title='bbox 674 3490 860 3552; x_wconf 77' lang='lat' dir='ltr'>usppellectilem</span> <span class='ocrx_word' id='word_1_292' title='bbox 877 3489 969 3554; x_wconf 84' lang='lat' dir='ltr'>(subp.)</span> <span class='ocrx_word' id='word_1_293' title='bbox 986 3502 1042 3552; x_wconf 84' lang='lat' dir='ltr'>ag;</span> <span class='ocrx_word' id='word_1_294' title='bbox 1065 3489 1226 3551; x_wconf 81' lang='lat' dir='ltr'>suppellectile</span> <span class='ocrx_word' id='word_1_295' title='bbox 1242 3489 1265 3539; x_wconf 92' lang='lat' dir='ltr'>b·</span> <span class='ocrx_word' id='word_1_296' title='bbox 1278 3514 1305 3524; x_wconf 91' lang='lat'>—</span> <span class='ocrx_word' id='word_1_297' title='bbox 1329 3487 1354 3539; x_wconf 92' lang='grc'>4.</span> <span class='ocrx_word' id='word_1_298' title='bbox 1372 3489 1460 3539; x_wconf 86' lang='lat' dir='ltr'>uinum</span> <span class='ocrx_word' id='word_1_299' title='bbox 1476 3492 1510 3540; x_wconf 87' lang='lat' dir='ltr'>D:</span> <span class='ocrx_word' id='word_1_300' title='bbox 1530 3490 1699 3543; x_wconf 83' lang='lat' dir='ltr'>unieursarnl</span> 
     </span>
     <span class='ocr_line' id='line_1_31' title="bbox 380 3562 1700 3628; baseline 0.002 -13"><span class='ocrx_word' id='word_1_301' title='bbox 380 3591 409 3605; x_wconf 88' lang='lat'><em>-</em></span> <span class='ocrx_word' id='word_1_302' title='bbox 426 3566 505 3617; x_wconf 81' lang='grc'><strong>4444444</strong></span> <span class='ocrx_word' id='word_1_303' title='bbox 521 3564 597 3628; x_wconf 78' lang='grc'><strong>44344</strong></span> <span class='ocrx_word' id='word_1_304' title='bbox 616 3565 694 3615; x_wconf 88' lang='lat' dir='ltr'>betluo</span> <span class='ocrx_word' id='word_1_305' title='bbox 710 3579 739 3623; x_wconf 86' lang='grc'>4;</span> <span class='ocrx_word' id='word_1_306' title='bbox 757 3566 827 3615; x_wconf 84' lang='lat' dir='ltr'>betuo</span> <span class='ocrx_word' id='word_1_307' title='bbox 844 3565 883 3615; x_wconf 90' lang='grc'>40</span> <span class='ocrx_word' id='word_1_308' title='bbox 900 3565 949 3627; x_wconf 86' lang='lat' dir='ltr'>(ille</span> <span class='ocrx_word' id='word_1_309' title='bbox 965 3564 1059 3625; x_wconf 73' lang='grc'><strong>444444,</strong></span> <span class='ocrx_word' id='word_1_310' title='bbox 1077 3564 1123 3614; x_wconf 85' lang='lat' dir='ltr'>lito</span> <span class='ocrx_word' id='word_1_311' title='bbox 1139 3564 1211 3613; x_wconf 86' lang='lat' dir='ltr'>belua</span> <span class='ocrx_word' id='word_1_312' title='bbox 1227 3563 1253 3623; x_wconf 91' lang='grc'>4,·</span> <span class='ocrx_word' id='word_1_313' title='bbox 1271 3562 1304 3613; x_wconf 86' lang='lat' dir='ltr'>ct.</span> <span class='ocrx_word' id='word_1_314' title='bbox 1323 3562 1357 3613; x_wconf 90' lang='lat' dir='ltr'>ad</span> <span class='ocrx_word' id='word_1_315' title='bbox 1374 3576 1400 3627; x_wconf 92' lang='lat' dir='ltr'>p.</span> <span class='ocrx_word' id='word_1_316' title='bbox 1419 3563 1481 3624; x_wconf 86' lang='grc'>836,</span> <span class='ocrx_word' id='word_1_317' title='bbox 1500 3563 1545 3625; x_wconf 93' lang='grc'>46,</span> <span class='ocrx_word' id='word_1_318' title='bbox 1566 3564 1611 3615; x_wconf 91' lang='lat' dir='ltr'>ubi</span> <span class='ocrx_word' id='word_1_319' title='bbox 1629 3579 1700 3617; x_wconf 90' lang='lat' dir='ltr'>nnnc</span> 
     </span>
     <span class='ocr_line' id='line_1_32' title="bbox 376 3637 1701 3704; baseline -0.002 -14"><span class='ocrx_word' id='word_1_320' title='bbox 376 3639 457 3691; x_wconf 84' lang='lat' dir='ltr'>belino</span> <span class='ocrx_word' id='word_1_321' title='bbox 471 3639 590 3689; x_wconf 84' lang='lat' dir='ltr'>immunis</span> <span class='ocrx_word' id='word_1_322' title='bbox 604 3639 784 3704; x_wconf 82' lang='lat' dir='ltr'>praeterimus)</span> <span class='ocrx_word' id='word_1_323' title='bbox 805 3667 832 3677; x_wconf 94' lang='lat'><em>-</em></span> <span class='ocrx_word' id='word_1_324' title='bbox 856 3641 880 3690; x_wconf 85' lang='grc'>6.</span> <span class='ocrx_word' id='word_1_325' title='bbox 899 3640 1016 3689; x_wconf 68' lang='lat' dir='ltr'>alborem</span> <span class='ocrx_word' id='word_1_326' title='bbox 1033 3641 1092 3688; x_wconf 89' lang='lat' dir='ltr'>t-</span> <span class='ocrx_word' id='word_1_327' title='bbox 1113 3639 1276 3689; x_wconf 72' lang='lat' dir='ltr'>Formianum</span> <span class='ocrx_word' id='word_1_328' title='bbox 1293 3639 1320 3688; x_wconf 90' lang='lat' dir='ltr'>t:</span> <span class='ocrx_word' id='word_1_329' title='bbox 1341 3638 1487 3702; x_wconf 68' lang='lat' dir='ltr'>tlnnmnum</span> <span class='ocrx_word' id='word_1_330' title='bbox 1503 3637 1586 3703; x_wconf 76' lang='lat' dir='ltr'>abg;</span> <span class='ocrx_word' id='word_1_331' title='bbox 1608 3642 1701 3703; x_wconf 64' lang='grc'><strong>4444444-</strong></span> 
     </span>
     <span class='ocr_line' id='line_1_33' title="bbox 377 3712 1700 3779; baseline -0.001 -13"><span class='ocrx_word' id='word_1_332' title='bbox 377 3729 438 3766; x_wconf 75' lang='lat' dir='ltr'>m</span> <span class='ocrx_word' id='word_1_333' title='bbox 452 3716 479 3771; x_wconf 74' lang='lat' dir='ltr'>it</span> <span class='ocrx_word' id='word_1_334' title='bbox 497 3715 532 3767; x_wconf 90' lang='lat' dir='ltr'>cl.</span> <span class='ocrx_word' id='word_1_335' title='bbox 550 3714 584 3765; x_wconf 92' lang='lat' dir='ltr'>ad</span> <span class='ocrx_word' id='word_1_336' title='bbox 599 3716 651 3766; x_wconf 79' lang='lat' dir='ltr'>art</span> <span class='ocrx_word' id='word_1_337' title='bbox 668 3715 723 3778; x_wconf 73' lang='lat' dir='ltr'>XV,</span> <span class='ocrx_word' id='word_1_338' title='bbox 742 3715 783 3777; x_wconf 83' lang='grc'>43,</span> <span class='ocrx_word' id='word_1_339' title='bbox 800 3716 825 3765; x_wconf 79' lang='grc'>4.</span> <span class='ocrx_word' id='word_1_340' title='bbox 845 3737 873 3750; x_wconf 89' lang='grc'>-</span> <span class='ocrx_word' id='word_1_341' title='bbox 893 3713 1042 3777; x_wconf 82' lang='lat' dir='ltr'>reciperabit</span> <span class='ocrx_word' id='word_1_342' title='bbox 1058 3726 1090 3763; x_wconf 87' lang='lat' dir='ltr'>a:</span> <span class='ocrx_word' id='word_1_343' title='bbox 1108 3712 1264 3775; x_wconf 80' lang='lat' dir='ltr'>recuperabit</span> <span class='ocrx_word' id='word_1_344' title='bbox 1279 3712 1389 3776; x_wconf 78' lang='grc'><strong>443440</strong></span> <span class='ocrx_word' id='word_1_345' title='bbox 1407 3712 1464 3775; x_wconf 80' lang='lat' dir='ltr'>(sed</span> <span class='ocrx_word' id='word_1_346' title='bbox 1480 3715 1517 3777; x_wconf 88' lang='grc'>34</span> <span class='ocrx_word' id='word_1_347' title='bbox 1531 3716 1700 3779; x_wconf 71' lang='grc'><strong>4444444440)</strong></span> 
     </span>
     <span class='ocr_line' id='line_1_34' title="bbox 380 3787 1698 3852; baseline 0.002 -12"><span class='ocrx_word' id='word_1_348' title='bbox 380 3789 452 3839; x_wconf 85' lang='grc'>-40</span> <span class='ocrx_word' id='word_1_349' title='bbox 468 3790 587 3840; x_wconf 88' lang='lat' dir='ltr'>om.t-</span> <span class='ocrx_word' id='word_1_350' title='bbox 604 3790 628 3839; x_wconf 90' lang='grc'>6.</span> <span class='ocrx_word' id='word_1_351' title='bbox 645 3789 712 3851; x_wconf 67' lang='lat' dir='ltr'>ipsse</span> <span class='ocrx_word' id='word_1_352' title='bbox 727 3790 795 3839; x_wconf 86' lang='lat' dir='ltr'>ati:</span> <span class='ocrx_word' id='word_1_353' title='bbox 813 3787 946 3851; x_wconf 60' lang='lat' dir='ltr'>lupum</span> <span class='ocrx_word' id='word_1_354' title='bbox 963 3788 1133 3852; x_wconf 71' lang='grc'><strong>64344430-</strong></span> <span class='ocrx_word' id='word_1_355' title='bbox 1152 3789 1177 3839; x_wconf 82' lang='grc'>4.</span> <span class='ocrx_word' id='word_1_356' title='bbox 1196 3787 1349 3851; x_wconf 74' lang='lat' dir='ltr'>depellantur</span> <span class='ocrx_word' id='word_1_357' title='bbox 1365 3790 1456 3851; x_wconf 78' lang='grc'><strong>43444</strong></span> <span class='ocrx_word' id='word_1_358' title='bbox 1475 3788 1625 3850; x_wconf 73' lang='lat' dir='ltr'>depellentur</span> <span class='ocrx_word' id='word_1_359' title='bbox 1640 3788 1698 3842; x_wconf 85' lang='lat' dir='ltr'>bo.</span> 
     </span>
     <span class='ocr_line' id='line_1_35' title="bbox 376 3862 1700 3928; baseline 0.001 -13"><span class='ocrx_word' id='word_1_360' title='bbox 376 3862 443 3915; x_wconf 92' lang='lat' dir='ltr'>lllnd</span> <span class='ocrx_word' id='word_1_361' title='bbox 459 3863 547 3914; x_wconf 80' lang='lat' dir='ltr'>firmat</span> <span class='ocrx_word' id='word_1_362' title='bbox 562 3864 680 3924; x_wconf 80' lang='lat' dir='ltr'>servius,</span> <span class='ocrx_word' id='word_1_363' title='bbox 703 3864 748 3928; x_wconf 82' lang='lat' dir='ltr'>qni</span> <span class='ocrx_word' id='word_1_364' title='bbox 763 3863 798 3914; x_wconf 88' lang='lat' dir='ltr'>ed</span> <span class='ocrx_word' id='word_1_365' title='bbox 814 3864 893 3928; x_wconf 65' lang='lat' dir='ltr'>vers.</span> <span class='ocrx_word' id='word_1_366' title='bbox 911 3862 967 3915; x_wconf 85' lang='lat' dir='ltr'>Ecl.</span> <span class='ocrx_word' id='word_1_367' title='bbox 984 3864 1033 3924; x_wconf 78' lang='lat' dir='ltr'>IX,</span> <span class='ocrx_word' id='word_1_368' title='bbox 1051 3863 1083 3915; x_wconf 83' lang='grc'>36</span> <span class='ocrx_word' id='word_1_369' title='bbox 1099 3862 1192 3913; x_wconf 85' lang='lat' dir='ltr'>alieri:</span> <span class='ocrx_word' id='word_1_370' title='bbox 1216 3876 1249 3913; x_wconf 74' lang='lat' dir='ltr'>aa</span> <span class='ocrx_word' id='word_1_371' title='bbox 1265 3875 1330 3926; x_wconf 82' lang='lat' dir='ltr'>apro</span> <span class='ocrx_word' id='word_1_372' title='bbox 1344 3863 1441 3926; x_wconf 75' lang='lat' dir='ltr'>telerna</span> <span class='ocrx_word' id='word_1_373' title='bbox 1458 3876 1557 3915; x_wconf 80' lang='lat' dir='ltr'>anseres</span> <span class='ocrx_word' id='word_1_374' title='bbox 1573 3864 1700 3927; x_wconf 69' lang='lat' dir='ltr'>depalan-</span> 
     </span>
     <span class='ocr_line' id='line_1_36' title="bbox 377 3934 1779 4004; baseline 0.002 -15"><span class='ocrx_word' id='word_1_375' title='bbox 377 3943 428 3989; x_wconf 86' lang='lat' dir='ltr'>lnr.</span> <span class='ocrx_word' id='word_1_376' title='bbox 444 3964 469 3976; x_wconf 95' lang='lat'>-</span> <span class='ocrx_word' id='word_1_377' title='bbox 487 3940 604 4002; x_wconf 70' lang='lat' dir='ltr'>term,</span> <span class='ocrx_word' id='word_1_378' title='bbox 621 3940 663 3989; x_wconf 87' lang='lat' dir='ltr'>sed</span> <span class='ocrx_word' id='word_1_379' title='bbox 678 3940 708 3990; x_wconf 88' lang='lat' dir='ltr'>de</span> <span class='ocrx_word' id='word_1_380' title='bbox 723 3952 780 3988; x_wconf 86' lang='lat' dir='ltr'>mea</span> <span class='ocrx_word' id='word_1_381' title='bbox 791 3938 835 3989; x_wconf 91' lang='lat' dir='ltr'>ed.</span> <span class='ocrx_word' id='word_1_382' title='bbox 848 3942 958 3990; x_wconf 81' lang='lat' dir='ltr'>Ascens.</span> <span class='ocrx_word' id='word_1_383' title='bbox 972 3938 1053 3989; x_wconf 78' lang='grc'><strong>46404</strong></span> <span class='ocrx_word' id='word_1_384' title='bbox 1070 3938 1177 4001; x_wconf 65' lang='lat' dir='ltr'>tamese</span> <span class='ocrx_word' id='word_1_385' title='bbox 1193 3938 1222 3988; x_wconf 89' lang='lat' dir='ltr'>de</span> <span class='ocrx_word' id='word_1_386' title='bbox 1237 3950 1293 3987; x_wconf 78' lang='lat' dir='ltr'>ntea</span> <span class='ocrx_word' id='word_1_387' title='bbox 1309 3934 1343 3995; x_wconf 68' lang='lat' dir='ltr'>bs</span> <span class='ocrx_word' id='word_1_388' title='bbox 1359 3936 1465 3999; x_wconf 72' lang='lat' dir='ltr'>tutone</span> <span class='ocrx_word' id='word_1_389' title='bbox 1479 3951 1536 3989; x_wconf 79' lang='lat' dir='ltr'>insa</span> <span class='ocrx_word' id='word_1_390' title='bbox 1552 3942 1577 3997; x_wconf 81' lang='grc'>4;</span> <span class='ocrx_word' id='word_1_391' title='bbox 1593 3940 1701 4004; x_wconf 67' lang='lat' dir='ltr'>fortem</span> <span class='ocrx_word' id='word_1_392' title='bbox 1777 3946 1779 3951; x_wconf 82' lang='grc'><strong>“</strong></span> 
     </span>
     <span class='ocr_line' id='line_1_37' title="bbox 377 4012 1698 4079; baseline 0.002 -14"><span class='ocrx_word' id='word_1_393' title='bbox 377 4014 420 4065; x_wconf 84' lang='lat' dir='ltr'>sed</span> <span class='ocrx_word' id='word_1_394' title='bbox 433 4026 491 4063; x_wconf 79' lang='lat' dir='ltr'>nica</span> <span class='ocrx_word' id='word_1_395' title='bbox 505 4025 544 4061; x_wconf 86' lang='lat' dir='ltr'>rna</span> <span class='ocrx_word' id='word_1_396' title='bbox 560 4026 589 4071; x_wconf 85' lang='lat' dir='ltr'>a;</span> <span class='ocrx_word' id='word_1_397' title='bbox 610 4012 715 4075; x_wconf 72' lang='lat' dir='ltr'>tortosa</span> <span class='ocrx_word' id='word_1_398' title='bbox 733 4015 775 4062; x_wconf 85' lang='lat' dir='ltr'>scri</span> <span class='ocrx_word' id='word_1_399' title='bbox 797 4027 854 4064; x_wconf 84' lang='lat' dir='ltr'>mea</span> <span class='ocrx_word' id='word_1_400' title='bbox 875 4015 909 4079; x_wconf 89' lang='grc'>34</span> <span class='ocrx_word' id='word_1_401' title='bbox 921 4014 950 4064; x_wconf 89' lang='grc'><strong>0.</strong></span> <span class='ocrx_word' id='word_1_402' title='bbox 975 4015 1053 4065; x_wconf 77' lang='lat' dir='ltr'>«Post</span> <span class='ocrx_word' id='word_1_403' title='bbox 1068 4014 1111 4063; x_wconf 83' lang='lat' dir='ltr'>sed</span> <span class='ocrx_word' id='word_1_404' title='bbox 1126 4012 1223 4063; x_wconf 84' lang='lat' dir='ltr'>excidit</span> <span class='ocrx_word' id='word_1_405' title='bbox 1238 4014 1294 4065; x_wconf 87' lang='lat' dir='ltr'>sire</span> <span class='ocrx_word' id='word_1_406' title='bbox 1310 4013 1352 4073; x_wconf 90' lang='lat' dir='ltr'>de,</span> <span class='ocrx_word' id='word_1_407' title='bbox 1376 4012 1447 4075; x_wconf 88' lang='lat' dir='ltr'>quod</span> <span class='ocrx_word' id='word_1_408' title='bbox 1464 4014 1581 4065; x_wconf 81' lang='lat' dir='ltr'>Muretus</span> <span class='ocrx_word' id='word_1_409' title='bbox 1598 4016 1625 4065; x_wconf 90' lang='lat' dir='ltr'>et</span> <span class='ocrx_word' id='word_1_410' title='bbox 1640 4028 1698 4068; x_wconf 88' lang='lat' dir='ltr'>var.</span> 
     </span>
     <span class='ocr_line' id='line_1_38' title="bbox 377 4084 1700 4151; baseline 0.002 -12"><span class='ocrx_word' id='word_1_411' title='bbox 377 4089 491 4151; x_wconf 77' lang='lat' dir='ltr'>linoges.</span> <span class='ocrx_word' id='word_1_412' title='bbox 508 4084 610 4137; x_wconf 93' lang='lat' dir='ltr'>addunt</span> <span class='ocrx_word' id='word_1_413' title='bbox 625 4086 668 4147; x_wconf 80' lang='lat' dir='ltr'>iet.</span> <span class='ocrx_word' id='word_1_414' title='bbox 686 4086 800 4137; x_wconf 70' lang='lat' dir='ltr'>misine</span> <span class='ocrx_word' id='word_1_415' title='bbox 815 4086 845 4136; x_wconf 90' lang='lat' dir='ltr'>de</span> <span class='ocrx_word' id='word_1_416' title='bbox 859 4087 981 4138; x_wconf 84' lang='grc'><strong>4444444444</strong></span> <span class='ocrx_word' id='word_1_417' title='bbox 997 4089 1051 4139; x_wconf 79' lang='lat' dir='ltr'>biv.</span> <span class='ocrx_word' id='word_1_418' title='bbox 1070 4088 1110 4149; x_wconf 79' lang='lat'>29,</span> <span class='ocrx_word' id='word_1_419' title='bbox 1131 4088 1170 4150; x_wconf 79' lang='lat' dir='ltr'>⁴9l</span> <span class='ocrx_word' id='word_1_420' title='bbox 1189 4089 1244 4139; x_wconf 88' lang='lat' dir='ltr'>sive</span> <span class='ocrx_word' id='word_1_421' title='bbox 1262 4101 1308 4147; x_wconf 77' lang='lat' dir='ltr'>eu3</span> <span class='ocrx_word' id='word_1_422' title='bbox 1327 4086 1360 4138; x_wconf 88' lang='lat' dir='ltr'>cl.</span> <span class='ocrx_word' id='word_1_423' title='bbox 1373 4088 1427 4139; x_wconf 76' lang='lat' dir='ltr'>biv.</span> <span class='ocrx_word' id='word_1_424' title='bbox 1440 4086 1481 4150; x_wconf 86' lang='grc'>34,</span> <span class='ocrx_word' id='word_1_425' title='bbox 1495 4089 1526 4140; x_wconf 82' lang='grc'>34</span> <span class='ocrx_word' id='word_1_426' title='bbox 1542 4090 1700 4142; x_wconf 71' lang='grc'><strong>4444444444</strong></span> 
     </span>
     <span class='ocr_line' id='line_1_39' title="bbox 377 4158 1700 4225; baseline 0.003 -13"><span class='ocrx_word' id='word_1_427' title='bbox 377 4162 488 4212; x_wconf 72' lang='lat' dir='ltr'>omniun</span> <span class='ocrx_word' id='word_1_428' title='bbox 497 4160 601 4220; x_wconf 83' lang='grc' dir='ltr'><strong>α4444444;</strong></span> <span class='ocrx_word' id='word_1_429' title='bbox 620 4160 674 4211; x_wconf 89' lang='lat' dir='ltr'>Cio.</span> <span class='ocrx_word' id='word_1_430' title='bbox 687 4159 721 4210; x_wconf 89' lang='lat' dir='ltr'>de</span> <span class='ocrx_word' id='word_1_431' title='bbox 732 4161 796 4225; x_wconf 81' lang='lat' dir='ltr'>liep.</span> <span class='ocrx_word' id='word_1_432' title='bbox 809 4158 852 4220; x_wconf 84' lang='lat' dir='ltr'>Vl,</span> <span class='ocrx_word' id='word_1_433' title='bbox 865 4160 895 4211; x_wconf 81' lang='lat'>9:</span> <span class='ocrx_word' id='word_1_434' title='bbox 913 4175 947 4213; x_wconf 75' lang='lat' dir='ltr'>en</span> <span class='ocrx_word' id='word_1_435' title='bbox 962 4164 1047 4213; x_wconf 85' lang='lat' dir='ltr'>animo</span> <span class='ocrx_word' id='word_1_436' title='bbox 1062 4176 1116 4213; x_wconf 86' lang='lat' dir='ltr'>meo</span> <span class='ocrx_word' id='word_1_437' title='bbox 1132 4163 1232 4214; x_wconf 78' lang='lat' dir='ltr'>discedit</span> <span class='ocrx_word' id='word_1_438' title='bbox 1249 4163 1314 4213; x_wconf 86' lang='lat' dir='ltr'>illius</span> <span class='ocrx_word' id='word_1_439' title='bbox 1323 4164 1373 4212; x_wconf 89' lang='lat' dir='ltr'>oiri</span> <span class='ocrx_word' id='word_1_440' title='bbox 1382 4162 1700 4217; x_wconf 69' lang='grc'><strong>44444444444441444444444</strong></span> 
     </span>
     <span class='ocr_line' id='line_1_40' title="bbox 378 4234 1699 4298; baseline 0.003 -11"><span class='ocrx_word' id='word_1_441' title='bbox 378 4237 405 4287; x_wconf 92' lang='lat' dir='ltr'>in</span> <span class='ocrx_word' id='word_1_442' title='bbox 421 4235 553 4286; x_wconf 81' lang='grc'><strong>4444444444.</strong></span> <span class='ocrx_word' id='word_1_443' title='bbox 571 4234 666 4285; x_wconf 75' lang='lat' dir='ltr'>Terent</span> <span class='ocrx_word' id='word_1_444' title='bbox 683 4234 732 4295; x_wconf 85' lang='grc' dir='ltr'><strong>ΙΙΙ,</strong></span> <span class='ocrx_word' id='word_1_445' title='bbox 750 4247 777 4298; x_wconf 92' lang='lat' dir='ltr'>p.</span> <span class='ocrx_word' id='word_1_446' title='bbox 795 4234 837 4284; x_wconf 78' lang='grc'>44.</span> <span class='ocrx_word' id='word_1_447' title='bbox 857 4260 885 4271; x_wconf 90' lang='grc'><strong>-</strong></span> <span class='ocrx_word' id='word_1_448' title='bbox 904 4236 928 4287; x_wconf 85' lang='grc'><strong>9.</strong></span> <span class='ocrx_word' id='word_1_449' title='bbox 946 4238 1125 4289; x_wconf 87' lang='lat' dir='ltr'>inconsiderate</span> <span class='ocrx_word' id='word_1_450' title='bbox 1141 4252 1157 4289; x_wconf 89' lang='grc'>4</span> <span class='ocrx_word' id='word_1_451' title='bbox 1177 4266 1204 4275; x_wconf 96' lang='lat'>-</span> <span class='ocrx_word' id='word_1_452' title='bbox 1223 4239 1263 4290; x_wconf 97' lang='grc'>40.</span> <span class='ocrx_word' id='word_1_453' title='bbox 1276 4240 1383 4291; x_wconf 68' lang='lat' dir='ltr'>andum</span> <span class='ocrx_word' id='word_1_454' title='bbox 1398 4238 1417 4289; x_wconf 92' lang='lat' dir='ltr'>b</span> <span class='ocrx_word' id='word_1_455' title='bbox 1430 4264 1459 4276; x_wconf 94' lang='lat'>-·</span> <span class='ocrx_word' id='word_1_456' title='bbox 1476 4253 1531 4291; x_wconf 85' lang='lat' dir='ltr'>rem</span> <span class='ocrx_word' id='word_1_457' title='bbox 1545 4240 1587 4290; x_wconf 86' lang='lat' dir='ltr'>net</span> <span class='ocrx_word' id='word_1_458' title='bbox 1601 4242 1699 4291; x_wconf 82' lang='grc'><strong>44444444</strong></span> 
     </span>
     <span class='ocr_line' id='line_1_41' title="bbox 380 4307 1699 4379; baseline 0.005 -19"><span class='ocrx_word' id='word_1_459' title='bbox 380 4338 408 4351; x_wconf 88' lang='grc'><strong>-</strong></span> <span class='ocrx_word' id='word_1_460' title='bbox 425 4309 527 4360; x_wconf 82' lang='lat' dir='ltr'>retineri</span> <span class='ocrx_word' id='word_1_461' title='bbox 542 4307 561 4358; x_wconf 91' lang='lat' dir='ltr'>b</span> <span class='ocrx_word' id='word_1_462' title='bbox 578 4334 607 4347; x_wconf 90' lang='lat'>-</span> <span class='ocrx_word' id='word_1_463' title='bbox 626 4310 668 4361; x_wconf 79' lang='lat' dir='ltr'>rt.</span> <span class='ocrx_word' id='word_1_464' title='bbox 682 4308 824 4372; x_wconf 74' lang='lat' dir='ltr'>patrocino</span> <span class='ocrx_word' id='word_1_465' title='bbox 840 4311 852 4359; x_wconf 88' lang='lat' dir='ltr'>t</span> <span class='ocrx_word' id='word_1_466' title='bbox 868 4336 896 4345; x_wconf 96' lang='lat'>-</span> <span class='ocrx_word' id='word_1_467' title='bbox 914 4311 1058 4363; x_wconf 73' lang='lat' dir='ltr'>tbaonnsm</span> <span class='ocrx_word' id='word_1_468' title='bbox 1073 4325 1127 4365; x_wconf 92' lang='lat' dir='ltr'>om.</span> <span class='ocrx_word' id='word_1_469' title='bbox 1147 4314 1172 4372; x_wconf 89' lang='lat' dir='ltr'>t;</span> <span class='ocrx_word' id='word_1_470' title='bbox 1191 4314 1286 4365; x_wconf 85' lang='lat' dir='ltr'>Iturius</span> <span class='ocrx_word' id='word_1_471' title='bbox 1302 4317 1329 4365; x_wconf 89' lang='lat' dir='ltr'>in</span> <span class='ocrx_word' id='word_1_472' title='bbox 1345 4315 1526 4376; x_wconf 68' lang='lat' dir='ltr'>coniectati,</span> <span class='ocrx_word' id='word_1_473' title='bbox 1543 4327 1570 4379; x_wconf 84' lang='lat' dir='ltr'>p.</span> <span class='ocrx_word' id='word_1_474' title='bbox 1582 4315 1630 4366; x_wconf 82' lang='grc'>464</span> <span class='ocrx_word' id='word_1_475' title='bbox 1647 4316 1699 4369; x_wconf 85' lang='lat' dir='ltr'>hoc</span> 
     </span>
     <span class='ocr_line' id='line_1_42' title="bbox 377 4385 1699 4450; baseline 0.002 -12"><span class='ocrx_word' id='word_1_476' title='bbox 377 4389 463 4439; x_wconf 89' lang='lat' dir='ltr'>totum</span> <span class='ocrx_word' id='word_1_477' title='bbox 483 4386 557 4447; x_wconf 77' lang='lat' dir='ltr'>quan</span> <span class='ocrx_word' id='word_1_478' title='bbox 577 4385 720 4437; x_wconf 70' lang='grc'><strong>4444444444</strong></span> <span class='ocrx_word' id='word_1_479' title='bbox 740 4385 817 4435; x_wconf 64' lang='lat' dir='ltr'>bueo</span> <span class='ocrx_word' id='word_1_480' title='bbox 838 4398 888 4449; x_wconf 93' lang='lat' dir='ltr'>pro</span> <span class='ocrx_word' id='word_1_481' title='bbox 911 4385 1070 4450; x_wconf 80' lang='lat' dir='ltr'>glossemate</span> <span class='ocrx_word' id='word_1_482' title='bbox 1092 4388 1188 4449; x_wconf 86' lang='lat' dir='ltr'>hubet;</span> <span class='ocrx_word' id='word_1_483' title='bbox 1216 4388 1292 4441; x_wconf 90' lang='lat' dir='ltr'>nobis</span> <span class='ocrx_word' id='word_1_484' title='bbox 1312 4392 1376 4441; x_wconf 86' lang='lat' dir='ltr'>satis</span> <span class='ocrx_word' id='word_1_485' title='bbox 1398 4390 1447 4442; x_wconf 88' lang='grc'><strong>4444</strong></span> <span class='ocrx_word' id='word_1_486' title='bbox 1461 4392 1605 4443; x_wconf 72' lang='lat' dir='ltr'>innarenn</span> <span class='ocrx_word' id='word_1_487' title='bbox 1620 4389 1699 4441; x_wconf 90' lang='lat' dir='ltr'>obelo</span> 
     </span>
     <span class='ocr_line' id='line_1_43' title="bbox 377 4460 1700 4529; baseline 0.003 -16"><span class='ocrx_word' id='word_1_488' title='bbox 377 4464 493 4513; x_wconf 86' lang='lat' dir='ltr'>notasse.</span> <span class='ocrx_word' id='word_1_489' title='bbox 513 4487 542 4498; x_wconf 90' lang='lat'><em>-</em></span> <span class='ocrx_word' id='word_1_490' title='bbox 564 4461 605 4512; x_wconf 81' lang='grc'>43.</span> <span class='ocrx_word' id='word_1_491' title='bbox 623 4461 762 4525; x_wconf 71' lang='grc'><strong>4344444444</strong></span> <span class='ocrx_word' id='word_1_492' title='bbox 778 4462 939 4524; x_wconf 70' lang='lat' dir='ltr'>pouesnoms</span> <span class='ocrx_word' id='word_1_493' title='bbox 959 4460 993 4521; x_wconf 90' lang='lat' dir='ltr'>b;</span> <span class='ocrx_word' id='word_1_494' title='bbox 1022 4463 1080 4526; x_wconf 79' lang='lat' dir='ltr'>apri</span> <span class='ocrx_word' id='word_1_495' title='bbox 1095 4464 1190 4514; x_wconf 78' lang='grc'><strong>644444</strong></span> <span class='ocrx_word' id='word_1_496' title='bbox 1209 4465 1384 4527; x_wconf 73' lang='lat' dir='ltr'>possuuonem</span> <span class='ocrx_word' id='word_1_497' title='bbox 1401 4465 1455 4529; x_wconf 81' lang='lat' dir='ltr'>(sic)</span> <span class='ocrx_word' id='word_1_498' title='bbox 1477 4468 1608 4529; x_wconf 72' lang='grc'><strong>4444444444</strong></span> <span class='ocrx_word' id='word_1_499' title='bbox 1623 4465 1700 4517; x_wconf 80' lang='lat' dir='ltr'>atteri</span> 
     </span>
     <span class='ocr_line' id='line_1_44' title="bbox 378 4533 1699 4604; baseline 0.003 -17"><span class='ocrx_word' id='word_1_500' title='bbox 378 4536 477 4588; x_wconf 74' lang='lat' dir='ltr'>Nonius</span> <span class='ocrx_word' id='word_1_501' title='bbox 494 4547 520 4599; x_wconf 87' lang='lat' dir='ltr'>p.</span> <span class='ocrx_word' id='word_1_502' title='bbox 533 4534 581 4585; x_wconf 79' lang='lat'>356</span> <span class='ocrx_word' id='word_1_503' title='bbox 599 4536 633 4586; x_wconf 86' lang='grc'>44.</span> <span class='ocrx_word' id='word_1_504' title='bbox 653 4560 681 4572; x_wconf 93' lang='lat'>·-</span> <span class='ocrx_word' id='word_1_505' title='bbox 701 4533 740 4585; x_wconf 88' lang='grc'>44.</span> <span class='ocrx_word' id='word_1_506' title='bbox 757 4536 861 4598; x_wconf 66' lang='lat' dir='ltr'>repuens</span> <span class='ocrx_word' id='word_1_507' title='bbox 875 4537 972 4587; x_wconf 79' lang='grc'><strong>4444444444</strong></span> <span class='ocrx_word' id='word_1_508' title='bbox 989 4540 1012 4587; x_wconf 90' lang='lat' dir='ltr'>t:</span> <span class='ocrx_word' id='word_1_509' title='bbox 1036 4539 1122 4600; x_wconf 88' lang='lat' dir='ltr'>septies</span> <span class='ocrx_word' id='word_1_510' title='bbox 1137 4538 1216 4589; x_wconf 85' lang='lat' dir='ltr'>milies</span> <span class='ocrx_word' id='word_1_511' title='bbox 1232 4537 1273 4588; x_wconf 90' lang='lat' dir='ltr'>ab</span> <span class='ocrx_word' id='word_1_512' title='bbox 1284 4540 1345 4603; x_wconf 92' lang='grc'>340</span> <span class='ocrx_word' id='word_1_513' title='bbox 1363 4540 1457 4602; x_wconf 75' lang='lat' dir='ltr'>(milies</span> <span class='ocrx_word' id='word_1_514' title='bbox 1473 4541 1501 4603; x_wconf 82' lang='lat'>0)</span> <span class='ocrx_word' id='word_1_515' title='bbox 1518 4568 1551 4579; x_wconf 85' lang='lat'><strong>—</strong></span> <span class='ocrx_word' id='word_1_516' title='bbox 1566 4542 1699 4604; x_wconf 87' lang='lat' dir='ltr'>spopondi-</span> 
     </span>
     <span class='ocr_line' id='line_1_45' title="bbox 378 4608 1697 4678; baseline 0.003 -16"><span class='ocrx_word' id='word_1_517' title='bbox 378 4614 447 4678; x_wconf 81' lang='lat' dir='ltr'>disp&#39;s</span> <span class='ocrx_word' id='word_1_518' title='bbox 462 4625 518 4662; x_wconf 88' lang='grc'>4-</span> <span class='ocrx_word' id='word_1_519' title='bbox 537 4612 577 4662; x_wconf 80' lang='lat' dir='ltr'>tt.</span> <span class='ocrx_word' id='word_1_520' title='bbox 591 4608 736 4661; x_wconf 71' lang='lat' dir='ltr'>discribetur</span> <span class='ocrx_word' id='word_1_521' title='bbox 751 4622 780 4670; x_wconf 89' lang='grc'>4,</span> <span class='ocrx_word' id='word_1_522' title='bbox 798 4622 868 4674; x_wconf 84' lang='lat' dir='ltr'>quae</span> <span class='ocrx_word' id='word_1_523' title='bbox 885 4624 947 4662; x_wconf 85' lang='lat' dir='ltr'>rere</span> <span class='ocrx_word' id='word_1_524' title='bbox 965 4612 1049 4663; x_wconf 85' lang='lat' dir='ltr'>torma</span> <span class='ocrx_word' id='word_1_525' title='bbox 1060 4612 1179 4673; x_wconf 64' lang='lat' dir='ltr'>videtum</span> <span class='ocrx_word' id='word_1_526' title='bbox 1199 4613 1325 4664; x_wconf 80' lang='lat' dir='ltr'>describite</span> <span class='ocrx_word' id='word_1_527' title='bbox 1340 4615 1348 4663; x_wconf 91' lang='lat' dir='ltr'>l</span> <span class='ocrx_word' id='word_1_528' title='bbox 1365 4642 1398 4653; x_wconf 94' lang='lat'>-</span> <span class='ocrx_word' id='word_1_529' title='bbox 1414 4616 1454 4665; x_wconf 82' lang='grc'>47.</span> <span class='ocrx_word' id='word_1_530' title='bbox 1469 4620 1633 4678; x_wconf 76' lang='lat' dir='ltr'>prosequetur</span> <span class='ocrx_word' id='word_1_531' title='bbox 1648 4616 1697 4665; x_wconf 90' lang='lat' dir='ltr'>i-</span> 
     </span>
     <span class='ocr_line' id='line_1_46' title="bbox 377 4684 1699 4753; baseline 0.001 -15"><span class='ocrx_word' id='word_1_532' title='bbox 377 4688 529 4751; x_wconf 84' lang='lat' dir='ltr'>inpriurnnr</span> <span class='ocrx_word' id='word_1_533' title='bbox 545 4699 575 4746; x_wconf 88' lang='lat' dir='ltr'>a;</span> <span class='ocrx_word' id='word_1_534' title='bbox 590 4685 744 4749; x_wconf 72' lang='grc'><strong>3444444444</strong></span> <span class='ocrx_word' id='word_1_535' title='bbox 759 4684 778 4735; x_wconf 91' lang='lat' dir='ltr'>b</span> <span class='ocrx_word' id='word_1_536' title='bbox 793 4712 828 4723; x_wconf 91' lang='lat'>—</span> <span class='ocrx_word' id='word_1_537' title='bbox 844 4687 885 4737; x_wconf 87' lang='grc'>48.</span> <span class='ocrx_word' id='word_1_538' title='bbox 902 4687 929 4737; x_wconf 87' lang='lat' dir='ltr'>in</span> <span class='ocrx_word' id='word_1_539' title='bbox 945 4699 1018 4748; x_wconf 74' lang='lat' dir='ltr'>quen</span> <span class='ocrx_word' id='word_1_540' title='bbox 1034 4686 1111 4747; x_wconf 83' lang='lat' dir='ltr'>codd.</span> <span class='ocrx_word' id='word_1_541' title='bbox 1130 4688 1257 4739; x_wconf 83' lang='lat' dir='ltr'>Ferrarii:</span> <span class='ocrx_word' id='word_1_542' title='bbox 1277 4702 1329 4739; x_wconf 93' lang='lat' dir='ltr'>cm.</span> <span class='ocrx_word' id='word_1_543' title='bbox 1346 4689 1378 4747; x_wconf 89' lang='lat' dir='ltr'>b;</span> <span class='ocrx_word' id='word_1_544' title='bbox 1396 4690 1470 4752; x_wconf 76' lang='lat' dir='ltr'>inque</span> <span class='ocrx_word' id='word_1_545' title='bbox 1486 4692 1562 4753; x_wconf 83' lang='grc'><strong>434;</strong></span> <span class='ocrx_word' id='word_1_546' title='bbox 1580 4691 1607 4739; x_wconf 90' lang='lat' dir='ltr'>ln</span> <span class='ocrx_word' id='word_1_547' title='bbox 1624 4702 1672 4752; x_wconf 79' lang='lat' dir='ltr'>puo</span> <span class='ocrx_word' id='word_1_548' title='bbox 1690 4690 1699 4739; x_wconf 93' lang='grc'>4</span> 
     </span>
     <span class='ocr_line' id='line_1_47' title="bbox 378 4760 1698 4828; baseline 0.002 -15"><span class='ocrx_word' id='word_1_549' title='bbox 378 4790 412 4802; x_wconf 90' lang='lat'>—</span> <span class='ocrx_word' id='word_1_550' title='bbox 427 4762 522 4824; x_wconf 85' lang='lat' dir='ltr'>accepit</span> <span class='ocrx_word' id='word_1_551' title='bbox 537 4763 598 4824; x_wconf 88' lang='grc'>434</span> <span class='ocrx_word' id='word_1_552' title='bbox 614 4785 642 4797; x_wconf 88' lang='grc'><strong>-</strong></span> <span class='ocrx_word' id='word_1_553' title='bbox 661 4760 702 4812; x_wconf 87' lang='grc'>40.</span> <span class='ocrx_word' id='word_1_554' title='bbox 719 4760 777 4811; x_wconf 87' lang='lat' dir='ltr'>tort.</span> <span class='ocrx_word' id='word_1_555' title='bbox 795 4774 916 4825; x_wconf 80' lang='lat' dir='ltr'>oupures,</span> <span class='ocrx_word' id='word_1_556' title='bbox 935 4763 984 4813; x_wconf 89' lang='lat' dir='ltr'>nisi</span> <span class='ocrx_word' id='word_1_557' title='bbox 1000 4765 1060 4827; x_wconf 86' lang='lat' dir='ltr'>post</span> <span class='ocrx_word' id='word_1_558' title='bbox 1076 4764 1199 4814; x_wconf 82' lang='lat' dir='ltr'>coustituit</span> <span class='ocrx_word' id='word_1_559' title='bbox 1212 4777 1296 4814; x_wconf 77' lang='lat' dir='ltr'>suenus</span> <span class='ocrx_word' id='word_1_560' title='bbox 1313 4762 1410 4828; x_wconf 86' lang='lat' dir='ltr'>aliquid</span> <span class='ocrx_word' id='word_1_561' title='bbox 1422 4764 1561 4816; x_wconf 87' lang='lat' dir='ltr'>intercidii.</span> <span class='ocrx_word' id='word_1_562' title='bbox 1581 4766 1613 4818; x_wconf 90' lang='lat' dir='ltr'>Ut</span> <span class='ocrx_word' id='word_1_563' title='bbox 1626 4764 1698 4816; x_wconf 89' lang='lat' dir='ltr'>enim</span> 
     </span>
     <span class='ocr_line' id='line_1_48' title="bbox 317 4834 1697 4903; baseline 0 -14"><span class='ocrx_word' id='word_1_564' title='bbox 317 4882 321 4888; x_wconf 93' lang='lat'>.</span> <span class='ocrx_word' id='word_1_565' title='bbox 378 4851 449 4889; x_wconf 88' lang='lat' dir='ltr'>nunc</span> <span class='ocrx_word' id='word_1_566' title='bbox 465 4836 539 4887; x_wconf 92' lang='lat' dir='ltr'>locus</span> <span class='ocrx_word' id='word_1_567' title='bbox 554 4834 658 4899; x_wconf 78' lang='grc'><strong>4434444,</strong></span> <span class='ocrx_word' id='word_1_568' title='bbox 675 4848 708 4885; x_wconf 84' lang='lat' dir='ltr'>er</span> <span class='ocrx_word' id='word_1_569' title='bbox 724 4836 781 4899; x_wconf 87' lang='lat' dir='ltr'>ipsa</span> <span class='ocrx_word' id='word_1_570' title='bbox 797 4834 881 4886; x_wconf 87' lang='lat' dir='ltr'>torma</span> <span class='ocrx_word' id='word_1_571' title='bbox 897 4836 1029 4889; x_wconf 87' lang='lat' dir='ltr'>rhetorica</span> <span class='ocrx_word' id='word_1_572' title='bbox 1041 4836 1182 4889; x_wconf 90' lang='lat' dir='ltr'>lectionem</span> <span class='ocrx_word' id='word_1_573' title='bbox 1193 4838 1383 4889; x_wconf 80' lang='lat' dir='ltr'>vitiosamcsse</span> <span class='ocrx_word' id='word_1_574' title='bbox 1396 4842 1514 4903; x_wconf 87' lang='lat' dir='ltr'>apparet.</span> <span class='ocrx_word' id='word_1_575' title='bbox 1526 4866 1554 4876; x_wconf 93' lang='lat'><em>-</em></span> <span class='ocrx_word' id='word_1_576' title='bbox 1571 4840 1636 4889; x_wconf 86' lang='lat' dir='ltr'>Iouis</span> <span class='ocrx_word' id='word_1_577' title='bbox 1646 4844 1697 4901; x_wconf 83' lang='lat' dir='ltr'>opt.</span> 
     </span>
     <span class='ocr_line' id='line_1_49' title="bbox 378 4910 1699 4977; baseline 0.001 -13"><span class='ocrx_word' id='word_1_578' title='bbox 378 4927 450 4964; x_wconf 79' lang='grc'><strong>4444.</strong></span> <span class='ocrx_word' id='word_1_579' title='bbox 467 4912 490 4962; x_wconf 93' lang='lat' dir='ltr'>i:</span> <span class='ocrx_word' id='word_1_580' title='bbox 509 4912 632 4963; x_wconf 85' lang='lat' dir='ltr'>.i.o.m.</span> <span class='ocrx_word' id='word_1_581' title='bbox 649 4924 679 4969; x_wconf 88' lang='lat' dir='ltr'>a;</span> <span class='ocrx_word' id='word_1_582' title='bbox 702 4911 799 4961; x_wconf 88' lang='lat' dir='ltr'>.io.rn.</span> <span class='ocrx_word' id='word_1_583' title='bbox 822 4910 878 4971; x_wconf 88' lang='lat' dir='ltr'>bt;</span> <span class='ocrx_word' id='word_1_584' title='bbox 896 4912 982 4975; x_wconf 86' lang='lat' dir='ltr'>optimi</span> <span class='ocrx_word' id='word_1_585' title='bbox 997 4926 1051 4964; x_wconf 92' lang='lat' dir='ltr'>om.</span> <span class='ocrx_word' id='word_1_586' title='bbox 1069 4927 1086 4977; x_wconf 86' lang='grc'><strong>3</strong></span> <span class='ocrx_word' id='word_1_587' title='bbox 1105 4940 1131 4951; x_wconf 93' lang='grc'><strong>-</strong></span> <span class='ocrx_word' id='word_1_588' title='bbox 1149 4916 1269 4975; x_wconf 83' lang='lat' dir='ltr'>interpres</span> <span class='ocrx_word' id='word_1_589' title='bbox 1284 4915 1432 4965; x_wconf 69' lang='grc'><strong>4444444444</strong></span> <span class='ocrx_word' id='word_1_590' title='bbox 1448 4927 1464 4964; x_wconf 95' lang='grc'>4</span> <span class='ocrx_word' id='word_1_591' title='bbox 1482 4940 1509 4951; x_wconf 93' lang='grc'>-</span> <span class='ocrx_word' id='word_1_592' title='bbox 1527 4914 1568 4965; x_wconf 78' lang='grc'>40.</span> <span class='ocrx_word' id='word_1_593' title='bbox 1586 4914 1699 4966; x_wconf 86' lang='lat' dir='ltr'>libentius</span> 
     </span>
     <span class='ocr_line' id='line_1_50' title="bbox 378 4980 1699 5053; baseline 0.002 -14"><span class='ocrx_word' id='word_1_594' title='bbox 378 4988 430 5039; x_wconf 91' lang='lat' dir='ltr'>bi:</span> <span class='ocrx_word' id='word_1_595' title='bbox 449 4987 550 5038; x_wconf 80' lang='grc'><strong>44044444</strong></span> <span class='ocrx_word' id='word_1_596' title='bbox 564 4988 604 5036; x_wconf 86' lang='lat' dir='ltr'>tus</span> <span class='ocrx_word' id='word_1_597' title='bbox 619 4988 679 5049; x_wconf 88' lang='grc'>434</span> <span class='ocrx_word' id='word_1_598' title='bbox 696 4980 781 5048; x_wconf 82' lang='grc'><strong>(440444</strong></span> <span class='ocrx_word' id='word_1_599' title='bbox 798 4986 866 5036; x_wconf 83' lang='lat' dir='ltr'>iussa</span> <span class='ocrx_word' id='word_1_600' title='bbox 881 4988 941 5037; x_wconf 73' lang='lat' dir='ltr'>niet</span> <span class='ocrx_word' id='word_1_601' title='bbox 956 4988 983 5048; x_wconf 88' lang='lat' dir='ltr'>t;</span> <span class='ocrx_word' id='word_1_602' title='bbox 1002 5001 1018 5037; x_wconf 88' lang='lat' dir='ltr'>a</span> <span class='ocrx_word' id='word_1_603' title='bbox 1035 5002 1140 5053; x_wconf 88' lang='lat' dir='ltr'>quoque</span> <span class='ocrx_word' id='word_1_604' title='bbox 1157 4988 1239 5040; x_wconf 88' lang='lat' dir='ltr'>habet</span> <span class='ocrx_word' id='word_1_605' title='bbox 1254 4989 1328 5040; x_wconf 81' lang='lat' dir='ltr'>iiten</span> <span class='ocrx_word' id='word_1_606' title='bbox 1343 5002 1405 5041; x_wconf 91' lang='lat' dir='ltr'>cum</span> <span class='ocrx_word' id='word_1_607' title='bbox 1422 4988 1478 5051; x_wconf 89' lang='lat' dir='ltr'>lin.)</span> <span class='ocrx_word' id='word_1_608' title='bbox 1491 5015 1518 5026; x_wconf 97' lang='lat'><em>-</em></span> <span class='ocrx_word' id='word_1_609' title='bbox 1536 4990 1578 5041; x_wconf 77' lang='grc'>44.</span> <span class='ocrx_word' id='word_1_610' title='bbox 1595 4992 1699 5041; x_wconf 86' lang='lat' dir='ltr'>sanctiet</span> 
     </span>
     <span class='ocr_line' id='line_1_51' title="bbox 378 5061 1694 5127; baseline 0.002 -14"><span class='ocrx_word' id='word_1_611' title='bbox 378 5062 398 5113; x_wconf 94' lang='lat' dir='ltr'>b</span> <span class='ocrx_word' id='word_1_612' title='bbox 417 5090 444 5102; x_wconf 96' lang='lat'><em>-</em></span> <span class='ocrx_word' id='word_1_613' title='bbox 461 5062 632 5126; x_wconf 73' lang='lat' dir='ltr'>Pompeiam</span> <span class='ocrx_word' id='word_1_614' title='bbox 651 5061 687 5111; x_wconf 86' lang='lat' dir='ltr'>D:</span> <span class='ocrx_word' id='word_1_615' title='bbox 712 5061 853 5122; x_wconf 82' lang='lat' dir='ltr'>Pornpeirsn</span> <span class='ocrx_word' id='word_1_616' title='bbox 873 5063 911 5113; x_wconf 90' lang='lat' dir='ltr'>i0</span> <span class='ocrx_word' id='word_1_617' title='bbox 931 5089 958 5098; x_wconf 96' lang='lat'>-</span> <span class='ocrx_word' id='word_1_618' title='bbox 984 5077 1020 5113; x_wconf 90' lang='lat' dir='ltr'>an</span> <span class='ocrx_word' id='word_1_619' title='bbox 1041 5076 1093 5115; x_wconf 88' lang='lat' dir='ltr'>om.</span> <span class='ocrx_word' id='word_1_620' title='bbox 1111 5061 1164 5127; x_wconf 78' lang='grc' dir='ltr'>443ι</span> <span class='ocrx_word' id='word_1_621' title='bbox 1187 5090 1215 5101; x_wconf 92' lang='grc'>-</span> <span class='ocrx_word' id='word_1_622' title='bbox 1240 5064 1282 5115; x_wconf 78' lang='grc'>44,</span> <span class='ocrx_word' id='word_1_623' title='bbox 1300 5065 1400 5115; x_wconf 74' lang='lat' dir='ltr'>iumen.</span> <span class='ocrx_word' id='word_1_624' title='bbox 1419 5077 1435 5114; x_wconf 90' lang='grc'>4</span> <span class='ocrx_word' id='word_1_625' title='bbox 1454 5087 1482 5102; x_wconf 94' lang='grc'><strong>-</strong></span> <span class='ocrx_word' id='word_1_626' title='bbox 1509 5062 1550 5116; x_wconf 84' lang='lat' dir='ltr'>at.</span> <span class='ocrx_word' id='word_1_627' title='bbox 1569 5066 1600 5116; x_wconf 85' lang='grc'>,44</span> <span class='ocrx_word' id='word_1_628' title='bbox 1615 5063 1694 5123; x_wconf 75' lang='lat' dir='ltr'>nebs</span> 
     </span>
     <span class='ocr_line' id='line_1_52' title="bbox 378 5137 1693 5205; baseline 0.002 -17"><span class='ocrx_word' id='word_1_629' title='bbox 378 5138 433 5189; x_wconf 87' lang='lat' dir='ltr'>Nde</span> <span class='ocrx_word' id='word_1_630' title='bbox 454 5141 514 5188; x_wconf 90' lang='grc'>4-</span> <span class='ocrx_word' id='word_1_631' title='bbox 537 5137 807 5201; x_wconf 62' lang='lat' dir='ltr'>praemetuendum</span> <span class='ocrx_word' id='word_1_632' title='bbox 830 5161 864 5174; x_wconf 93' lang='lat'>·-</span> <span class='ocrx_word' id='word_1_633' title='bbox 884 5139 925 5189; x_wconf 76' lang='lat' dir='ltr'>to.</span> <span class='ocrx_word' id='word_1_634' title='bbox 944 5140 1016 5203; x_wconf 72' lang='grc'><strong>443444</strong></span> <span class='ocrx_word' id='word_1_635' title='bbox 1037 5142 1073 5190; x_wconf 89' lang='grc'>44</span> <span class='ocrx_word' id='word_1_636' title='bbox 1094 5166 1123 5177; x_wconf 96' lang='grc'>-</span> <span class='ocrx_word' id='word_1_637' title='bbox 1143 5138 1693 5205; x_wconf 69' lang='lat' dir='ltr'>pauliptirerrnusebt-forssiusb-</span> 
     </span>
     <span class='ocr_line' id='line_1_53' title="bbox 379 5212 1586 5280; baseline 0.004 -17"><span class='ocrx_word' id='word_1_638' title='bbox 379 5212 610 5277; x_wconf 64' lang='lat' dir='ltr'>summm.</span> <span class='ocrx_word' id='word_1_639' title='bbox 628 5225 690 5277; x_wconf 88' lang='grc'>3-</span> <span class='ocrx_word' id='word_1_640' title='bbox 709 5213 749 5264; x_wconf 77' lang='lat' dir='ltr'>at.</span> <span class='ocrx_word' id='word_1_641' title='bbox 767 5214 973 5265; x_wconf 65' lang='lat' dir='ltr'>emimus:</span> <span class='ocrx_word' id='word_1_642' title='bbox 991 5212 1281 5279; x_wconf 73' lang='lat' dir='ltr'>conmuudiabgio</span> <span class='ocrx_word' id='word_1_643' title='bbox 1300 5242 1327 5253; x_wconf 92' lang='lat'><em>-</em></span> <span class='ocrx_word' id='word_1_644' title='bbox 1348 5214 1475 5267; x_wconf 79' lang='grc'><strong>4444444444</strong></span> <span class='ocrx_word' id='word_1_645' title='bbox 1491 5215 1586 5280; x_wconf 82' lang='grc'><strong>4634.</strong></span> 
     </span>
    </p>
   </div>
   <div class='ocr_carea' id='block_1_4' title="bbox 0 0 2010 6148">
    <p class='ocr_par' dir='ltr' id='par_1_16' title="bbox 0 0 2010 6148">
     <span class='ocr_line' id='line_1_54' title="bbox 0 0 2010 6148; baseline 0 0"><span class='ocrx_word' id='word_1_646' title='bbox 0 0 2010 6148; x_wconf 95' lang='lat' dir='ltr'> </span> 
     </span>
    </p>
   </div>
  </div>
 </body>
</html>
