4009 6159
654 627 727 690 cn».
749 627 948 691 quxiu.
976 625 1023 710 §a
1045 623 1192 690 ii-as.
1498 606 1581 679 acta

265 797 296 858 te
319 802 351 858 et
371 801 484 858 testem
507 797 576 859 eius
598 795 735 860 criminis
756 796 910 880 teipsam
932 796 1041 860 dicunt
1062 817 1096 860 se
1117 796 1251 859 habere:
1272 794 1299 857 si
1314 813 1396 878 quae
1412 789 1526 854 mulier
1539 784 1583 848 aii

265 889 444 963 eiusmodi,
466 889 592 974 qualem
614 910 673 973 ego
695 891 789 975 paulo
811 899 884 956 ante
898 891 1067 974 descripsi,
1088 893 1135 955 tui
1150 889 1323 963 dissimilis,
1343 887 1407 950 vita
1420 884 1583 948 instituto-

265 1005 327 1067 que
350 984 541 1058 meretricio,
564 1005 634 1047 oum
653 984 713 1048 hac
730 985 851 1070 aliquid
866 986 1096 1050 adolescentem
1110 985 1271 1048 hominem
1286 982 1435 1045 habuisse
1448 973 1580 1040 rationis

264 1099 340 1142 num
370 1078 426 1141 tibi
457 1086 607 1161 perturpe
635 1086 689 1142 aut
715 1079 962 1163 perflagitiosum
985 1101 1055 1144 csse
1076 1080 1242 1143 videatur?
1276 1077 1323 1139 Ea
1344 1074 1371 1138 si
1393 1081 1427 1137 tu
1448 1090 1513 1134 non
1535 1087 1580 1140 es,

265 1172 347 1236 sicat
367 1191 426 1254 ego
446 1173 546 1245 malo,
569 1171 642 1256 quid
665 1181 714 1237 est
736 1175 822 1258 quod
844 1175 990 1238 obiiciant
1007 1175 1134 1239 Caelio?
1156 1173 1206 1236 sin
1229 1189 1298 1235 eam
1319 1178 1350 1234 tc
1368 1167 1481 1231 volunt
1500 1173 1603 1232 essem

265 1265 342 1348 quid
370 1274 417 1329 est
444 1286 499 1329 cur
524 1287 582 1330 nos
604 1267 722 1330 odmen
743 1266 819 1341 hoc,
848 1269 874 1330 si
896 1276 929 1331 tu
952 1268 1140 1342 contemnis,
1169 1262 1445 1350 pertimescamus?
1475 1256 1582 1332 Quare

263 1360 354 1423 nobis
383 1360 423 1424 da
452 1361 534 1423 viam
563 1361 779 1444 rationemque
809 1362 1017 1426 defensionis:
1044 1382 1118 1426 nam
1139 1368 1193 1425 aut
1215 1358 1317 1445 pudor
1335 1365 1412 1420 tuus
1433 1348 1585 1416 defendet

263 1455 342 1517 nihil
365 1474 384 1518 a
404 1455 444 1519 Μ.
469 1455 575 1518 Caelio
596 1456 790 1539 petulantius
812 1477 881 1519 esse
902 1455 1037 1531 iactum,
1059 1464 1114 1519 aut
1133 1452 1327 1538 impudentia
1341 1451 1364 1532 †
1379 1457 1411 1514 et
1430 1447 1505 1511 hnic
1527 1445 1583 1522 dc<

264 1548 459 1612 laudandum
481 1548 661 1612 facultatem
683 1550 778 1613 dabit.

233 1679 239 1697 .
346 1644 433 1708 xxi.
455 1639 506 1705 el.
535 1643 596 1705 Sed
628 1645 778 1727 quoniam
801 1645 967 1708 emersisse
988 1645 1051 1709 iam
1073 1644 1202 1709 evadis
1223 1649 1256 1707 et
1277 1640 1422 1725 scopulos
1443 1641 1617 1722 praeter-io

262 1748 352 1805 vecta
374 1739 499 1802 videtur
519 1739 618 1802 oratio
641 1759 725 1812 mea,
746 1738 904 1822 perfacilis
919 1739 994 1802 mihi
1009 1741 1151 1824 reliquus
1166 1757 1274 1802 cursus
1290 1732 1476 1799 ostenditur.
1508 1730 1580 1791 uuo

262 1842 336 1898 sunt
363 1835 449 1897 enim
478 1833 606 1896 crimim
633 1853 694 1896 una
721 1835 755 1897 iu
786 1833 918 1897 muliere
941 1855 1133 1898 summorum
1153 1832 1347 1918 facinorum:
1378 1827 1464 1899 auri,
1494 1821 1580 1908 quod

262 1935 418 2011 sumptum
442 1947 460 1990 a
484 1926 593 1989 Clodia
614 1927 743 2002 dicitur,
775 1935 807 1990 et
828 1928 958 2009 segeni,
988 1927 1075 2012 qood
1105 1926 1247 1991 eiusdem
1270 1916 1582 2015 Clodise'necandae

263 2041 356 2085 causa
384 2039 511 2104 parasse
542 2021 680 2083 Caelium
710 2019 922 2085 criminantur.
945 2025 1072 2085 -Aurum
1102 2020 1250 2104 sumpsit,
1279 2025 1313 2080 ut
1342 2015 1462 2088 dicitis,
1493 2007 1580 2095 quod

262 2116 296 2177 L.
318 2116 434 2179 Luccei
457 2114 555 2177 servis
578 2114 679 2190 daret,
701 2137 759 2199 per
780 2135 861 2200 quos
875 2115 1108 2179 Alexandrinus
1128 2115 1205 2188 Dio,
1228 2113 1283 2196 qui
1304 2119 1372 2174 tum
1393 2106 1478 2191 apud
1500 2107 1618 2167 Luc-n

263 2209 363 2270 caium
393 2207 568 2281 habitabat,
598 2217 771 2273 necaretur.
811 2210 958 2291 Magnum
989 2209 1107 2273 cumen
1136 2208 1186 2271 vel
1207 2208 1241 2269 in
1262 2205 1373 2289 legatis
1394 2199 1580 2266 insidiandis
1642 2205 1646 2209 ⁴

262 2303 311 2366 vel
333 2303 366 2364 in
390 2302 489 2365 servis
504 2301 544 2364 ad
565 2304 721 2386 hospitem
737 2303 854 2366 domini
869 2302 1044 2366 necandum
1061 2301 1286 2375 sollicitandis3
1308 2300 1436 2385 plenum
1450 2293 1580 2360 sceleris

262 2396 445 2468 consilium,
468 2398 596 2480 plenum
617 2398 777 2462 audaciae.
820 2395 871 2460 52.
895 2397 966 2473 Quo
989 2397 1118 2481 quidem
1139 2398 1172 2460 in
1195 2395 1325 2458 crimine
1345 2394 1480 2476 primum
1502 2387 1580 2452 illud

261 2490 435 2572 requiram,
458 2491 614 2556 dixeritne
630 2491 770 2567 Clodiae,
791 2511 880 2574 qnam
901 2493 940 2554 ad
961 2511 1024 2555 rem
1045 2510 1156 2554 numm
1175 2490 1198 2569 †
1219 2499 1283 2550 taen
1302 2496 1444 2558 sumeret,
1466 2504 1508 2546 an
1520 2503 1581 2545 non

260 2585 383 2647 dicerit.
418 2585 534 2647 Sinon
555 2587 654 2659 dixit,
676 2607 733 2649 cur
755 2585 862 2648 dediti
884 2587 911 2649 si
934 2587 1030 2660 dixit,
1052 2584 1163 2648 eodem
1186 2603 1220 2647 se
1234 2583 1445 2646 conscientiae
1460 2579 1617 2642 sceleroso

261 2679 412 2743 devinxit.
446 2681 535 2742 Tune
556 2699 666 2743 aarum
691 2701 731 2743 ex
752 2680 888 2743 armario
910 2686 965 2743 tuo
987 2698 1132 2762 promere
1153 2698 1230 2742 ausa
1251 2681 1309 2740 esi
1331 2685 1406 2740 tune
1424 2676 1579 2756 Venerem

260 2774 347 2837 illam
368 2781 454 2836 tuam
477 2773 611 2857 spoliare
625 2777 816 2838 ornamentis
832 2775 1043 2857 spoliatricem
1059 2782 1251 2847 ceterorum,
1271 2791 1340 2834 mam
1355 2771 1461 2842 scires,
1483 2786 1581 2850 quan·
1691 2731 1716 2822 l

260 2877 326 2932 tum
348 2868 388 2931 ad
409 2867 531 2931 facinus
554 2886 663 2931 aurum
686 2870 748 2931 hoc
771 2878 990 2953 quaereretur,
1013 2867 1053 2931 ad
1075 2887 1184 2930 necem
1205 2865 1317 2949 legati,
1339 2865 1379 2927 ad
1402 2864 1435 2926 L.
1456 2859 1580 2934 Luccei,

261 2962 449 3025 sanctissimi
470 2961 606 3024 hominis
629 2969 725 3046 atque
746 2962 950 3046 integerrimi,
972 2963 1075 3026 labem
1090 2961 1217 3041 sceleris
1233 2959 1478 3041 sempiternam?
1498 2954 1582 3016 Huic

259 3054 391 3118 facinori
413 3041 579 3148 tanto(tua
600 3077 687 3120 mens
709 3057 848 3121 liberalis
870 3058 1010 3131 conscia,
1033 3064 1088 3120 tua
1110 3045 1222 3118 domus
1243 3053 1406 3138 popularis
1427 3050 1617 3123 ministram

259 3143 313 3212 aa
346 3149 484 3232 denique
511 3150 676 3232 hospitalis
706 3151 761 3213 iria
789 3153 895 3214 Venus
925 3151 1062 3214 aarum
1084 3169 1153 3215 esse
1174 3168 1239 3230 nm
1261 3137 1387 3244 aeonia)
1421 3141 1472 3208 53.
1493 3141 1581 3205 Vidit
1659 3126 1744 3210 mi»

258 3242 320 3305 boc
342 3244 473 3306 Balbus:
497 3245 628 3307 celatam
650 3264 720 3308 esse
746 3245 886 3309 Clodiam
908 3245 989 3308 dixit
1009 3253 1104 3329 atque
1125 3245 1169 3308 ita
1183 3242 1325 3306 Caelium
1343 3241 1384 3303 ad
1397 3240 1482 3303 illam
1498 3245 1581 3301 attu-

258 3337 349 3411 lisse,
382 3357 415 3400 se
444 3338 483 3400 ad
516 3347 659 3402 ornatum
681 3340 830 3403 ludorum
851 3359 962 3404 aunam
985 3359 1147 3423 quaerere.
1190 3338 1224 3400 Si
1246 3343 1309 3400 tam
1330 3332 1492 3399 familiaris
1514 3337 1581 3394 erat

260 3431 405 3507 Clodiae,
428 3453 522 3515 quam
545 3441 578 3496 tu
602 3453 671 3496 esse
694 3434 759 3508 vis,
782 3454 853 3498 cum
877 3435 916 3497 dc
938 3433 1070 3497 libidine
1092 3435 1161 3497 eius
1183 3439 1245 3495 tam
1267 3430 1366 3493 multa
1388 3425 1477 3500 dicis,
1500 3425 1581 3490 dixit

1721 1801 1742 1857 r!

325 3749 546 3812 t.sipaaeEG:
570 3752 668 3814 siq:P;
690 3752 862 3814 siqnao-
882 3752 1111 3803 beimmodic:
1134 3750 1355 3801 laiamsodio-
1375 3740 1577 3809 sommam-

258 3825 294 3874 tei
309 3823 396 3874 sinitis
412 3827 444 3885 G;
464 3827 491 3874 at
506 3838 532 3874 v.
551 3838 578 3889 p.
592 3824 664 3886 4043,
679 3828 719 3876 io.
733 3853 760 3862 -
779 3826 803 3878 4.
823 3841 873 3877 non
888 3827 932 3877 tibi
948 3824 977 3877 Ρι
995 3853 1023 3864 -
1042 3829 1066 3878 5.
1085 3827 1192 3877 obiciant
1208 3827 1257 3877 PG
1275 3851 1303 3862 -
1323 3824 1346 3874 6.
1365 3821 1515 3884 contempnis
1530 3820 1580 3870 PG

260 3927 287 3936 -
306 3899 330 3950 8.
348 3901 493 3962 inpudentia
511 3901 529 3949 P
542 3925 568 3935 —
587 3906 611 3949 et
626 3901 682 3950 haic
698 3902 875 3964 desmdendam
892 3901 1043 3964 (defendendi
1057 3903 1120 3960 6²8)
1136 3901 1282 3965 (mmm
1294 3900 1328 3949 C:
1347 3903 1370 3948 et
1384 3898 1441 3946 huic
1457 3901 1481 3946 et
1495 3894 1580 3945 ceteris

257 3987 377 4038 mapsam
393 3975 427 4024 od
442 3987 467 4024 se
478 3973 653 4038 defendendam
668 3976 813 4038 [acumem
824 3979 853 4038 0,
872 3977 905 4027 de
923 3989 976 4041 qua
993 3976 1192 4041 interpolatione
1202 3989 1228 4026 v.
1241 3973 1352 4037 Madvig.
1365 3987 1391 4037 p.
1404 3970 1452 4022 330
1463 3983 1516 4034 sq„
1534 3969 1578 4032 qui

259 4053 371 4102 coniecit
382 4064 387 4097 :
406 4051 429 4100 ei
445 4051 484 4099 sci
497 4051 640 4112 desmdmdi
654 4052 715 4115 face
734 4065 783 4115 ego
795 4050 883 4102 malim
895 4067 901 4102 :
919 4054 979 4114 imp.
991 4059 1038 4102 tna
1053 4053 1129 4102 eliam
1139 4052 1196 4101 haic
1206 4051 1240 4101 ad
1251 4049 1427 4113 defendendam
1436 4045 1579 4109 scandalon

258 4127 338 4184 dabit,
358 4126 392 4175 de
409 4136 461 4188 qua
479 4127 611 4176 structura
629 4139 654 4176 v.
674 4129 781 4192 interpr.
799 4128 832 4178 ad
850 4142 889 4178 or.
907 4130 1095 4193 Pompeianam
1112 4128 1128 4192 5
1144 4126 1169 4178 4.
1190 4154 1217 4166 -
1241 4128 1282 4178 40.
1299 4126 1390 4176 modes
1409 4122 1450 4182 P¹;
1473 4123 1580 4171 suadeas

258 4202 357 4259 P²Eti;
376 4213 389 4250 e
404 4202 471 4250 cado
489 4202 506 4250 S
521 4227 555 4237 -
572 4202 611 4250 44.
629 4203 737 4252 raihans
752 4206 771 4252 P
791 4230 817 4240 ·-
837 4203 877 4253 44.
896 4205 999 4253 aprima
1016 4206 1045 4254 4)ι
1063 4231 1091 4241 -
1110 4203 1149 4254 ti.
1167 4209 1196 4252 at
1211 4205 1282 4253 dictis
1297 4203 1317 4251 P
1336 4227 1363 4235 -
1382 4200 1422 4248 45.
1441 4197 1503 4247 lucei
1519 4197 1576 4256 PE,

257 4278 329 4326 inscii
346 4278 380 4334 G,
397 4277 494 4327 bmceii
511 4278 530 4326 0
549 4303 576 4312 -
593 4291 640 4338 per
656 4281 722 4339 qma
738 4279 788 4329 EG
806 4305 832 4315 -
854 4280 1055 4331 immanens
1074 4307 1100 4316 -
1119 4281 1158 4329 46.
1177 4277 1321 4328 44444αὸ4444
1335 4278 1485 4324 necarentur
1499 4271 1529 4324 P¹
1544 4299 1578 4309 -

257 4351 404 4401 insidiandis
420 4352 451 4400 S:
470 4353 610 4402 insidiantis
620 4356 656 4416 G,
673 4355 818 4406 insidiantes
834 4357 853 4426 P
863 4357 896 4416 E;
915 4357 1038 4406 violandis
1053 4354 1158 4412 bamba
1178 4354 1236 4404 lori.
1256 4351 1397 4403 insidiando
1412 4375 1439 4384 -
1459 4348 1500 4397 ll·
1512 4347 1579 4396 domi

256 4429 276 4478 P
291 4453 314 4464 -
336 4426 376 4476 49.
395 4427 489 4478 clodiae
502 4467 507 4478 .
520 4467 526 4478 .
539 4467 545 4479 .
559 4431 647 4484 dimit
663 4443 709 4481 eor
726 4431 791 4480 dedit
807 4429 836 4481 Ρ1
852 4431 938 4494 spatio
949 4444 1035 4481 vacuo
1051 4432 1130 4480 unius
1141 4441 1235 4480 versus
1251 4431 1279 4477 et
1291 4425 1391 4476 dimidii
1407 4428 1470 4489 post
1484 4422 1579 4472 clodiae

256 4500 363 4562 relicto,
382 4503 453 4566 qnod
471 4504 511 4556 his
528 4503 617 4555 verbis
635 4519 715 4556 manu
731 4506 880 4557 recentiore
897 4505 1049 4570 suppletum
1067 4508 1122 4556 est:
1144 4516 1221 4566 qnam
1236 4503 1271 4552 ad
1286 4513 1341 4552 ren
1356 4513 1448 4551 aurien
1463 4503 1517 4548 tam
1532 4499 1579 4551 iret

256 4590 291 4626 an
306 4591 356 4627 non
373 4578 487 4628 stianit?
506 4581 527 4628 si
543 4593 605 4639 aon,
623 4583 653 4630 ut
669 4581 732 4631 item
751 4585 792 4632 est
807 4582 834 4631 in
851 4582 909 4632 EG.
937 4583 1021 4632 Locus
1038 4580 1125 4631 medio
1143 4579 1252 4629 demum
1269 4590 1336 4627 aevo
1353 4573 1491 4640 suppletus
1506 4572 1579 4622 vide-

255 4655 311 4712 tur;
334 4655 419 4716 spatio
440 4654 513 4718 quod
534 4656 560 4706 iu
581 4659 601 4706 P
617 4667 731 4707 vacuum
754 4659 795 4708 est
817 4655 857 4718 (ci.
876 4657 942 4706 llus.
961 4656 1043 4706 Rhen.
1062 4668 1123 4705 nov.
1140 4655 1187 4715 ili,
1205 4653 1261 4714 334)
1279 4653 1331 4702 boc
1348 4652 1403 4701 iere
1420 4645 1576 4712 respondet:

256 4728 379 4778 dixeritne
401 4729 500 4781 Clodiae
521 4728 638 4793 locellus,
663 4735 786 4792 quantam
807 4733 842 4781 cd
862 4731 961 4795 facinus
979 4745 1071 4781 amam
1087 4733 1217 4793 quaerent
1232 4742 1268 4779 an
1282 4741 1333 4777 non
1348 4725 1449 4776 dicati.
1476 4724 1504 4774 Si
1518 4717 1577 4783 non]

256 4804 321 4854 dicit
338 4807 388 4854 cet.
408 4831 435 4840 -
460 4811 513 4856 tam
533 4811 639 4856 sumeret
655 4807 686 4856 S:
708 4811 760 4856 tam
780 4809 828 4856 iret
846 4804 932 4858 P²EG
949 4808 977 4856 et
993 4806 1071 4856 codd.
1089 4804 1223 4870 plerique,
1246 4803 1318 4868 quod
1337 4815 1371 4853 ex
1386 4805 1511 4863 saenptaen
1527 4799 1578 4862 ivel

256 4880 401 4942 quaesitam)
419 4881 467 4930 iret
482 4883 636 4945 corruptum
652 4880 769 4940 videtur;
789 4896 839 4932 nec
856 4886 944 4933 manen
958 4884 1115 4933 Ciceronem
1132 4883 1218 4946 ipsum
1235 4881 1274 4930 sic
1284 4877 1423 4942 scripsisse
1439 4878 1575 4941 putamus,

255 4959 369 5004 maleam
385 4961 491 5005 smneret
505 4957 621 5006 Weiske.
641 4983 668 4992 -
691 4959 732 5008 44.
751 4957 861 5008 disiecit
876 4956 905 5010 P¹
923 4959 954 5019 (a
971 4961 996 5008 in
1013 4963 1076 5020 ras.)
1096 4985 1123 4994 -
1147 4958 1188 5006 ii.
1205 4955 1314 5019 spoliare
1334 4967 1389 5003 om.
1412 4951 1578 5014 spoliatricem

256 5029 349 5079 PEG:
367 5029 535 5091 spoliatricem
546 5044 600 5081 orn.
613 5031 721 5093 moliare
737 5035 767 5091 S,
786 5033 953 5095 spoliatricem
967 5034 1077 5095 spoliare
1089 5046 1144 5082 orn.
1159 5033 1179 5082 0
1195 5059 1220 5068 -
1238 5037 1378 5080 ceterormn
1387 5026 1446 5078 cod.
1459 5028 1485 5076 S.
1498 5025 1575 5076 ilict:

255 5111 362 5156 ceteram
379 5105 457 5156 codd.
476 5104 531 5157 rell.
551 5109 578 5156 et
595 5107 615 5156 0
633 5108 811 5170 temate?
827 5109 939 5159 Ceteaan
955 5109 993 5171 0).
1014 5109 1052 5158 Ci.
1070 5108 1156 5160 hladv.
1174 5121 1201 5172 p.
1215 5106 1271 5157 400.
1286 5131 1313 5141 -
1331 5105 1373 5155 23.
1391 5102 1455 5156 asl-
1468 5101 1577 5150 mma

255 5177 295 5239 P¹;
316 5181 350 5230 ad
366 5179 383 5230 4.
402 5181 520 5232 tumeliam
536 5181 633 5242 dua,
653 5183 700 5234 sed
719 5185 745 5234 in
762 5186 782 5234 G
799 5197 857 5249 sup.
871 5183 914 5234 lin.
928 5183 945 5233 4.
957 5184 1029 5233 lmeii
1044 5210 1072 5220 -
1089 5182 1131 5233 nt.
1149 5182 1311 5246 intepemeai
1327 5184 1344 5230 P
1362 5205 1385 5214 -
1403 5179 1577 5240 senpitemam

255 5256 446 5320 Pantagathus:
464 5259 605 5320 senpitensi
621 5259 656 5315 (ἒς
676 5258 709 5309 ci.
728 5271 754 5322 p.
772 5258 842 5310 Sulla
859 5259 874 5323 Β
891 5259 931 5310 88.
951 5285 978 5296 -
997 5261 1039 5310 ti.
1056 5259 1110 5326 lton]
1127 5264 1211 5310 amen
1228 5261 1288 5310 G-
1306 5257 1387 5306 celata
1403 5257 1425 5307 G
1441 5263 1471 5290 '-
1488 5252 1576 5304 adina

255 5332 293 5384 ita
309 5333 358 5384 EG
376 5357 402 5368 -
422 5333 538 5383 adimam
553 5335 572 5390 P
593 5359 616 5372 -
638 5334 678 5384 29.
696 5334 803 5386 lubidine
818 5337 846 5390 P.
1158 5372 1162 5380 .
