4009 6159
747 565 1200 654 cn.1v-v.ssr-rr.
1548 560 1625 630 retr

315 745 505 810 convincas?
534 762 574 805 an
595 741 821 825 chirographo?
851 741 885 803 in
907 761 970 825 quo
991 741 1089 804 habes
1111 740 1275 805 scientiam
1296 746 1529 824 quaestuosam.
1568 735 1632 814 Qui

314 840 442 923 possiet
465 844 538 900 sunt
559 835 643 900 enim
666 835 783 899 librarii
806 853 911 898 manu.
947 837 1014 898 iam
1027 835 1155 899 invideo
1169 836 1319 918 magistro
1334 841 1407 908 tuo,
1428 833 1484 918 qui
1501 839 1531 895 te
1546 837 1631 893 tanta

314 932 472 1005 mercede,
494 936 643 1012 quautam
665 929 727 991 iam
750 929 917 1011 proferam,
938 930 1019 992 nihil
1040 950 1150 1012 sapere
1172 931 1291 992 docent
1328 925 1359 990 9.
1375 927 1459 1003 Quid
1481 925 1566 988 enim
1584 930 1632 986 est

315 1027 418 1090 minus
440 1043 505 1088 non
523 1023 594 1086 dico
616 1024 761 1096 oratoris,
784 1023 839 1086 sed
857 1023 1005 1098 hominis,
1028 1043 1123 1106 quam
1136 1023 1168 1086 id
1184 1023 1320 1086 obiicere
1334 1021 1523 1094 adversario,
1545 1017 1632 1102 quod

313 1120 367 1184 ilie
391 1118 417 1181 si
439 1117 535 1182 verbo
558 1118 695 1199 negarit,
719 1116 845 1199 longius
867 1118 1014 1200 progredi
1036 1138 1100 1180 non
1122 1117 1225 1200 possit
1239 1117 1293 1199 qui
1316 1117 1491 1178 obiecerit?
1512 1115 1553 1175 At
1573 1123 1656 1195 egos

313 1233 377 1276 non
404 1231 500 1294 nego,
521 1218 624 1297 teque
653 1212 687 1273 in
715 1210 775 1274 isto
804 1211 874 1293 ipso
897 1213 1053 1274 convinco
1080 1231 1146 1273 non
1166 1210 1403 1274 inhumanitatis
1424 1209 1542 1282 solum,
1575 1203 1631 1268 sed

313 1308 408 1370 etiam
433 1307 600 1368 amentiae.
645 1304 738 1380 Quod
767 1305 851 1368 euim
881 1304 1011 1368 verbum
1038 1307 1072 1368 in
1099 1306 1167 1367 istis
1198 1302 1308 1367 litteris
1337 1311 1476 1366 estnon
1503 1301 1632 1386 plenum

312 1401 532 1472 humanitatis,
555 1395 668 1474 officii,
689 1398 952 1462 benevolentiae?
980 1399 1081 1462 Omne
1103 1407 1206 1462 autem
1221 1399 1339 1462 crimen
1355 1405 1443 1460 tuum
1458 1404 1522 1470 est,
1546 1393 1632 1482 quod

313 1496 352 1559 de
374 1504 406 1560 te
427 1495 460 1558 in
482 1494 531 1556 his
560 1492 672 1556 litteris
701 1512 765 1556 non
794 1492 875 1555 male
904 1491 1098 1566 existimem,
1130 1493 1216 1576 quod
1244 1491 1377 1554 scribam
1405 1499 1565 1578 tamquam
1593 1488 1632 1552 ad

313 1591 431 1662 civem,
454 1596 614 1671 umquam
636 1586 674 1648 ad
698 1586 815 1649 bonum
837 1586 953 1658 virum,
975 1606 1038 1649 non
1053 1594 1215 1669 tamquam
1229 1586 1269 1648 ad
1285 1586 1469 1650 sceleratum
1485 1593 1517 1649 et
1537 1585 1670 1648 latro-to

313 1704 396 1746 nem.
428 1685 470 1745 At
491 1700 550 1764 ego
572 1689 642 1744 tuas
664 1680 800 1754 litterae,
823 1681 881 1743 etsi
903 1680 970 1742 iure
991 1687 1132 1762 poteram
1155 1699 1174 1743 a
1195 1687 1225 1742 te
1247 1679 1427 1754 lacessitus,
1448 1687 1633 1742 tamennon

312 1776 488 1860 proferam:
518 1775 634 1859 quibus
664 1774 746 1856 petis
767 1781 803 1836 ut
821 1774 878 1836 tibi
901 1793 959 1857 per
980 1794 1029 1836 me
1052 1774 1145 1837 liceat
1166 1773 1324 1860 quendam
1345 1774 1386 1835 de
1407 1772 1519 1836 exsilio
1541 1772 1635 1835 redu-

313 1886 400 1944 cere,
422 1869 611 1950 adiurasque
633 1869 666 1932 id
688 1876 719 1932 te
741 1869 841 1930 invito
864 1887 914 1930 me
936 1887 1000 1930 non
1023 1888 1093 1931 esse
1114 1867 1288 1941 iacturum,
1310 1865 1407 1950 idque
1425 1887 1444 1930 a
1466 1888 1516 1930 me
1537 1867 1635 1948 impe·

312 1972 387 2026 tras.
421 1962 504 2038 Quid
527 1962 611 2025 euim
634 1982 684 2024 me
707 1962 941 2044 interponerem
963 1960 1114 2026 audaciae
1128 1949 1334 2048 tuae,<quam
1348 1980 1453 2044 neque
1467 1961 1634 2024 auctoritas

312 2056 407 2120 buius
429 2055 550 2118 ordinis
571 2075 676 2138 neque
699 2055 890 2118 existimatio
912 2055 1023 2138 populi
1038 2055 1171 2118 Romani
1187 2076 1291 2140 neque
1304 2056 1391 2139 leges
1405 2055 1489 2118 ullae
1503 2061 1673 2138 pos-sentit
1726 2041 1883 2151 ᾖν

312 2141 483 2246 coercere}
528 2144 578 2212 t0.
601 2150 718 2212 Verum
740 2157 844 2212 mmen
867 2149 943 2232 quid
967 2156 1034 2211 erat
1056 2149 1142 2233 quod
1164 2169 1214 2212 me
1236 2169 1381 2232 rogares,
1403 2149 1430 2211 si
1445 2156 1513 2212 erat
1527 2149 1572 2221 is,
1595 2147 1635 2208 de
1813 2147 1818 2157 ’

191 2273 197 2294 t
312 2263 376 2327 quo
398 2243 549 2326 rogabas,
574 2243 714 2306 Caesaris
737 2242 806 2324 iege
828 2241 998 2305 reductus?
1023 2241 1084 2305 Sed
1101 2243 1251 2307 videlicet
1271 2264 1374 2306 meam
1392 2243 1523 2327 gratiam
1538 2241 1636 2306 voluit

312 2357 399 2410 esse,
423 2337 456 2398 in
478 2356 543 2418 quo
567 2356 606 2398 ne
629 2336 729 2417 ipsius
754 2335 881 2418 quidem
903 2336 970 2398 uita
991 2355 1061 2400 esse
1083 2345 1207 2419 poterat
1227 2338 1296 2420 iege
1318 2338 1390 2401 lata.

395 2431 433 2491 V.
457 2429 613 2512 Sed(cum
636 2421 738 2503 mihi)
754 2437 858 2511 patres
882 2429 1121 2520 conscripti,(et
1141 2453 1199 2514 pro
1221 2452 1271 2495 me
1286 2431 1405 2514 aliquid
1422 2440 1453 2495 et
1467 2434 1501 2495 in
1515 2434 1557 2497 Μ.
1572 2432 1636 2493 Λιι-

313 2525 434 2587 tonium
458 2522 556 2584 muita
577 2523 711 2586 dicenda
727 2511 816 2622 sirit)
841 2523 973 2586 aiterum
1003 2531 1077 2605 peto
1098 2544 1117 2587 a
1138 2524 1230 2587 robis
1250 2533 1287 2587 ut
1307 2545 1357 2588 me
1380 2546 1437 2608 pro
1459 2546 1508 2587 me
1530 2526 1672 2588 dicen-te
1735 2565 1752 2605 g
1774 2523 1814 2538 '¹'

312 2630 374 2681 tem
396 2617 550 2698 benigne,
573 2617 707 2678 aiterum
729 2615 797 2698 ipse
820 2615 954 2680 efficiam
977 2626 1028 2691 ut,
1051 2626 1161 2682 contra
1181 2618 1270 2681 iilum
1293 2639 1364 2682 cum
1379 2620 1495 2694 dicam,
1517 2626 1635 2682 attente

312 2709 455 2776 audiatis.
494 2709 593 2771 Simul
616 2710 693 2771 ittud
716 2729 790 2772 oro:
824 2711 850 2772 si
873 2731 974 2773 meam
995 2732 1068 2774 cum
1091 2712 1124 2774 in
1147 2714 1231 2775 omni
1254 2713 1334 2787 vita,
1357 2719 1422 2774 tum
1445 2710 1635 2774 indicendo

311 2803 561 2869 moderationem
584 2803 834 2886 modestiamque
856 2806 1034 2887 cognostis,
1056 2825 1097 2868 ne
1119 2826 1169 2870 me
1191 2805 1297 2882 hodie,
1323 2827 1394 2870 cum
1417 2806 1486 2879 isti,
1507 2813 1543 2868 ut
1563 2826 1636 2889 pro·

310 2899 450 2972 vocavit,
479 2897 692 2980 respondero,
715 2898 848 2962 oblitum
870 2919 941 2962 esse
963 2901 1082 2982 putetis
1105 2901 1178 2963 mei.
1213 2903 1282 2964 Non
1305 2901 1444 2964 tractabo
1466 2907 1502 2963 ut
1522 2919 1636 2962 consu-

310 2995 389 3058 lem:
419 3012 460 3054 ne
487 2991 540 3054 iile
571 2992 698 3076 quidem
729 3013 779 3054 me
802 2999 837 3054 ut
859 2992 1067 3056 consularem.
1114 2994 1183 3057 Etsi
1211 2994 1266 3057 iiie
1287 2994 1375 3058 nullo
1398 2994 1491 3057 modo
1514 2993 1673 3068 consutas

311 3088 361 3152 vei
384 3088 471 3170 quod
500 3087 543 3150 ita
564 3088 642 3150 risit
664 3086 714 3149 vel
738 3087 825 3169 quod
847 3089 891 3150 ita
912 3107 978 3150 rem
1004 3088 1165 3172 publicam
1187 3091 1268 3173 gerit
1288 3089 1340 3154 rei
1362 3089 1446 3173 quod
1469 3089 1513 3152 ita
1534 3088 1634 3152 iectus

309 3190 373 3246 est:
403 3200 461 3263 ego
491 3179 559 3242 sine
586 3180 651 3242 ulla
680 3185 894 3244 controversia
922 3182 1107 3247 consularis.
1153 3178 1203 3246 ii.
1225 3185 1265 3246 Ut
1290 3185 1386 3267 igitur
1406 3181 1636 3266 intelligeretis,

310 3275 436 3358 qualem
463 3274 533 3356 ipse
562 3293 596 3336 so
627 3274 790 3336 consulem
820 3273 1033 3357 profiteretur,
1064 3277 1180 3341 obiecit
1200 3277 1277 3341 mihi
1300 3279 1496 3342 consulatum
1520 3297 1634 3340 meum.

310 3370 373 3445 Qui
395 3369 578 3432 consulatus
600 3369 696 3430 verbo
719 3388 825 3444 meus,
847 3377 953 3451 patres
977 3372 1162 3455 conscripti,
1184 3391 1218 3433 re
1233 3380 1337 3435 vester
1351 3372 1421 3436 iuit.
1451 3370 1535 3447 Quid
1551 3370 1634 3432 enirn

221 3485 222 3490 ¹
309 3485 367 3546 ego
390 3463 552 3536 constitui,
575 3462 652 3545 quid
676 3463 774 3544 gessi,
798 3464 876 3547 quid
899 3464 948 3545 egi
970 3466 1033 3528 nisi
1056 3485 1097 3527 ex
1110 3465 1204 3528 huius
1219 3467 1338 3530 ordinis
1352 3467 1506 3540 consitio,
1528 3473 1671 3530 aucto-eo

309 3561 416 3632 ritate,
445 3557 623 3620 sententiat
653 3557 740 3620 Haec
770 3565 803 3619 tu
832 3557 926 3620 homo
957 3559 1102 3640 sapiens,
1132 3580 1196 3623 non
1217 3560 1320 3623 solum
1342 3561 1516 3646 eloquens,
1550 3559 1634 3643 apud

310 3673 378 3728 eos,
401 3671 536 3737 quorum
559 3651 691 3714 consilio
712 3651 933 3734 sapientiaque
955 3660 1042 3735 gesta
1060 3661 1148 3727 sunt,
1170 3674 1267 3718 ausus
1282 3675 1317 3718 es
1332 3656 1533 3739 vituperaret
1555 3654 1635 3729 Quis

310 3756 414 3811 autem
437 3765 543 3808 meum
566 3744 765 3808 consulatum
787 3754 911 3829 praeter
932 3754 963 3810 te
985 3746 1196 3832 Publiumque
1219 3749 1378 3824 Clodium,
1401 3749 1457 3833 qui
1478 3748 1635 3834 vitupera·

374 4076 396 4124 t.
414 4074 543 4126 convinces
558 4074 579 4124 D
595 4097 622 4110 -
641 4074 786 4136 cirographi
796 4086 811 4124 a
822 4099 849 4110 -
865 4076 1012 4124 seutentiam
1023 4076 1034 4124 t
1047 4101 1073 4112 -
1087 4075 1177 4138 quiab
1191 4103 1218 4113 -
1232 4077 1257 4126 ἱ.
1274 4077 1485 4139 posuerteaiosV
1499 4107 1526 4116 -
1544 4080 1633 4130 librari

308 4152 342 4209 V;
360 4149 439 4200 libera
454 4150 476 4200 Ι)
495 4173 524 4186 -·
543 4148 567 4199 3.
586 4153 709 4211 quautam
724 4149 803 4198 mium
816 4148 931 4212 proferro
948 4149 970 4195 V
988 4175 1015 4183 -
1034 4150 1121 4200 deceat
1137 4151 1173 4198 V:
1194 4151 1276 4200 doerit
1291 4151 1359 4209 n0;
1383 4151 1417 4202 ci.
1435 4167 1475 4204 or.
1494 4156 1529 4214 ii,
1548 4168 1573 4204 c.
1591 4156 1632 4206 ti.

311 4251 337 4262 -
350 4225 415 4274 enirn
426 4225 486 4286 (aas
496 4224 527 4287 Vt
538 4230 573 4275 eet
584 4226 646 4275 VD:
665 4231 699 4276 est
716 4226 782 4276 erun
798 4227 852 4276 0-
876 4225 1073 4277 totumve
1091 4227 1119 4274 et
1135 4226 1174 4275 sic
1191 4237 1307 4289 semper.
1321 4251 1350 4262 -
1369 4227 1394 4276 5.
1406 4229 1512 4278 uereoV
1526 4255 1554 4264 -
1572 4229 1597 4279 6.
1607 4240 1634 4279 es

306 4299 360 4360 ipso
375 4299 422 4348 isto
438 4311 454 4360 g
468 4325 495 4334 -
514 4299 659 4349 corumdem
676 4314 733 4350 o-
751 4299 810 4364 ooo]
827 4303 927 4351 aoniae
942 4299 986 4363 hg
1001 4327 1029 4336 -
1047 4299 1127 4349 roim
1137 4326 1174 4338 --
1184 4300 1347 4350 iaeraaitatis
1363 4313 1416 4352 om.
1428 4304 1452 4353 D
1465 4329 1492 4340 -
1510 4306 1536 4356 8.
1548 4305 1636 4368 emetis

308 4378 368 4424 v-
387 4373 631 4425 dmwokrdieaVD
649 4378 677 4426 et
693 4377 732 4428 sic
749 4389 906 4440 semper·
926 4381 996 4426 taur
1012 4376 1107 4426 eene
1123 4377 1134 4425 t
1151 4401 1179 4410 -
1198 4380 1252 4426 ertu
1268 4377 1334 4437 qaod
1350 4376 1550 4429 detdisV—
1569 4381 1635 4442 prod

306 4452 345 4501 iis
358 4451 446 4501 titteris
462 4448 557 4499 άῐνιοη
571 4450 638 4499 mate
653 4451 803 4500 namtas
822 4475 850 4486 -
869 4451 893 4499 9.
912 4451 943 4500 iis
959 4452 970 4500 t
987 4475 1015 4486 -
1033 4449 1169 4500 deridebam
1184 4449 1215 4510 V,
1234 4451 1264 4498 ut
1279 4450 1397 4502 Muretus
1415 4452 1506 4505 edidit.
1521 4481 1548 4492 -
1566 4461 1634 4505 taut·

308 4538 384 4588 quam
400 4523 652 4574 addentemb-
672 4524 743 4574 to.o
759 4523 923 4574 donamV—
942 4525 1311 4589 maumam-ttae]
1328 4531 1352 4577 et
1368 4529 1417 4577 t-
1439 4528 1479 4578 tt.
1496 4530 1632 4582 witieVD

308 4602 335 4650 et
353 4600 391 4650 sic
409 4611 517 4662 semper
530 4623 557 4634 —
575 4599 709 4648 redducere
724 4599 830 4648 adieras
847 4599 906 4662 quid
921 4605 944 4649 et
960 4600 1039 4650 inuito
1050 4601 1072 4650 V
1084 4627 1112 4636 -
1131 4600 1171 4650 td.
1183 4601 1336 4662 raparum
1353 4603 1493 4665 impetrasti
1503 4605 1631 4662 Wesenb,

309 4701 336 4712 -
357 4674 493 4736 itesam
514 4673 548 4722 V:
575 4685 648 4735 quern
668 4675 720 4723 Do
743 4700 770 4708 -
798 4675 988 4738 tdposrrortg
1015 4701 1042 4710 -
1070 4675 1631 4743 td.codarcrregt-eemrrtameagt-

308 4751 348 4800 47.
367 4761 416 4798 erra
431 4748 509 4798 sciuit
525 4762 542 4812 g
557 4774 591 4786 ·-
610 4749 649 4798 ⁴8.
667 4749 739 4798 eradio
754 4751 766 4798 t
784 4777 811 4786 -
828 4755 927 4812 poterat
943 4763 993 4802 esse
1009 4752 1044 4800 at
1062 4779 1090 4789 -
1108 4752 1171 4800 data
1187 4753 1197 4800 t
1216 4778 1244 4788 -
1263 4754 1303 4803 49.
1320 4767 1348 4815 p.
1365 4756 1472 4817 coerce]
1488 4755 1585 4806 PRCV
1604 4783 1630 4790 —

307 4823 480 4886 aliquitv-
500 4825 541 4873 20.
559 4830 617 4874 aaut
633 4826 669 4874 at
689 4851 714 4860 ·-
733 4825 888 4876 aoauV-
908 4839 947 4876 me
963 4829 1068 4891 postet
1084 4839 1209 4877 ome·-
1227 4828 1269 4877 tt.
1287 4827 1385 4892 derriprri
1402 4843 1417 4880 a
1436 4856 1463 4867 —
1482 4831 1523 4881 2³.
1541 4843 1634 4895 capno·

306 4900 373 4950 scitis
389 4911 404 4948 a
423 4923 450 4934 -
469 4896 510 4948 id.
528 4899 677 4963 respondero
692 4899 726 4948 V:
743 4900 878 4962 respondeo
895 4903 918 4962 t;
936 4901 1085 4964 mandabo
1102 4900 1171 4965 abg
1184 4929 1211 4938 -
1229 4917 1280 4953 soe
1295 4905 1454 4955 amonendo
1472 4908 1482 4954 t
1500 4931 1526 4942 -
1545 4907 1587 4956 tt.
1600 4912 1635 4957 est

307 4975 341 5022 V:
360 4979 396 5024 eat
411 4974 496 5024 cocart
513 4975 534 5024 Ι)
551 5002 584 5012 -
600 4973 770 5039 intellegeretis
787 4976 835 5025 Va
853 4976 889 5038 (et
904 4978 944 5028 eie
962 4977 1003 5026 Vt
1023 4989 1144 5040 semper,
1163 4977 1236 5040 quod
1253 4991 1307 5030 non
1324 4980 1377 5031 iam
1393 4980 1568 5044 notabimus);
1591 4982 1634 5030 io-

306 5048 518 5113 tetteperitist-
537 5050 720 5100 diacoma
740 5076 767 5086 -
786 5051 1234 5116 conadD-protttetarabg-
1253 5055 1295 5104 29.
1312 5055 1634 5121 woo1usrv13arrov

307 5125 405 5175 corni
422 5137 459 5175 ru.
474 5147 501 5160 -·
522 5124 562 5174 34.
580 5125 746 5176 amteotiaev
760 5153 786 5162 -
805 5127 900 5188 dputV
914 5153 939 5164 -
959 5127 1000 5178 32.
1013 5129 1231 5189 aittperareV1-
1250 5130 1290 5180 33.
1303 5144 1372 5182 coar.
1385 5131 1496 5183 rueumb
1511 5158 1535 5169 -
1554 5145 1633 5194 prae·

307 5204 345 5249 ter
361 5205 384 5250 te
398 5199 559 5263 studensque
575 5201 687 5252 Clodiam
703 5204 731 5252 P.
749 5202 804 5252 itio.
823 5201 965 5254 Mueiierus
983 5204 1018 5265 (in
1035 5202 1167 5268 Phitoiogo
1183 5205 1230 5265 lx,
1248 5219 1276 5268 p.
1290 5207 1359 5268 ⁴861:
1373 5212 1479 5270 praeter
1494 5212 1518 5256 te
1535 5219 1568 5268 .p.
1587 5211 1633 5258 aut

305 5273 412 5326 etodim
429 5275 464 5336 V;
480 5289 522 5338 pr.
541 5281 564 5326 te
580 5281 603 5327 et
618 5277 645 5328 P.
664 5276 775 5328 Clodiam
792 5277 920 5337 Marcium
939 5283 1042 5344 praeter
1057 5279 1084 5332 Ρ.
1102 5278 1215 5332 Ciodiren
1230 5280 1291 5331 ΒΟ.
