4009 6159
683 600 947 665 canu-rx.
973 596 1188 685 sete-sn.
1517 594 1601 663 titt

277 773 347 839 sine
377 779 575 849 accusatore,
604 773 674 836 sine
703 761 797 835 etiam
825 771 955 835 scelere.
999 767 1050 835 l8.
1071 771 1223 836 Hostibus
1245 773 1278 836 in
1299 771 1400 849 bello,
1430 769 1486 855 qui
1509 768 1602 833 dissi·

277 868 353 930 deut
374 866 550 941 voluntate,
573 865 725 929 dimicant
745 865 858 939 armis,
879 866 976 929 uitam
998 864 1143 947 quotidie
1164 874 1365 949 oppugnant,
1387 866 1421 929 in
1444 866 1512 949 ipsa
1534 864 1602 928 acie

276 982 347 1024 cum
368 961 579 1044 proeliantur,
607 960 682 1023 licet
709 959 818 1042 loqui,
847 959 922 1022 licet
943 957 1121 1042 disputare:
1151 960 1227 1023 mibi
1256 962 1291 1024 iu
1319 980 1412 1044 pace,
1440 961 1518 1043 cipi,
1546 957 1602 1042 qui

274 1054 470 1136 perditorum
498 1054 661 1117 bominum
689 1052 770 1134 fregi
798 1051 954 1126 furorem,
983 1072 1040 1136 pro
1067 1051 1204 1117 fortunis
1225 1054 1310 1117 meis·
1326 1056 1412 1138 apud
1434 1074 1490 1117 vos
1512 1051 1603 1136 loqui

274 1168 341 1211 uon
362 1148 495 1211 licebit?
522 1148 628 1221 Servi,
651 1149 706 1231 qui
727 1146 768 1210 ad
790 1146 983 1228 supplicium
1006 1147 1189 1211 verberibus
1212 1150 1296 1212 caesi
1318 1149 1498 1223 trabuntur,
1520 1145 1626 1231 apudt

276 1262 331 1305 eos
352 1261 448 1324 saepe
463 1242 646 1325 disputant,
660 1261 742 1325 qnos
763 1260 877 1304 necare
892 1240 1077 1305 voluerunt:
1101 1261 1160 1324 ego
1176 1241 1351 1327 consularis
1366 1241 1449 1327 apud
1466 1262 1522 1305 eos
1539 1258 1604 1303 uon

274 1336 402 1420 loquar,
425 1356 507 1419 quos
521 1335 729 1400 conservavi?
752 1334 887 1409 Tacebo,
910 1334 939 1398 si
959 1355 1090 1399 necesse
1105 1346 1170 1412 est;
1193 1337 1313 1412 tacebo,
1331 1337 1474 1420 iuquam,
1497 1336 1602 1399 auimo

274 1449 395 1513 aequo,
418 1430 568 1512 quoniam
590 1430 689 1493 virtus
712 1448 781 1491 mea
803 1449 854 1492 me
875 1436 999 1493 tacente
1014 1431 1080 1512 agit
1094 1450 1196 1494 meam
1212 1449 1348 1494 causam.
1378 1430 1461 1493 Vlll.
1476 1426 1527 1492 la.
1543 1429 1603 1490 lta·

274 1543 339 1607 que
369 1531 405 1585 ut
432 1542 490 1605 eqo
519 1524 554 1585 in
576 1523 724 1586 continue
746 1542 817 1586 mea
838 1522 919 1585 nibil
941 1542 1056 1605 ponam
1079 1524 1118 1586 de
1140 1527 1218 1589 meis
1240 1526 1337 1589 rebus
1359 1524 1471 1608 gestis,
1497 1532 1603 1586 tamen

211 1609 213 1612 ’
274 1618 308 1680 in
336 1617 449 1681 animis
478 1619 630 1682 memoria
659 1623 764 1693 ueptra
791 1616 920 1699 largiter
947 1617 1135 1701 relinquam.
1171 1620 1227 1683 luti
1253 1618 1347 1683 modo
1368 1617 1511 1691 videant,
1541 1629 1641 1699 quam

230 1726 241 1745 ·
273 1712 398 1775 ratione
418 1710 502 1774 banc
522 1732 623 1775 meam
646 1720 764 1775 mumm
784 1710 891 1793 fugam
913 1709 996 1774 serre
1018 1712 1151 1795 possint.
1188 1713 1314 1776 Etenim
1335 1713 1475 1787 siame,
1497 1718 1533 1773 ut
1551 1709 1604 1773 isti

272 1806 475 1880 existimant,
496 1806 623 1870 Lentuli
642 1806 758 1869 mortui
773 1804 897 1879 sordes,
920 1805 948 1867 si
964 1804 1118 1869 Catilinae
1132 1808 1313 1871 notissimus
1328 1806 1431 1881 furor,
1454 1808 1481 1869 si
1497 1825 1605 1869 ameu-

274 1901 321 1963 tia
342 1898 486 1981 Cethegi,
517 1899 545 1962 si
566 1900 710 1963 luxuries
731 1918 769 1961 ac
791 1906 900 1982 stupra
923 1898 1024 1963 Cassii
1043 1918 1165 1981 poenas
1187 1908 1350 1985 repetunt,
1373 1900 1512 1985 prolecto
1534 1898 1604 1962 istis

190 2007 193 2013 ’
273 1994 354 2057 hora
376 1992 463 2056 nulla
485 1994 585 2057 eiecto
608 1993 714 2055 Tullio
737 2012 874 2056 vacuae
899 1992 1040 2076 periculo
1066 2000 1121 2055 aut
1142 1994 1378 2077 exspectatione
1400 1992 1532 2077 periculi
1554 2012 1605 2055 re·

273 2087 445 2170 linquetur.
480 2087 528 2149 lta
556 2087 589 2149 iu
621 2086 689 2149 dies
716 2104 783 2148 uon
809 2086 889 2148 meis
919 2085 1060 2161 insidiis,
1089 2106 1171 2171 quae
1200 2087 1306 2153 nullae
1327 2106 1346 2151 a
1367 2106 1417 2150 me
1438 2092 1641 2170 parantur,u

275 2181 331 2245 sed
352 2199 482 2243 suorum
504 2180 699 2243 conscientia
719 2180 876 2243 scelerum
898 2179 1028 2242 cruciati
1050 2179 1128 2243 mibi
1143 2180 1266 2244 absenti
1281 2187 1313 2244 et
1327 2181 1447 2265 populo
1463 2181 1604 2244 Romano

186 2297 191 2305 ·
277 2273 397 2339 dabunt
416 2292 548 2356 poenas.
590 2270 641 2335 20.
665 2272 752 2348 Quas
775 2273 816 2335 ob
837 2291 890 2335 res
911 2291 971 2354 eqo
990 2272 1187 2338 inimicorum
1202 2275 1359 2339 amentiae
1375 2275 1604 2359 cupiditatique

275 2385 449 2450 paucorum
464 2367 606 2430 omnium
628 2365 738 2429 salutis
754 2384 847 2430 causa
864 2365 1028 2441 decedam,
1054 2386 1158 2451 neque
1181 2368 1214 2430 in
1231 2389 1304 2432 eum
1318 2366 1358 2405 *ἦ
1382 2368 1535 2433 deducam
1550 2376 1605 2432 aut

276 2460 424 2544 progredi
440 2460 552 2543 patiar,
567 2468 602 2524 ut
617 2479 715 2543 opera
729 2479 800 2523 mea
814 2480 926 2523 manus
941 2461 1025 2523 inter
1038 2480 1095 2524 vos
1107 2462 1280 2525 conseratis
1295 2464 1474 2548 caedesque
1489 2466 1604 2529 civium

276 2558 359 2620 iuter
379 2575 414 2617 ee
436 2546 516 2629 fiat,
535 2554 700 2637 multoque
721 2554 828 2636 potius
848 2555 918 2638 ipse
939 2555 1040 2638 patria
1061 2555 1232 2640 liberisque
1254 2557 1333 2644 meis
1354 2558 1487 2633 carebo,
1509 2572 1640 2642 quamue

276 2656 406 2735 propter
426 2670 525 2713 unum
547 2668 598 2712 me
619 2668 676 2712 vos
699 2648 739 2711 de
760 2647 895 2711 fortunis
916 2650 1030 2713 vestris
1051 2650 1162 2734 reique
1183 2651 1329 2734 publicae
1351 2651 1517 2715 dimicetis.
1554 2652 1605 2715 Sic

276 2746 361 2808 enim
382 2744 421 2807 ab
443 2744 541 2807 initio
557 2743 605 2807 fui
625 2744 797 2816 animatus,
820 2750 855 2805 ut
875 2762 942 2805 uon
962 2743 1064 2825 magis
1085 2764 1156 2807 mea
1176 2764 1271 2808 causa
1297 2754 1439 2828 putarem
1461 2766 1512 2809 me
1534 2766 1605 2811 esse

276 2847 385 2902 natum
407 2858 503 2922 quam
525 2838 571 2901 rei
592 2837 737 2922 publicae
758 2845 969 2920 procreatum.
1014 2832 1065 2900 tl.
1088 2838 1150 2902 Sed
1173 2837 1251 2901 illud
1275 2858 1409 2923 queror,
1426 2838 1518 2922 'quod
1540 2860 1606 2903 non

277 2934 339 2997 iam
361 2930 402 2995 ad
423 2931 518 2995 nnius
539 2932 730 3015 perniciem,
753 2931 810 2995 sed
833 2930 873 2993 ad
896 2931 1115 2995 universorum
1138 2932 1270 2996 struitur
1283 2932 1508 3007 calamitatem,
1531 2953 1606 2996 con·

277 3027 382 3111 queri,
411 3026 643 3100 commisereri,
672 3026 793 3101 dicere,
823 3044 1018 3107 expurgare,
1046 3026 1258 3109 suspicionem
1280 3025 1463 3102 demovere,
1485 3029 1605 3091 crimen
1613 3040 1643 3088 ro

159 3186 167 3203 .
276 3122 399 3185 diluere
419 3140 486 3183 nou
507 3120 617 3194 licere,
648 3140 703 3183 ore
725 3138 878 3203 oppresso
901 3120 1038 3183 cervices
1060 3139 1129 3183 esse
1150 3120 1365 3203 praebendas:
1395 3142 1478 3206 quae
1501 3131 1606 3186 tamen

276 3217 382 3279 omnia
406 3235 472 3277 nou
494 3224 557 3278 tam
579 3222 655 3277 sunt
675 3214 874 3289 calamitosa,
904 3215 991 3297 quod
1013 3214 1090 3277 mibi
1114 3221 1188 3278 suut
1209 3215 1388 3289 subeunda,
1416 3236 1512 3300 quam
1534 3237 1607 3301 per·
1661 3277 1663 3283 ,

275 3311 410 3383 niciosa,
435 3309 522 3393 quod
543 3310 577 3372 iu
599 3328 665 3372 rem
687 3308 846 3391 publicam
868 3316 943 3371 sunt
963 3309 1154 3372 introducta.
1197 3309 1254 3370 lll.
1277 3308 1520 3384 Quamobrem
1542 3318 1606 3374 sta·

276 3412 379 3468 tutum
402 3411 451 3465 est
470 3411 568 3485 atque
582 3402 743 3466 decretum
764 3402 798 3464 in
819 3402 870 3465 his
886 3402 1081 3484 temporibus
1097 3402 1231 3466 civitatis
1246 3401 1352 3465 omnia
1364 3405 1501 3488 perpeti,
1524 3424 1606 3488 quae

275 3497 469 3563 volet-furor
490 3497 689 3559 libiumosus.
722 3496 793 3559 Vim
809 3497 924 3561 volunt
937 3497 1072 3559 afferret
1095 3504 1221 3580 praesto
1236 3518 1321 3574 sum;
1345 3498 1460 3561 eiicere
1474 3499 1644 3566 voluutiao

276 3612 373 3669 exeo;
403 3591 523 3654 indicta
550 3610 645 3653 musa
674 3590 787 3655 volunt
815 3591 925 3655 abiret
955 3612 1083 3655 causam
1112 3610 1177 3654 uon
1206 3592 1294 3667 dico;
1325 3591 1412 3655 aliud
1442 3592 1606 3675 quippiam

275 3688 452 3750 conantur?
474 3693 585 3767 agant:
607 3684 687 3748 nibil
709 3686 796 3761 duri,
819 3686 901 3749 nibil
921 3686 1028 3750 acerbi
1050 3684 1127 3748 mibi
1150 3686 1227 3761 erit,
1250 3687 1337 3770 quod
1358 3706 1424 3749 rem
1446 3686 1606 3769 publicam

275 3780 443 3855 tutabitur3
465 3798 531 3841 uon
554 3779 639 3842 euim
661 3779 764 3843 victus
784 3780 849 3843 illis
865 3780 963 3856 cedo,
985 3780 1040 3845 sed
1056 3781 1268 3845 incolumibus
1282 3781 1372 3845 vobis
1385 3800 1436 3843 me
1451 3779 1606 3844 condam.

275 3870 327 3938 22.
348 3876 461 3958 Neque
488 3875 574 3937 enim
599 3894 685 3938 mors
710 3874 889 3939 miseranda
917 3882 980 3951 est,
1014 3896 1096 3961 quae
1124 3876 1165 3940 ob
1191 3895 1258 3940 rem
1286 3874 1444 3959 publicam
1471 3874 1606 3958 capitur,

341 4111 367 4160 i.
384 4108 473 4159 cotidie
488 4110 551 4167 PG;
573 4108 672 4159 cottidie
687 4109 733 4159 ES
753 4135 781 4145 -
804 4110 829 4159 5.
846 4107 990 4158 uerberibus
1011 4108 1077 4159 eaesi
1094 4110 1129 4159 C:
1152 4108 1219 4159 casu
1233 4107 1375 4159 uermruus
1390 4109 1411 4158 0
1430 4134 1458 4145 -
1481 4121 1522 4159 cce
1538 4108 1607 4171 apud

275 4188 320 4239 ES
333 4212 360 4223 -
379 4186 404 4236 6.
417 4186 580 4248 apudeosC:
599 4186 721 4247 apuduoe
734 4184 754 4235 0
768 4212 796 4221 -
814 4185 838 4234 Ἰ.
852 4184 937 4234 anino
953 4186 1079 4246 aequae:
1099 4196 1178 4247 aequo
1192 4184 1309 4234 unimoo
1324 4210 1350 4221 -
1368 4183 1393 4233 8.
1405 4194 1488 4233 meam
1503 4196 1607 4233 cumam

274 4263 365 4313 Pus:
384 4274 489 4311 caruem
503 4274 588 4311 meum
603 4261 653 4311 Eo
673 4288 700 4299 -
722 4261 747 4311 9.
766 4262 879 4310 contione
895 4262 959 4311 PG:
977 4260 1130 4310 concioneO
1150 4285 1178 4295 -
1203 4260 1264 4309 meis
1279 4258 1352 4308 rebus
1370 4257 1404 4308 C:
1423 4256 1496 4308 rebtu
1510 4258 1607 4308 meino

276 4364 305 4375 -
325 4338 366 4388 to.
383 4338 506 4387 munmia
525 4342 611 4386 uestra
632 4338 663 4385 P:
690 4337 838 4386 memoriam
859 4336 947 4385 numi
968 4336 1058 4393 GES;
1083 4340 1108 4386 et
1125 4336 1247 4386 monario
1268 4339 1353 4384 uestra
1374 4333 1394 4384 0
1412 4358 1439 4369 -
1467 4333 1508 4383 ll.
1525 4345 1609 4383 numu

274 4418 373 4464 mam
390 4413 425 4463 C:
443 4412 550 4462 inultam
565 4424 647 4461 mcum
664 4411 684 4462 0
702 4436 729 4446 -
750 4412 790 4462 42.
808 4412 935 4461 catillinae
951 4412 1012 4461 t)-
1031 4410 1071 4461 ta.
1091 4410 1195 4474 Catispi]
1212 4410 1274 4473 slepi
1290 4412 1350 4461 P-
1369 4406 1434 4457 catti
1451 4409 1470 4458 P
1487 4432 1515 4443 -
1534 4420 1608 4469 repc-

276 4489 405 4541 tentS—
430 4486 855 4539 tt.tutttoc2t1.ruttio0-
877 4500 895 4536 a
913 4488 948 4537 C:
972 4498 1026 4536 om.
1045 4487 1066 4535 0
1085 4512 1112 4523 —
1136 4484 1307 4548 expectatione
1324 4482 1431 4546 periculi
1447 4482 1482 4533 C:
1502 4482 1609 4544 periurii

276 4564 457 4627 exspectatione
473 4564 494 4613 0
512 4588 540 4598 -
564 4563 605 4612 lb.
621 4562 660 4611 ita
679 4563 741 4612 PS:
761 4562 847 4624 itaque
869 4562 933 4620 effi
956 4562 1041 4623 itaque
1062 4560 1136 4611 illio
1161 4587 1187 4596 -
1211 4560 1251 4609 ts.
1270 4557 1419 4609 emucimtia
1434 4558 1554 4607 rosunum
1570 4558 1605 4607 C:

275 4641 396 4691 ecetemm
411 4638 560 4688 comneno
571 4638 604 4693 0;
622 4636 656 4687 ci.
670 4637 797 4687 etiamad
811 4649 838 4700 p.
849 4636 958 4697 ettam.
969 4662 997 4672 -
1017 4637 1057 4687 Π.
1071 4635 1164 4686 datum
1178 4648 1272 4700 poenus
1283 4636 1317 4686 c:
1333 4644 1428 4697 poenae
1442 4630 1565 4683 dabuntO
1577 4658 1605 4668 -

278 4716 318 4767 ta.
337 4717 364 4765 in
380 4711 411 4765 ei
427 4716 547 4764 mducum
562 4718 607 4763 aut
624 4716 657 4763 P:
676 4726 704 4762 eo
721 4713 830 4763 deducar
845 4714 968 4771 utGE83
986 4724 1015 4763 eo
1032 4714 1153 4763 mancam
1169 4712 1260 4771 aut0;
1278 4711 1305 4761 in
1321 4706 1551 4773 eum[iocumrem]
1564 4708 1608 4757 de-

277 4796 368 4844 ducam
385 4798 429 4842 aut
440 4792 558 4843 Halmius
568 4818 595 4827 -
613 4792 652 4841 tu.
665 4791 829 4853 conseratis?
840 4818 867 4827 -
885 4790 927 4839 rt.
940 4790 1032 4839 nmuis
1042 4790 1059 4839 S
1074 4816 1098 4825 -
1112 4788 1148 4837 tic
1159 4788 1225 4838 enim
1236 4788 1262 4837 in
1273 4785 1368 4837 lacuna
1379 4797 1395 4835 a
1406 4796 1462 4835 sec.
1476 4796 1513 4834 m.
1527 4781 1609 4833 hebet

278 4872 298 4921 P
312 4896 338 4907 -
357 4870 398 4921 tt.
411 4882 468 4919 mea
479 4882 557 4919 causa
566 4872 683 4930 putarem
693 4880 732 4917 me
743 4868 775 4918 P:
795 4880 835 4917 me
844 4878 901 4915 mea
911 4869 1115 4927 caueaputarem
1126 4863 1220 4913 GESO
1234 4888 1262 4899 -
1280 4860 1321 4912 tl.
1333 4862 1441 4911 etmitur
1452 4860 1484 4911 C:
1503 4860 1609 4910 iustrui-

277 4952 320 4996 tur
330 4947 351 4997 0
365 4972 391 4982 -
410 4944 587 5009 calamitatem]
600 4944 750 4993 honestatem
762 4944 795 5001 C3
814 4942 874 4992 tort.
886 4941 1006 5001 struitur,
1023 4940 1120 4990 honeste
1129 4939 1247 4999 conqueri
1259 4939 1311 4988 cet.
1323 4963 1350 4973 -
1364 4938 1405 4988 re.
1418 4938 1577 5000 suspitionem
1588 4939 1608 4987 P

276 5046 310 5057 -
334 5022 463 5071 deuouere
479 5022 511 5070 P:
531 5020 655 5070 dimovere
666 5019 765 5069 GESO
779 5041 806 5053 -
826 5016 867 5066 26.
886 5016 982 5066 deluere
995 5013 1048 5065 G¹E
1063 5041 1090 5051 -
1107 5014 1149 5064 il.
1163 5014 1291 5065 cluniac:
1311 5015 1396 5063 omniu
1411 5014 1495 5063 imno
1508 5038 1536 5050 -
1556 5017 1609 5062 tam

277 5101 334 5147 tunt
349 5096 444 5147 Pau:
461 5101 519 5146 sunt
534 5101 588 5145 tam
605 5096 689 5146 So·
708 5094 750 5144 28.
768 5097 795 5143 tn
810 5106 839 5142 re
857 5105 891 5155 p.
906 5092 925 5141 P
941 5118 966 5129 -
986 5092 1028 5141 29.
1041 5090 1124 5150 adque
1139 5091 1158 5140 Ρ
1177 5116 1205 5127 -
1223 5090 1271 5153 biju
1286 5090 1303 5140 S
1323 5114 1349 5125 —
1369 5089 1409 5139 30.
1429 5088 1528 5150 adsum
1544 5088 1564 5137 P
1578 5114 1606 5124 -

276 5171 354 5222 dcere
371 5171 391 5222 C
411 5198 438 5208 -
460 5172 501 5222 at.
519 5184 580 5222 eaeo
600 5170 695 5220 utera
710 5182 798 5220 cauea.
815 5168 903 5217 uoluit
918 5165 997 5216 obire.
1015 5177 1119 5215 causam
1134 5179 1185 5215 nun
1201 5164 1256 5215 dico
1272 5166 1306 5217 P:
1331 5176 1393 5216 caeo
1409 5164 1503 5214 indicta
1519 5176 1606 5214 causa.

276 5248 363 5297 uolunt
379 5246 469 5296 audire
484 5258 596 5296 caueam.
613 5258 664 5294 nan
680 5244 735 5294 dico
751 5244 836 5301 GES3
854 5254 915 5292 eaeo
930 5241 1026 5290 indicta
1041 5252 1128 5291 causa.
1146 5240 1241 5291 Nolunt
1254 5238 1363 5291 audire?
1378 5252 1481 5289 caucam
1491 5252 1541 5289 nou
1553 5238 1608 5289 dno

277 5321 343 5372 0-
368 5319 498 5383 quippiam
514 5321 547 5370 C:
567 5317 696 5381 quidpiam
712 5318 733 5368 0
752 5344 780 5355 -
798 5316 839 5368 33.
858 5316 968 5367 condano
985 5317 1019 5366 P:
1038 5316 1142 5368 cmscedc
1160 5316 1236 5368 GEs
1255 5342 1282 5352 -
1301 5313 1342 5366 di.
1361 5316 1480 5378 captatur
1496 5313 1521 5365 S.

1738 1216 1761 1289 C„
