4009 6159
651 610 724 674 cn.
746 610 944 674 444-44.
972 608 1019 695 ii
1040 606 1188 675 44-44.
1498 602 1576 672 4444

258 796 346 851 mum
368 776 487 841 Caecus
509 776 583 851 ille;
606 778 770 842 minimum
794 780 1038 845 enimdolorem
1054 783 1173 867 capiet,
1196 780 1251 865 qui
1267 781 1358 845 iatam
1373 802 1437 845 non
1450 781 1581 846 ridebit.

257 868 309 934 31.
331 871 396 947 Qui
424 870 568 953 prolecto
591 874 618 935 si
640 874 814 949 exstiterit,
846 876 891 939 444
913 883 1041 958 agatae
1064 876 1109 939 444
1129 876 1294 960 loquetur:
1328 876 1474 951 «Mulier,
1503 876 1581 961 quid

256 966 315 1029 tibi
337 986 409 1028 cum
425 964 553 1029 Caelio?
576 966 653 1049 quid
669 986 739 1029 cum
762 967 892 1032 homine
908 969 1168 1032 adolescentulo?
1191 970 1267 1052 quid
1283 990 1355 1033 cum
1369 969 1496 1034 4144444
1520 972 1582 1035 Cur

255 1067 312 1124 aut
333 1068 397 1122 tam
418 1058 581 1124 familiaris
603 1060 678 1123 huic
699 1059 805 1137 fuisti,
836 1070 871 1125 ut
892 1082 1003 1125 aurum
1025 1062 1256 1137 commodares,
1282 1070 1339 1126 aut
1358 1070 1422 1127 tam
1443 1065 1581 1140 inimica,

255 1162 293 1218 ut
316 1172 475 1219 venenum
507 1156 658 1217 timeres?
695 1156 764 1217 Non
791 1163 913 1237 patrem
941 1163 1030 1220 tuum
1056 1157 1202 1220 44444444
1234 1178 1299 1220 444
1321 1166 1484 1240 patruum,
1516 1169 1605 1222 4444

255 1269 366 1324 arum,
387 1265 554 1330 proavum,
577 1257 702 1312 atavum
724 1248 868 1313 audieras
892 1250 1038 1314 consules
1058 1249 1180 1314 4444444
1202 1270 1267 1314 444
1287 1250 1425 1335 denique
1440 1252 1535 1315 modo
1550 1261 1581 1316 te

256 1341 295 1417 Q.
318 1340 437 1404 Metelli
466 1342 700 1405 matrimonium
728 1345 868 1407 tenuisse
899 1343 1037 1418 sciebas,
1069 1344 1235 1407 clarissimi
1268 1365 1304 1409 ac
1331 1345 1492 1411 fortissimi
1521 1350 1580 1425 4444

253 1436 439 1519 patriaeque
470 1437 699 1501 amantissimi?
733 1438 788 1520 qui
817 1437 972 1501 simulac
1000 1438 1114 1521 pedem
1136 1437 1245 1502 limine
1266 1439 1438 1516 extulerat,
1471 1459 1581 1504 omnes
1616 1446 1634 1459 ⁶

254 1549 356 1613 propo
370 1530 456 1592 44444
470 1530 595 1606 virtute,
611 1530 719 1612 gloria,
735 1530 889 1612 dignitate
904 1532 1094 1615 superabat?
1110 1532 1188 1595 Cum
1203 1553 1244 1596 ex
1258 1533 1449 1617 amplissimo
1464 1554 1580 1617 genere

253 1624 288 1687 in
309 1623 460 1687 familiam
483 1623 686 1687 clarissimam
709 1625 888 1709 nupsisses,
910 1646 966 1689 cur
987 1627 1045 1689 tibi
1061 1626 1184 1690 Caelius
1207 1633 1271 1689 tam
1290 1627 1477 1691 coniunctus
1497 1627 1618 1692 4444444

255 1717 437 1802 Cognatusi
459 1717 584 1780 44144444
607 1718 665 1781 viri
687 1718 733 1781 tui
756 1718 941 1783 familiaris?
964 1719 1042 1783 nihil
1066 1740 1184 1784 eorum.
1219 1719 1304 1797 Quid
1324 1721 1421 1804 igitur
1440 1721 1499 1786 luit
1519 1724 1580 1786 4444

254 1814 411 1898 quaedam
433 1812 591 1875 temeritas
613 1832 649 1875 ac
672 1811 792 1875 lihido‘l
814 1815 927 1876 Nonne
949 1822 995 1889 te,
1018 1814 1045 1876 44
1067 1823 1194 1879 4444444
1219 1816 1372 1898 imagines
1394 1816 1501 1881 viriles
1515 1838 1580 1881 non

253 1906 510 1979 commovebant,
532 1926 573 1969 ne
595 1907 762 1989 progenies
785 1906 913 1990 quidem
936 1928 1022 1982 mea,
1045 1908 1162 1999 Quinta
1184 1909 1240 1972 illa
1256 1908 1403 1984 Claudia,
1424 1910 1579 1974 aemulam
1661 1951 1671 2000 p

217 2064 225 2073 ,
253 2002 444 2066 domesticae
469 2000 574 2064 laudis
595 2000 627 2061 44
652 2000 752 2082 gloria
770 2000 915 2065 muliebri
936 2022 1006 2064 esse
1022 2002 1235 2066 admonebat?
1258 2022 1322 2066 non
1335 2003 1424 2091 vifflo
1447 2002 1503 2066 illa
1518 1998 1588 2067 Ve·'
1666 2017 1671 2042 ¹

252 2097 340 2161 stalis
363 2094 514 2167 Claudia,
544 2114 626 2177 quae
649 2102 771 2176 patrem
787 2094 951 2178 complexa
975 2097 1218 2180 triumphantem
1241 2097 1281 2160 ab
1302 2097 1429 2160 inimico
1451 2097 1579 2161 tribuno
1589 2115 1617 2159 sa

252 2191 358 2274 plebei
381 2188 422 2251 de
444 2206 537 2251 curru
559 2188 682 2251 detrahi
703 2208 798 2271 passa
818 2209 883 2251 non
900 2192 972 2251 4444
995 2192 1057 2255 Cur
1071 2198 1102 2252 44
1116 2188 1256 2253 fraterna
1268 2189 1344 2253 44444
1361 2191 1469 2273 potius
1484 2211 1580 2275 quam

252 2287 336 2350 bona
357 2290 489 2368 patema
510 2287 544 2344 44
564 2283 647 2344 avita
669 2289 701 2344 et
721 2302 823 2367 usque
844 2302 863 2345 4
884 2283 975 2346 nobis
991 2304 1064 2347 cum
1085 2284 1210 2347 4444444
1231 2291 1298 2347 tum
1317 2284 1412 2347 etiam
1433 2285 1468 2346 in
1488 2284 1580 2349 lemi-

252 2379 302 2442 nis
324 2377 458 2461 repetita
481 2377 668 2466 4444444444
692 2377 808 2439 144444
831 2396 888 2458 ego
911 2396 1021 2459 pacem
1036 2377 1147 2462 Pyrrhi
1169 2378 1297 2454 diremi,
1319 2387 1356 2443 ut
1380 2387 1415 2442 tu
1435 2399 1579 2443 amorum

251 2471 505 2556 turpissimorum
534 2468 677 2552 quotidie
702 2468 831 2534 foedera
858 2470 993 2533 ferires?
1029 2472 1102 2535 4444
1126 2491 1241 2555 aquam
1262 2471 1401 2550 adduxi,
1427 2481 1464 2537 ut
1485 2494 1523 2539 ea
1544 2483 1578 2538 tu

252 2566 372 2627 incesto
393 2566 542 2627 uterere?
563 2563 636 2627 4444
658 2565 742 2629 viam
764 2565 901 2641 munivi,
923 2573 960 2627 44
980 2585 1050 2628 eam
1072 2573 1106 2629 tu
1128 2565 1240 2629 4144444
1261 2567 1337 2630 viris
1358 2568 1508 2634 comitata
1528 2584 1616 2633 cte-ao

251 2658 444 2723 1414444444

333 2754 403 2817 XV.
425 2748 477 2814 35.
500 2752 562 2815 Sed
592 2752 669 2837 quid
699 2773 774 2836 ago,
804 2754 941 2829 iudices,
968 2754 1013 2817 ita
1042 2772 1169 2837 gravem
1197 2774 1364 2839 personam
1385 2758 1514 2834 induxi,
1542 2766 1579 2821 ut

252 2848 346 2913 etiam
373 2864 485 2910 444444
513 2867 554 2909 44
583 2867 617 2909 44
644 2846 729 2910 idem
751 2850 871 2931 Appius
892 2856 1024 2931 repente
1046 2856 1209 2912 convertat
1230 2856 1262 2913 et
1285 2849 1424 2915 Caelium
1445 2852 1579 2936 incipiat
1626 2878 1630 2885 ·

251 2958 399 3005 accusare
421 2938 477 3003 illa
498 2960 555 3003 444
578 2941 730 3023 gravitate
753 2942 919 3005 4444444444
942 2941 1005 3005 Sed
1026 2942 1135 3006 444444
1157 2942 1219 3006 1444
1241 2946 1398 3026 posterius
1412 2954 1508 3030 atque
1523 2947 1576 3022 ita,

250 3035 386 3109 4444444,
408 3040 446 3096 44
466 3033 516 3096 441
538 3034 746 3097 severissimis
770 3034 1032 3121 disceptatoribus
1054 3036 1095 3099 M.
1120 3036 1217 3100 Caelii
1238 3041 1334 3102 vitam
1356 3060 1408 3103 me
1428 3041 1614 3124 probatu-ac

249 3148 320 3191 rum
342 3148 414 3192 4444
435 3126 602 3192 confidam.
636 3130 683 3191 Tu
705 3147 782 3191 vcro
804 3130 917 3192 mulier
937 3130 1057 3193 -iam
1079 3130 1164 3194 enim
1177 3130 1247 3215 ipse
1261 3138 1381 3208 tecum,
1403 3134 1492 3197 nulla
1505 3154 1577 3217 per·

249 3242 329 3286 sona
348 3220 548 3296 introducta,
570 3221 687 3305 loquor
708 3256 769 3298 -,
792 3222 819 3285 44
841 3242 879 3286 44
901 3244 982 3307 quae
1005 3221 1082 3258 *³³*
1105 3224 1240 3306 probare
1262 3228 1397 3309 cogitas,
1420 3228 1575 3291 rationem

248 3324 355 3381 444444
383 3314 622 3392 familiaritatis,
651 3323 755 3380 tantae
784 3316 1042 3391 consuetudinis,
1073 3324 1179 3382 tantae
1209 3320 1440 3385 coniunctionis
1461 3322 1575 3386 reddas

313 3588 338 3639 2.
357 3586 467 3637 4444444444
482 3587 503 3635 P
520 3611 547 3621 —
572 3600 603 3636 ac
620 3586 714 3637 PBG:
734 3593 757 3637 44
774 3588 820 3638 80
840 3616 867 3625 -
887 3589 1024 3639 saulieu
1036 3589 1116 3640 414444
1133 3588 1209 3640 414444
1224 3588 1317 3653 Aquila
1334 3591 1467 3642 itomanus
1484 3592 1499 3656 S
1516 3592 1531 3642 3
1549 3596 1576 3643 44

246 3661 340 3713 rhetor
359 3662 476 3712 incertus
497 3662 524 3712 in
547 3660 647 3711 anecd.
666 3662 747 3713 Paris.
767 3664 828 3727 pti
852 3662 895 3714 ed.
914 3664 1046 3716 Eckstein.
1068 3692 1095 3702 -
1119 3663 1143 3714 3.
1161 3664 1259 3714 44444444
1274 3678 1328 3715 444.
1346 3664 1449 3730 Aquila.
1469 3692 1496 3702 -
1516 3669 1577 3731 post

246 3736 430 3787 4444444444444
446 3738 472 3785 44
490 3738 509 3785 l'
527 3735 579 3785 duo
596 3749 656 3787 voc.
675 3750 751 3787 erasa
768 3740 842 3800 sunt,
864 3740 943 3789 etiam
959 3740 1114 3790 41444444.
1133 3740 1329 3803 scriptumest.
1350 3767 1378 3776 -
1396 3740 1421 3793 1.
1438 3741 1541 3806 44444444
1556 3744 1576 3792 Ρ

246 3814 303 3877 (444
319 3816 365 3863 out
375 3837 412 3849 -·
424 3812 522 3863 lictores
538 3810 615 3861 alleri
631 3809 710 3861 lulius
728 3813 885 3865 Severianus
902 3828 929 3878 p.
942 3814 989 3865 338
1008 3815 1100 3880 capp.)
1114 3840 1141 3850 -
1161 3815 1185 3865 6.
1203 3828 1280 3865 auom
1295 3816 1328 3875 P;
1348 3816 1408 3880 (coc
1418 3830 1508 3879 44444,
1525 3832 1576 3868 coc

242 3900 387 3951 procoma,
404 3898 456 3937 coa
472 3890 578 3936 4444444
593 3885 753 3948 Lambinus;
775 3889 802 3937 at
818 3900 843 3939 4.
863 3889 949 3941 Madv.
968 3890 1065 3954 opusc.
1084 3892 1109 3950 l,
1127 3902 1154 3955 p.
1172 3889 1230 3941 866.
1247 3892 1283 3953 ll,
1301 3904 1328 3956 p.
1345 3892 1413 3956 448.)
1432 3917 1459 3928 -
1478 3892 1503 3944 l.
1521 3894 1575 3943 clu-

244 3963 341 4015 4444444
352 3988 390 4001 --
400 3962 567 4013 4444444444ιί
585 3962 661 4012 411444
677 3962 826 4015 Priscianus
842 3964 930 4027 livill,
943 3965 969 4026 8,
982 3964 1024 4015 80.
1038 3992 1065 4001 -
1084 3965 1109 4017 8.
1122 3965 1202 4015 4444444
1212 3978 1293 4030 prope
1307 3967 1371 4017 44444
1381 3968 1428 4018 PG
1442 3995 1468 4004 -
1482 3968 1507 4018 9.
1519 3980 1576 4018 44444

246 4040 266 4091 C
277 4054 285 4090 τ
301 4040 345 4091 cut
354 4052 412 4092 4444
422 4039 443 4090 0
456 4064 484 4074 -
503 4038 514 4087 4
520 4038 543 4088 o.
556 4036 705 4099 innupsisset
715 4037 918 4103 Oudendorpius
929 4038 963 4089 ad
974 4038 1050 4104 Apul.
1064 4041 1170 4092 Metam.
1182 4040 1228 4100 lli,
1242 4054 1266 4091 c.
1280 4037 1320 4102 34,
1333 4041 1411 4106 prob.
1424 4041 1518 4093 Orellio
1528 4042 1573 4107 (2);

245 4117 274 4166 at
289 4128 316 4167 4.
334 4116 389 4167 Liv.
407 4116 451 4177 lv,
469 4112 494 4166 l.
513 4126 551 4165 or.
570 4126 619 4179 pro
637 4111 739 4165 cluent.
757 4114 772 4177 5
791 4114 854 4177 488,
873 4112 1406 4178 444414444444444144434444444144.-
1427 4119 1467 4168 44.
1486 4118 1577 4183 4444444

245 4193 307 4243 Ρ-
326 4204 414 4243 4444444
431 4191 465 4242 c:
483 4190 573 4239 444444
589 4190 618 4240 0.
644 4188 683 4240 Ci.
702 4202 729 4253 p.
741 4188 798 4249 884,
818 4190 857 4240 44.
872 4214 900 4225 -
920 4189 960 4239 48.
978 4203 1059 4241 mccc
1075 4192 1110 4241 C:
1127 4204 1178 4240 coc
1194 4192 1223 4241 0.
1242 4191 1281 4242 Cl.
1295 4190 1427 4255 §hiteta
1440 4192 1527 4245 Madv.
1540 4192 1574 4244 sd

246 4266 302 4321 Cic.
321 4265 356 4317 de
373 4266 447 4318 Finn.
464 4278 492 4331 p.
506 4264 563 4315 443.
582 4262 675 4315 llandii
693 4261 803 4315 Turseli.
816 4264 859 4325 IV,
872 4276 899 4329 p.
912 4262 968 4315 318.
984 4291 1011 4301 -
1031 4266 1070 4315 44.
1085 4264 1164 4328 plebei
1180 4268 1212 4318 P:
1229 4266 1306 4329 plebis
1322 4268 1381 4316 0—
1402 4266 1442 4317 48.
1458 4268 1575 4333 framea

241 4343 328 4405 potius
348 4343 414 4393 44444
434 4342 467 4404 (i,
491 4339 540 4392 sed
561 4340 597 4390 444
621 4342 650 4390 44
669 4341 732 4405 [444.
751 4341 779 4390 44
798 4338 864 4388 uitia
879 4340 960 4402 siguis
976 4342 1150 4405 superpositis
1166 4341 1236 4392 44444
1252 4354 1282 4393 44
1299 4342 1496 4407 transponenda
1513 4356 1575 4395 4444

244 4416 387 4471 indicatur.
407 4443 435 4455 -
459 4414 499 4466 47.
518 4428 536 4465 c
552 4427 606 4466 om.
627 4418 649 4465 G
666 4440 694 4453 -
720 4415 760 4466 48.
777 4419 909 4465 4444444444
925 4417 953 4476 P,
971 4415 1021 4465 sed
1035 4429 1095 4466 4444
1111 4417 1137 4467 44
1154 4429 1208 4467 ras.
1227 4418 1336 4467 maiore.
1362 4416 1473 4468 Videtur
1489 4418 1574 4468 rarius

244 4492 374 4556 uerbum,
392 4489 466 4544 44144
481 4488 673 4551 4114444444444,
691 4488 750 4540 1444
768 4492 870 4540 motum
888 4500 957 4540 essa.
978 4514 1006 4526 -
1024 4503 1069 4554 epo
1086 4503 1140 4542 om.
1159 4494 1223 4541 G-
1244 4492 1319 4554 apra
1336 4493 1431 4555 thon
1441 4493 1468 4557 P)
1489 4519 1515 4530 -
1534 4492 1575 4543 dc·

243 4567 309 4619 saal
325 4564 355 4619 1²¹
372 4592 400 4604 -
419 4566 460 4617 48.
478 4564 585 4615 cotidiae
599 4564 702 4628 44444444
717 4564 820 4619 imber
836 4566 855 4614 P
870 4588 897 4596 —
915 4562 956 4613 44.
974 4563 1106 4615 introduci
1122 4564 1226 4625 Quintil.
1244 4567 1290 4626 lx,
1309 4567 1338 4628 8,
1353 4566 1393 4618 644.
1407 4594 1441 4604 -
1456 4571 1485 4616 at
1499 4567 1575 4617 4444444

243 4654 336 4693 emor
351 4639 561 4704 Wesenbergius
580 4638 622 4703 (ad
639 4640 787 4691 Sestiacum
804 4652 831 4705 p.
849 4638 873 4689 h.
893 4639 946 4688 not.
966 4640 1016 4700 tl:
1033 4645 1062 4689 44
1077 4645 1100 4690 ct
1115 4654 1207 4690 uerear
1223 4640 1271 4691 PE
1283 4642 1318 4698 ῦς
1335 4646 1364 4691 ct
1378 4654 1469 4693 444444
1484 4642 1530 4692 80
1544 4668 1570 4680 -

244 4716 287 4768 ai.
304 4718 378 4768 444444
393 4716 454 4767 EG¹
472 4741 498 4750 —
517 4714 1307 4778 44.4444184444.44;44444,ΡΙ·144;44444444.4414;
1328 4716 1575 4768 4444444444κί-

244 4792 306 4853 mis,
324 4793 355 4843 ut
371 4790 434 4843 nihil
451 4789 630 4853 intercident,
650 4789 699 4841 sed
715 4790 756 4841 444
773 4791 800 4840 44
814 4794 843 4839 uc
859 4789 928 4838 inter
939 4801 968 4840 se
981 4787 1090 4841 contusa
1101 4792 1161 4841 sint.
1176 4817 1204 4827 —
1222 4792 1286 4841 cccli
1299 4792 1319 4842 P
1332 4818 1359 4827 -
1376 4790 1419 4841 hl.
1431 4791 1501 4842 inter
1511 4804 1576 4854 4444

244 4868 273 4917 44
286 4864 398 4933 probare
414 4864 550 4929 librarius,
569 4866 613 4930 qui
631 4866 753 4918 codicem
771 4869 790 4918 P
807 4866 938 4928 exaravit,
963 4867 1079 4931 spatium
1094 4877 1210 4916 vacuum
1226 4866 1305 4917 unius
1320 4876 1415 4916 versus
1432 4868 1460 4915 et
1475 4864 1575 4916 dimidii

243 4939 365 5007 reliquit;
387 4939 484 4993 lacuna
500 4954 581 4992 manu
597 4940 659 5003 alia,
683 4940 732 4993 sed
754 4942 847 4992 vetere
870 4941 912 4992 bis
934 4941 1024 4992 verbis
1045 4942 1139 5005 ineptis
1157 4939 1262 5005 expleta
1279 4941 1330 4992 est:
1355 4940 1419 5004 (cois
1435 4952 1500 5002 qaae
1515 4940 1577 4991 44444

243 5028 310 5078 qaae
325 5016 354 5066 ic
368 5029 480 5068 44444444
496 5020 567 5068 tucia
581 5016 678 5068 44444444
694 5030 759 5081 qaue
775 5021 940 5083 arsamosata,
958 5017 988 5066 44
1004 5016 1069 5068 item
1086 5018 1107 5066 G
1124 5014 1218 5079 habet,
1237 5016 1337 5082 dequo
1350 5014 1536 5082 supplemento
1546 5028 1574 5066 4.

243 5104 315 5156 quae
339 5092 479 5144 44444144
502 5092 671 5146 4144141444.
693 5092 827 5145 hitschelii
849 5091 905 5143 Vol.
924 5092 971 5153 ix,
990 5105 1017 5156 p.
1035 5090 1084 5142 884
1101 5103 1142 5154 sq.
1168 5091 1225 5143 ilco
1248 5092 1337 5158 ipsum
1360 5089 1575 5156 supplementum

242 5166 368 5219 homines
384 5166 455 5232 itali,
477 5170 508 5220 ut
524 5170 566 5219 est
582 5168 609 5219 in
626 5167 686 5219 444.
699 5170 729 5231 8,
748 5168 787 5219 aio
804 5167 948 5221 emendare
965 5166 1053 5218 eonati
1068 5168 1146 5217 sunt:
1169 5168 1191 5217 44·
1206 5181 1237 5219 co
1247 5180 1313 5231 quas
1328 5165 1412 5231 Maca,
1430 5178 1495 5229 quoe
1505 5164 1574 5226 444444,

243 5252 310 5303 qaus
324 5242 470 5307 4444444444,
489 5256 555 5307 pace
569 5242 680 5307 44444444,
699 5256 763 5307 quae
779 5244 891 5310 444444]
905 5241 1017 5308 44444444
1029 5242 1139 5306 4444444,
1157 5254 1210 5306 quo
1226 5254 1316 5310 panno
1326 5236 1484 5293 intolerabili
1495 5238 1575 5289 ettam

246 5327 320 5370 nunc
337 5314 468 5371 editiones
484 5317 607 5373 4444444444
624 5319 694 5371 sunt.

1714 1322 1746 1426 f

1696 2402 1721 2472 A
