4009 6159
704 613 776 678 cn.
798 611 1026 676 xva-xix.
1054 607 1100 693 §t
1122 607 1269 673 44-43.
1564 587 1641 660 4444

330 783 357 848 is
379 791 484 847 motus
505 783 601 848 suerit
622 784 863 867 municipiorum
885 788 918 845 44
939 782 1131 845 coloniarum
1152 780 1308 852 omnium,
1337 799 1374 842 ea
1395 779 1521 845 decreta
1542 777 1648 862 publi-

330 897 497 951 canorum,
531 899 568 940 ea
599 879 822 960 collegiorum,
856 897 893 940 ea
924 876 1061 959 denique
1090 895 1239 957 generum
1263 874 1471 958 ordinumque
1494 874 1644 944 omnium,

330 991 411 1055 quae
433 992 498 1035 non
520 971 615 1035 modo
638 993 696 1055 ego
719 979 826 1054 optare
848 991 1022 1056 numquam
1044 969 1207 1043 auderem,
1240 969 1295 1031 scd
1317 969 1455 1051 cogitare
1483 987 1548 1030 non
1571 986 1645 1049 pos-

331 1085 412 1138 sem,
445 1086 502 1128 vos
532 1075 636 1130 autem
667 1067 872 1149 sempiternas
902 1065 1103 1128 foedissimae
1124 1061 1327 1146 turpitudinis
1347 1070 1439 1126 notas
1461 1059 1645 1125 subieritisl

330 1155 381 1219 ti.
402 1162 450 1220 An
473 1152 605 1248 ego,(si
627 1169 658 1223 te
680 1167 711 1222 et
732 1159 899 1223 Gabinium
922 1157 1006 1222 cruci
1030 1155 1159 1220 sullixos
1180 1143 1346 1246 viderem)
1365 1157 1482 1220 maiore
1503 1155 1672 1218 afficerert
1729 1141 1799 1221 ‚st

330 1253 448 1315 laetitia
476 1273 516 1316 ex
546 1255 686 1337 corporis
708 1254 803 1316 vestri
826 1254 1031 1325 laceratione,
1054 1237 1148 1335 quam
1171 1247 1290 1314 allicior
1312 1271 1352 1314 ex
1371 1251 1493 1314 lamaci
1513 1247 1646 1312 Nullum

330 1347 589 1429 estsupplicium
611 1348 801 1431 putandum,
836 1367 899 1430 quo
930 1346 1014 1410 affici
1043 1366 1117 1409 casu
1145 1345 1253 1429 aliquo
1282 1346 1376 1408 etiam
1404 1346 1480 1408 boni
1502 1344 1561 1408 viri
1582 1341 1647 1404 sor-

329 1449 439 1523 tesque
469 1449 611 1524 possunt.
663 1445 765 1526 Atque
797 1441 859 1503 hoc
895 1441 1023 1522 quidem
1053 1439 1148 1503 etiam
1181 1439 1233 1502 isti
1266 1441 1311 1502 tui
1342 1440 1451 1503 dicunt
1478 1433 1646 1520 voluptarii

329 1535 459 1597 Graeci:
491 1555 570 1619 quos
599 1535 720 1598 utinam
749 1537 792 1598 ita
820 1534 962 1608 audires,
994 1543 1031 1597 ut
1057 1541 1147 1596 erant
1167 1532 1334 1596 audiendi:
1365 1553 1537 1618 numquam
1559 1539 1591 1594 to
1611 1530 1646 1592 in

329 1637 376 1692 tot
391 1629 507 1711 tingitis
521 1629 757 1712 ingurgitasses.
802 1629 917 1690 Verum
940 1627 1031 1691 audis
1053 1629 1085 1691 in
1107 1627 1329 1711 praesepibus,
1351 1629 1442 1691 audis
1464 1627 1497 1688 in
1519 1625 1647 1707 stupris,
1657 1631 1684 1678 ⁴⁰

329 1721 419 1785 audis
448 1723 482 1785 in
511 1723 581 1785 cibo
613 1731 642 1785 et
675 1723 759 1785 rino.
804 1722 865 1785 Sed
894 1720 1003 1786 dicunt
1030 1721 1082 1784 isti
1112 1722 1191 1804 ipsi,
1225 1723 1279 1805 qui
1301 1722 1383 1799 mala
1405 1721 1531 1795 dolore,
1563 1720 1648 1781 hona

329 1817 491 1899 voluptate
514 1815 686 1890 definiunt,
720 1816 910 1902 sapientem,
944 1816 1039 1879 etiam
1069 1818 1094 1879 si
1123 1817 1156 1878 in
1185 1815 1359 1879 Phalaridis
1388 1824 1476 1879 tauro
1505 1810 1647 1878 inclusus

330 1912 490 1973 succensis
512 1912 635 1993 ignibus
658 1919 828 1984 torreatur,
862 1911 1016 1974 dicturum
1045 1918 1150 1972 tamen
1177 1930 1273 1973 suave
1294 1910 1373 1973 illud
1396 1930 1466 1972 esse
1487 1928 1585 1994 seque
1607 1928 1647 1969 ne

329 2004 485 2069 tantulum
515 2005 643 2090 quidem
673 2006 874 2068 commoveri.
917 2006 1049 2067 Tantam
1070 2005 1194 2067 virtutis
1215 2003 1277 2066 viro
1308 2023 1378 2066 esse
1399 2004 1581 2077 voluerunt,
1614 2008 1649 2064 ut

329 2119 394 2162 non
423 2107 530 2182 posset
557 2117 626 2161 esse
651 2120 801 2182 umquam
830 2099 879 2161 vir
905 2098 1007 2161 bonus
1034 2117 1098 2160 non
1125 2099 1246 2161 beatus.
1290 2095 1340 2159 t3.
1372 2098 1461 2173 Quae
1484 2105 1532 2186 est
1552 2096 1685 2179 igiturtt

329 2196 454 2278 poenal
477 2190 565 2275 quod
587 2193 797 2275 suppliciumi
819 2193 850 2254 id
875 2211 943 2253 mea
958 2194 1130 2267 sententia,
1155 2193 1240 2276 quod
1256 2189 1398 2256 accidere
1410 2189 1530 2254 nemini
1545 2194 1650 2271 potest
1784 2174 1844 2254 γ’

329 2287 390 2351 nisi
406 2275 718 2368 nocerilissuscepta
732 2285 833 2359 fraus,
855 2285 1007 2369 impedita
1022 2293 1054 2347 et
1068 2306 1218 2368 oppressa
1231 2307 1337 2360 mens,
1359 2287 1513 2349 bonorum
1529 2283 1649 2355 odium,

290 2439 293 2446 .
330 2391 404 2445 nota
426 2379 531 2442 inusta
553 2389 698 2453 senatus,
721 2379 849 2442 amissio
871 2381 1042 2463 dignitatis.
1088 2381 1172 2441 XIX.
1195 2381 1260 2442 Nec
1282 2381 1359 2442 mibi
1375 2380 1429 2443 ille
1444 2380 1486 2441 Μ.
1500 2376 1649 2459 Regulus,

329 2496 424 2560 quem
447 2472 728 2557 Karthaginienses
749 2475 880 2537 resectis
903 2475 1061 2558 palpebris
1089 2475 1242 2557 illigatum
1267 2477 1301 2539 in
1323 2475 1467 2538 machina
1488 2470 1649 2555 vigilando

329 2576 538 2641 necaverunt,
561 2568 718 2651 supplicio
741 2567 866 2631 videtur
887 2571 1032 2642 allectus,
1055 2587 1113 2631 nec
1137 2568 1169 2630 C.
1191 2570 1325 2644 Marius,
1357 2587 1453 2652 quern
1474 2565 1563 2628 ltalia
1585 2575 1688 2628 ser-ao

329 2671 400 2725 vata
430 2662 469 2723 ab
499 2661 554 2726 illo
577 2662 754 2725 demersum
777 2664 809 2724 in
832 2663 1096 2726 Minturnensium
1119 2663 1301 2747 paludibus,
1334 2662 1439 2724 Africa
1468 2660 1589 2722 devicta
1610 2659 1649 2719 ab

330 2757 442 2821 eodem
464 2756 639 2838 'expulsum
670 2763 701 2818 et
729 2755 915 2839 naufragum
943 2757 1032 2819 vidit.
1082 2757 1239 2820 Fortunae
1269 2757 1351 2819 enim
1380 2757 1440 2819 ista
1471 2755 1533 2819 tela
1567 2760 1650 2824 sunt,

329 2872 393 2915 aon
417 2851 546 2932 culpae3
580 2849 769 2932 supplicium
792 2859 895 2912 autern
918 2860 967 2914 est
987 2872 1091 2933 poena
1113 2852 1244 2933 peccati.
1287 2853 1397 2935 Neque
1419 2869 1494 2912 vcro
1516 2867 1591 2929 ogo,
1623 2847 1650 2909 si

329 2964 479 3030 umquam
501 2943 592 3007 vobis
614 2943 696 3006 mala
717 2964 879 3027 precarer,
902 2945 987 3027 quod
1011 2965 1105 3028 saepe
1126 2945 1203 3019 leci,
1218 2977 1259 2992 -
1275 2944 1308 3008 in
1331 2964 1395 3029 quo
1411 2944 1443 3007 di
1457 2939 1650 3005 immortales

330 3059 414 3102 meas
436 3057 545 3120 preces
568 3038 756 3100 audiverunt
770 3071 829 3110 -,
852 3039 996 3101 morbum
1018 3046 1072 3101 aut
1092 3048 1224 3102 mortem
1239 3047 1295 3102 aut
1309 3039 1479 3102 cruciatum
1494 3043 1689 3119 precarenat

331 3134 486 3218 Thyestea
516 3140 564 3194 est
590 3132 651 3195 ista
679 3131 855 3193 exsecratio
877 3137 989 3216 podiae
1011 3132 1097 3215 volgi
1119 3134 1257 3208 animos,
1285 3153 1350 3197 non
1372 3131 1562 3216 sapientium
1584 3147 1651 3190 mo·

329 3226 448 3291 ventis:
470 3234 506 3288 ut
527 3233 562 3289 tu
590 3224 773 3306 «naufragio
796 3225 948 3309 expulsus
970 3227 1112 3309 uspiam»

922 3321 1027 3384 «saxis
1048 3321 1133 3385 lixus
1155 3324 1290 3405 asperis,
1313 3315 1526 3386 evisceratus

457 3415 553 3478 latere
576 3413 767 3498 penderes»,
789 3421 824 3478 ut
846 3414 891 3477 ait
912 3415 982 3490 ille,
1015 3436 1111 3479 «saxa
1133 3437 1283 3501 spargens
1305 3417 1397 3492 tabo,
1419 3418 1506 3480 sanis
1528 3422 1560 3479 et
1580 3435 1651 3479 san-

1083 3503 1178 3584 guine
1201 3511 1298 3566 atro.»
1659 3517 1688 3566 44
1775 3549 1786 3566 .

1800 1145 1820 1176 θ’
1835 1161 1840 1169 ,

394 3661 417 3709 t.
436 3664 510 3721 etque
526 3659 572 3708 cot.
592 3659 611 3706 G
632 3683 658 3692 -
678 3658 701 3706 3.
720 3672 770 3707 non
785 3659 858 3708 modo
875 3673 920 3724 epo
937 3659 1027 3710 VEl':
1046 3674 1091 3724 spo
1107 3675 1157 3710 non
1173 3663 1247 3710 modo
1264 3662 1309 3711 SO
1329 3688 1355 3698 -
1375 3663 1399 3712 s.
1417 3674 1451 3711 erc
1465 3662 1550 3724 sumne
1566 3660 1600 3708 V:
1619 3673 1651 3709 44

327 3739 399 3800 [omo
416 3737 476 3793 EF;
496 3749 528 3783 44
543 3735 649 3794 infamio
666 3735 682 3782 S
697 3760 722 3769 -
744 3735 768 3783 7.
782 3735 867 3796 aliqaso
884 3749 933 3796 qao
949 3737 1126 3785 4444441444*
1145 3738 1169 3786 44.
1187 3750 1326 3798 numquam
1337 3737 1560 3800 --s'npurgitesses
1576 3735 1653 3784 aliert

329 3813 439 3875 Eutych.
452 3824 479 3875 p.
494 3811 539 3859 idi
552 3808 625 3858 lind.
637 3835 662 3844 -
682 3809 721 3857 44.
741 3815 763 3858 44
778 3810 836 3860 nino
848 3811 951 3861 viora
961 3825 966 3859 :
985 3816 1008 3859 44
1022 3812 1050 3860 s'n
1064 3811 1123 3860 4444
1139 3812 1182 3861 ES
1196 3838 1223 3847 -
1242 3812 1290 3860 Sed
1301 3813 1430 3861 dicunt·-
1441 3812 1565 3861 dictnrsen
1576 3809 1653 3859 alleri

329 3887 463 3937 Charisius
475 3885 495 3943 l,
507 3885 548 3942 44,
559 3885 599 3933 98.
611 3908 638 3918 -
654 3883 693 3932 ti.
706 3885 815 3934 inclusas
827 3899 879 3935 orn.
893 3887 1028 3936 Charisius
1040 3886 1068 3934 44
1078 3885 1161 3935 hahet
1171 3887 1295 3935 4444444444
1305 3888 1367 3950 post
1375 3887 1510 3949 sopiertsm
1522 3912 1549 3921 -
1559 3884 1603 3934 43,
1615 3896 1652 3932 ss-

329 3975 376 4023 que
388 3961 422 4008 V:
440 3971 537 4019 seseque
552 3959 571 4009 G
586 3984 613 3994 —
633 3957 672 4009 44.
690 3959 742 4008 nim
758 3961 853 4010 ssssv:
872 3973 922 4010 4444
936 3961 987 4009 vim
1004 3961 1065 4010 (ὶ-
1086 3961 1126 4009 td.
1139 3972 1189 4010 esse
1203 3961 1370 4022 4444444414
1388 3974 1508 4024 iniquom
1523 3973 1573 4010 4444
1587 3961 1606 4009 C
1620 3983 1648 3996 ··

329 4037 369 4087 46,
381 4034 481 4098 4444444]
492 4035 571 4082 nooG
586 4058 611 4070 -
625 4034 666 4084 t‘t.
679 4036 863 4096 nsspmtoE‘-
876 4035 992 4085 mensi:
1009 4036 1235 4085 meuccnscieetin
1247 4036 1306 4093 CO;
1324 4033 1652 4085 memscdsnsmoonscies·

330 4111 446 4162 decom.
457 4109 526 4158 Bake
539 4106 597 4158 coll.
611 4106 643 4171 §5
655 4109 695 4158 44.
706 4108 746 4160 ll.
760 4137 786 4146 -
800 4109 965 4160 hermumi:
985 4109 1106 4159 4444444444
1122 4111 1232 4159 minium
1243 4110 1293 4160 CO
1306 4135 1335 4147 -
1353 4110 1393 4160 t8.
1406 4115 1467 4160 44444
1481 4111 1565 4159 444444
1575 4110 1652 4159 Faer-

331 4201 392 4238 nus:
404 4191 465 4235 noto
476 4186 542 4234 44444
551 4184 611 4242 VO:
625 4198 676 4234 444
689 4185 757 4234 iusso
767 4187 800 4246 E3
818 4190 879 4236 44444
889 4187 948 4234 iusti
964 4185 1004 4234 FS
1018 4211 1046 4222 -
1059 4197 1077 4233 4
1087 4189 1175 4234 4444444
1185 4186 1310 4234 Faernus.
1319 4209 1346 4221 -
1355 4184 1421 4235 Cod.
1432 4185 1456 4233 V
1467 4185 1494 4235 in
1506 4197 1588 4247 marg.
1600 4184 1651 4233 hoo

331 4265 407 4312 vetos
427 4259 545 4310 scholion
568 4259 662 4310 habet:
688 4263 793 4325 deputas
814 4263 868 4310 dian
888 4262 1014 4310 4444444444
1029 4265 1138 4309 trecento
1153 4261 1226 4309 mitte
1241 4261 1397 4322 coptioomm
1411 4260 1652 4324 0444444444444

331 4337 394 4399 cepit
408 4341 432 4385 44
447 4337 499 4398 ipss
515 4341 602 4396 ceptus
618 4341 653 4384 444
669 4350 686 4385 4
704 4336 915 4394 lacedemoniis,
934 4336 978 4396 qui
994 4335 1119 4384 4444444444
1136 4335 1379 4398 Carthaginiensibus
1392 4335 1512 4399 [44444444.
1534 4335 1652 4399 deputam

330 4414 417 4462 444444
432 4416 564 4475 sceqer-unt
579 4415 607 4460 44
625 4411 727 4461 domem
741 4413 939 4476 proficisceretur
955 4415 979 4461 44
994 4411 1026 4459 de
1039 4410 1169 4460 reddendis
1184 4411 1289 4472 captiuis
1304 4416 1396 4474 speret.
1419 4412 1516 4462 4444444
1530 4423 1556 4460 44
1569 4423 1652 4459 reuer-

329 4499 430 4546 mrum
448 4487 492 4535 init
508 4490 532 4535 44
547 4500 578 4536 ns
594 4488 756 4538 redderentur
771 4489 857 4538 444444.
880 4489 997 4538 4444444444
1013 4487 1058 4536 boc
1068 4486 1182 4536 4444444444
1198 4487 1301 4547 effectus
1315 4491 1352 4535 est
1366 4487 1471 4549 44444444
1484 4487 1533 4550 fnit
1543 4487 1569 4535 tn
1579 4497 1653 4535 444444

330 4564 435 4620 mnaso,
454 4563 537 4622 444444
551 4562 600 4624 fnit
616 4564 642 4610 in
658 4565 731 4613 cuein
748 4565 868 4614 4444444444.
889 4589 916 4600 -
936 4563 975 4612 ts.
993 4562 1202 4625 carthaginienses
1218 4561 1255 4614 Vt
1272 4561 1480 4625 Karthaginenses
1496 4564 1530 4622 (ἔς
1548 4563 1651 4612 4444444-

329 4639 439 4702 pinsssss
456 4638 515 4690 is:
539 4636 725 4700 cnraptnensn
742 4636 760 4685 E
779 4663 805 4674 -
830 4637 963 4700 inltgntrsm
978 4637 998 4687 E
1019 4664 1046 4672 -
1064 4636 1105 4685 44.
1122 4635 1288 4698 suffragium
1304 4637 1324 4685 Ε
1341 4638 1402 4690 lnon
1420 4639 1448 4699 Gi
1467 4663 1494 4674 -
1513 4638 1554 4689 43.
1570 4651 1653 4701 poeno

330 4715 400 4764 Bake
422 4713 456 4763 ad
477 4711 526 4763 Cic.
545 4713 574 4762 ds
590 4713 663 4776 bcpp.
684 4724 708 4775 p.
727 4710 775 4762 sti
796 4711 974 4763 inducendum
1001 4713 1083 4776 putat.
1106 4736 1134 4746 -
1161 4711 1201 4760 25.
1219 4712 1360 4761 4444444444
1377 4713 1502 4773 precabor
1521 4714 1600 4765 Bake.
1621 4739 1649 4750 -

330 4790 371 4838 26.
389 4794 424 4838 444
439 4789 489 4838 isto
504 4789 642 4838 4444444444
653 4787 688 4835 V:
706 4787 755 4836 4444
771 4799 823 4836 ess.
842 4792 876 4838 444
893 4787 986 4837 CO-
1005 4787 1318 4849 sapientiseivVEl'GS:
1335 4789 1475 4849 sapientum
1489 4791 1539 4840 ito
1551 4817 1578 4826 -
1595 4805 1652 4840 mo-

330 4869 412 4914 444444
428 4865 447 4914 Ε
464 4861 544 4914 solus.
565 4887 592 4899 -
616 4863 655 4912 47.
674 4866 702 4909 nt
723 4863 916 4925 conmittens]
940 4863 1023 4912 «haec
1038 4861 1120 4911 verba
1138 4862 1259 4911 Ciceroni
1281 4863 1417 4926 rescripsit
1432 4863 1578 4927 Bentleius,
1598 4867 1652 4916 En-

332 4940 409 4990 niana
427 4939 501 5002 poesi
519 4939 544 4987 in
560 4937 682 4993 brevius,
705 4939 734 4986 ut
749 4936 865 4997 videtur,
889 4937 924 4987 ab
943 4935 986 4987 illo
1003 4939 1163 4987 contracta»
1181 4937 1476 5001 disseminandam.
1495 4941 1545 4991 4444.
1563 4953 1590 5004 p.
1608 4938 1650 4990 ta.

333 5014 371 5066 cl.
391 5014 445 5063 Cic.
465 5013 541 5062 Tusa.
561 5014 584 5071 l,
604 5012 618 5075 5
637 5012 695 5062 idi:
718 5019 865 5062 4444444444
877 5050 883 5062 .
897 5051 901 5062 .
916 5014 984 5074 4444444
1006 5013 1115 5061 Ennium
1132 5011 1241 5073 44444444
1255 5017 1284 5062 ut
1298 5014 1435 5077 4444444444
1452 5019 1539 5077 posci
1552 5016 1650 5065 444444.

334 5091 414 5142 Recta
431 5091 468 5138 ait
484 5088 605 5140 Garatoni
622 5101 664 5136 vv.
682 5089 768 5150 nosse.
786 5087 904 5151 44444444
924 5089 1024 5150 uspiam
1040 5088 1144 5152 poetica
1160 5087 1243 5137 videri
1260 5090 1287 5138 44
1304 5089 1330 5139 in
1347 5089 1422 5139 Ennii
1438 5089 1554 5151 Thyeste
1570 5101 1651 5153 supe-

334 5167 404 5216 riore
421 5163 508 5227 aliquo
525 5175 604 5214 versu
620 5162 671 5226 legi
689 5163 814 5226 potuisse.
836 5163 893 5223 Quo
911 5161 1015 5214 accedit
1030 5161 1102 5224 qnod
1118 5165 1194 5213 44444
1211 5161 1253 5213 ille
1270 5163 1425 5214 scholiastes
1442 5163 1514 5214 haud
1530 5162 1651 5214 indoctos

334 5241 361 5291 in
378 5239 437 5290 cod.
452 5239 508 5288 Vst.
521 5240 581 5289 ante
598 5239 654 5302 ipsa
671 5237 713 5287 ilia
730 5237 883 5301 adscripsit:
901 5251 986 5288 444444
1002 5237 1086 5287 Ennii.
1099 5263 1126 5273 —
1145 5239 1186 5288 29.
1201 5240 1320 5300 4444444444
1337 5241 1442 5299 Cicero,
1460 5237 1544 5288 verbs
1556 5239 1650 5301 poetas

335 5316 444 5370 orationi
460 5327 524 5368 susa
541 5313 760 5365 accommodans:
776 5314 885 5376 44444444
900 5313 1010 5375 Ennius,
1028 5325 1055 5364 r.
1072 5313 1149 5364 tusc.
1168 5312 1185 5368 4.
1205 5327 1229 5370 e.
1248 5339 1277 5354 ·-
1295 5319 1319 5367 st
1334 5315 1370 5365 V:
1389 5325 1442 5368 om.
1461 5315 1491 5364 c.
