4009 6159
176 747 333 883 ti“a

382 529 445 594 876
814 529 967 597 outrlo
987 516 1042 597 llll
1063 528 1181 596 DOMO
1202 529 1279 598 SUA

384 703 424 766 de
448 701 563 786 Cyprio
592 721 665 786 rege
687 700 842 785 placeret,
874 700 913 764 de
936 700 1100 765 exsulibus
1122 700 1282 784 Byzantiis
1304 700 1626 784 displicerettiuae
1648 709 1705 775 est,

384 816 522 880 quaeso,
543 795 605 859 alia
626 795 693 871 vis,
716 814 799 879 quae
821 796 977 859 sententia
1000 794 1156 866 Caeciliae
1178 795 1256 878 legis
1279 802 1311 858 et
1330 795 1442 859 Didiae
1463 796 1526 859 uisi
1547 794 1643 869 haee,
1664 815 1707 858 ne

383 888 504 974 populo
525 909 655 954 necesse
677 871 772 980 sitlin
794 890 968 954 coniunctis
995 889 1089 952 rebus
1111 886 1326 973 compluribus
1348 897 1402 952 aut
1423 888 1473 964 id,
1507 872 1706 972 quod‘nolit,

383 985 526 1067 accipere
548 991 604 1047 aut
624 983 672 1058 id,
695 983 783 1068 quod
805 984 897 1058 velit,
922 984 1116 1066 repudiaret

359 1087 373 1136 b
468 1077 576 1154 Quint
599 1079 625 1142 si
648 1078 789 1162 pervim
810 1077 927 1152 trdisti,
949 1086 1095 1142 tamenne
1117 1079 1171 1142 len
1193 1081 1262 1141 esti
1292 1085 1346 1141 aut
1367 1077 1542 1162 quidquam
1563 1078 1632 1141 iure
1654 1098 1709 1160 qe·

383 1179 467 1236 stum
487 1173 588 1237 videri
609 1179 729 1257 potest,
759 1170 847 1256 quod
869 1173 1011 1255 pervim
1034 1180 1156 1256 gestum
1179 1193 1250 1236 esse
1272 1176 1415 1235 constet?
1448 1173 1511 1247 lln,
1533 1173 1561 1236 si
1582 1175 1616 1236 in
1637 1174 1708 1257 ipsa

382 1266 501 1331 latione
522 1274 577 1331 tua
598 1275 690 1351 capta
711 1267 774 1329 iam
796 1266 873 1329 urbe
895 1266 1017 1349 lapides
1039 1267 1130 1341 iacti,
1160 1267 1186 1331 si
1209 1287 1322 1330 manus
1345 1266 1461 1330 collata
1482 1286 1545 1331 non
1567 1275 1631 1343 est,
1659 1268 1709 1331 id·

382 1361 464 1424 cireo
487 1368 522 1424 tn
544 1360 584 1424 ad
606 1361 692 1424 illam
715 1361 817 1424 labem
839 1367 935 1445 atque
957 1361 1094 1425 eluviem
1117 1362 1249 1425 civitatis
1272 1362 1340 1425 sine
1360 1380 1482 1425 summa
1496 1363 1527 1426 vi
1541 1364 1707 1447 pervenire

360 1456 538 1538 potuisti?
580 1456 667 1518 xxi.
689 1451 740 1518 el.
764 1455 841 1518 Cum
870 1455 901 1517 in
931 1454 1079 1519 tribunali
1108 1455 1238 1519 Aurelio
1266 1455 1486 1519 conscribebas
1516 1455 1619 1540 palam
1640 1473 1708 1518 non

344 1565 372 1612 44
382 1550 477 1614 modo
497 1549 630 1624 liberos,
659 1550 714 1614 sed
737 1549 833 1613 etiam
855 1569 980 1624 servos,
1009 1569 1049 1612 ex
1072 1550 1218 1614 omnibus
1240 1550 1318 1614 vicis
1341 1550 1533 1624 concitatos,
1555 1549 1619 1612 vim
1640 1556 1706 1612 tum

381 1643 530 1709 videlicet
559 1664 624 1708 non
653 1644 810 1728 parabas?
843 1644 921 1708 (lum
948 1643 1059 1707 edictis
1086 1645 1148 1708 tuis
1170 1645 1316 1709 tabernas
1337 1644 1442 1708 claudi
1464 1643 1610 1717 iubebas,
1641 1661 1706 1705 non

382 1739 445 1802 vim
476 1739 640 1821 imperitae
669 1737 897 1812 multitudinis,
927 1737 983 1802 sed
1009 1738 1174 1802 bominum
1195 1739 1402 1802 bonestorum
1424 1739 1611 1803 modestiam
1632 1757 1707 1821 prn-

382 1831 587 1916 dentiamque
609 1833 805 1917 quaerebas?
840 1833 917 1896 Cum
939 1852 1026 1896 arma
1044 1833 1077 1895 in
1092 1834 1202 1897 aedem
1220 1833 1358 1896 Castoris
1373 1833 1606 1916 comportabas,
1629 1831 1708 1896 nibil

382 1924 470 1988 aliud
491 1927 554 1990 nisi
576 1927 622 1991 uti
645 1948 686 1991 na
708 1927 784 2013 quid
808 1927 949 2011 pervim
973 1928 1023 2009 agi
1045 1936 1152 2011 posset
1172 1925 1416 1990 machinabarei
1441 1927 1519 1990 Cum
1540 1945 1617 1989 vero
1638 1945 1708 2009 gra-

345 2036 373 2085 tt
383 2020 441 2083 du
465 2021 612 2086 Castoris
625 2022 803 2085 convellisti
825 2041 862 2085 ac
884 2021 1061 2096 removisti,
1083 2029 1160 2097 tum,
1182 2029 1218 2085 ut
1239 2021 1381 2085 modeste
1402 2021 1460 2086 tibi
1482 2039 1575 2104 agere
1590 2020 1707 2094 liceret,

381 2114 527 2179 homines
548 2116 683 2179 audaces
705 2115 744 2179 ab
767 2115 835 2179 eius
858 2116 967 2200 templi
997 2115 1086 2180 aditu
1107 2123 1204 2200 atque
1225 2115 1381 2179 adscensu
1402 2115 1593 2200 reppulisti?
1630 2113 1706 2178 Cum

383 2228 455 2285 eos,
479 2208 535 2292 qui
557 2211 590 2273 in
612 2218 769 2274 conventu
790 2211 928 2274 virorum
947 2210 1105 2274 bonorum
1119 2211 1214 2274 verba
1228 2209 1268 2272 de
1283 2210 1383 2273 saluta
1398 2230 1467 2273 mea
1480 2210 1631 2285 fecerant,
1652 2210 1709 2273 ad-

383 2323 454 2367 esse
467 2304 585 2368 iussisti
601 2324 776 2388 eorumque
800 2305 1038 2370 advocationem
1055 2306 1211 2379 manibus,
1233 2304 1326 2379 ferro,
1347 2304 1505 2388 lapidibus
1522 2303 1708 2378 discussisti,

383 2404 450 2460 tum
470 2397 613 2482 profecto
636 2399 803 2463 ostendisti
819 2401 883 2462 vim
904 2399 963 2462 tibi
985 2399 1121 2463 maxime
1142 2398 1318 2480 displicere.
1361 2396 1411 2461 55.
1428 2400 1544 2461 Verum
1565 2397 1644 2461 baec
1660 2396 1709 2462 fu·

344 2493 467 2556 ttriom
487 2493 535 2556 vis
556 2495 684 2558 messui
705 2494 823 2558 nunni
846 2493 888 2578 pl.
910 2493 1002 2556 facile
1027 2493 1169 2576 superari
1191 2492 1357 2576 frangique
1378 2494 1483 2576 potuit
1500 2494 1639 2556 virorum
1654 2492 1709 2556 bo·

383 2604 496 2650 norum
523 2587 574 2650 vel
605 2590 719 2654 virtute
742 2589 793 2652 vel
816 2588 1026 2654 multitudine.
1041 2579 1174 2673 (Ouidi
1203 2608 1275 2651 cum
1297 2589 1432 2651 Gabinio
1455 2589 1546 2673 Syria
1566 2588 1708 2670 dabatur,

383 2681 569 2746 Macedonia
591 2684 712 2759 Pisoni,
735 2685 863 2768 utrique
886 2679 1043 2747 inlinitum
1067 2683 1252 2766 imperium,
1281 2684 1393 2765 ingens
1414 2683 1567 2765 pecunia,
1595 2689 1631 2744 ut
1650 2682 1709 2745 tibi

384 2777 490 2840 omnia
510 2767 790 2876 permitterent)m
813 2777 1009 2854 adiuvarent,
1031 2776 1088 2841 tibi
1103 2796 1240 2852 manum,
1263 2777 1381 2860 copias,
1403 2776 1460 2840 tibi
1476 2795 1551 2840 suos
1567 2782 1708 2861 speratos

384 2873 601 2948 centuriones,
623 2872 680 2937 tibi
701 2872 887 2957 pecuniam,
914 2872 971 2935 tibi
993 2871 1128 2936 familias
1151 2877 1386 2956 compararent,
1407 2878 1439 2936 te
1460 2872 1525 2934 suis
1547 2871 1709 2934 sceleratis

345 2979 376 3028 at
384 2967 588 3032 contionibus
609 2967 828 3043 sublevarent,
859 2975 987 3031 senatus
1010 2967 1228 3031 auctoritatem
1250 2966 1435 3041 irriderent,
1454 2964 1625 3049 ”equitibus
1646 2965 1710 3026 llo·

384 3061 485 3125 manis
508 3068 641 3126 mortem
662 3063 991 3147 proscriptionemque
1010 3061 1248 3136 minitarentur,
1269 3079 1321 3124 me
1334 3066 1489 3125 terrerent
1503 3059 1610 3133 minis,
1632 3058 1709 3122 mihi

384 3155 512 3221 caedem
536 3164 568 3220 et
589 3157 823 3221 dimicationem
846 3157 1081 3231 denuntiarent,
1103 3176 1206 3219 meam
1221 3156 1348 3220 domum
1366 3155 1513 3218 refertam
1527 3152 1603 3218 viris
1616 3151 1709 3216 bonis

385 3271 443 3334 per
463 3250 582 3314 amicos
605 3270 680 3314 suos
702 3253 897 3336 complerent
918 3251 1161 3336 proscriptionis
1182 3259 1280 3326 metu,
1294 3271 1346 3313 me
1360 3248 1539 3334 frequentia
1552 3247 1710 3311 nudarent

384 3346 526 3408 virorum
547 3344 718 3422 bonorum,
740 3366 791 3409 me
812 3347 972 3431 praesidio
994 3345 1170 3429 spoliarent
1191 3353 1336 3420 senatus,
1364 3364 1422 3427 pro
1448 3363 1499 3405 me
1525 3361 1591 3404 non
1612 3340 1708 3404 modo

248 3439 253 3449 '
345 3453 374 3499 so
385 3457 525 3523 pugnare
554 3439 780 3522 amplissimum
808 3439 968 3514 ordinem,
998 3439 1054 3502 sed
1076 3439 1170 3502 etiam
1191 3439 1316 3523 plorare
1339 3446 1370 3501 et
1390 3458 1427 3501 su
1451 3437 1571 3520 plicare
1591 3442 1709 3499 mutata

384 3537 470 3597 veste
493 3531 713 3615 prohiberent,
735 3554 776 3598 ne
798 3543 864 3599 tum
888 3533 1018 3618 quidem
1039 3533 1089 3597 vis
1111 3538 1204 3597 erati
1246 3533 1348 3596 xxii.
1363 3459 1523 3608 ibidum
1541 3530 1636 3613 igitur
1649 3550 1708 3612 eqo

385 3629 467 3692 cessi
488 3632 544 3690 ant
559 3627 614 3716 qui
636 3629 731 3692 timor
744 3619 826 3712 finiti
848 3650 912 3692 non
927 3629 1040 3703 dicam,
1062 3629 1097 3691 in
1114 3649 1181 3692 me:
1202 3629 1253 3692 fac
1269 3649 1319 3691 me
1334 3625 1480 3692 timidum
1495 3645 1564 3689 esse
1579 3633 1707 3688 natura:

385 3721 463 3806 quid
485 3720 540 3785 illa
561 3728 608 3785 tot
628 3723 765 3787 virorum
786 3722 1029 3788 fortissimorum
1051 3722 1162 3786 milia?
1185 3723 1262 3807 quid
1284 3722 1385 3786 nostri
1407 3721 1531 3804 equites
1552 3721 1708 3784 llomanii

385 3816 463 3901 quid
485 3819 636 3880 senatus?
659 3817 736 3901 quid
759 3818 898 3903 denique
920 3838 1030 3882 omnes
1052 3818 1155 3881 bonif
1178 3819 1206 3882 si
1227 3816 1314 3880 nulla
1335 3822 1403 3880 erat
1415 3817 1475 3890 vis,
1496 3835 1553 3878 cur
1566 3835 1616 3878 me
1630 3816 1710 3877 flen-

346 3919 432 3975 estes
453 3911 558 3995 potius
579 3911 738 3994 prosecuti
761 3920 851 3986 sunt,
873 3931 969 3996 mam
990 3919 1045 3976 aut
1066 3913 1266 3996 increpantes
1288 3911 1487 3974 retinuerunt
1507 3917 1561 3974 aut
1576 3910 1647 3974 irati
1660 3929 1710 3972 re-

384 3997 569 4090 liquerunt?
598 4008 647 4069 An
668 4004 730 4070 hoc
753 4006 916 4082 timebam,
945 4006 972 4070 si
995 4027 1120 4071 mecum
1140 4014 1286 4090 ageretur
1306 4025 1392 4070 more
1413 4004 1622 4088 institutoque
1644 4023 1710 4067 ma·

385 4101 506 4176 iorum,
534 4107 571 4164 ut
594 4119 719 4183 possem
749 4120 900 4184 pmeseus
930 4103 1110 4167 sustineret
1153 4099 1205 4164 57.
1232 4102 1343 4164 Utrum
1373 4100 1400 4163 si
1421 4099 1489 4162 dies
1511 4097 1596 4162 dieta
1617 4102 1709 4173 esset,

388 4250 1709 4286 --s-—--—-—-—-——-·------

453 4336 476 4386 4.
495 4333 608 4386 medimna
624 4336 673 4385 PG
696 4361 723 4371 -
746 4335 887 4398 insumite
904 4340 937 4396 P;
962 4337 1095 4388 bizantinis
1111 4339 1174 4389 GM.
1201 4335 1241 4387 ct.
1259 4335 1275 4399 5
1293 4335 1350 4384 tte.
1371 4359 1399 4370 -
1421 4335 1446 4384 t.
1465 4345 1556 4397 queem
1576 4345 1630 4397 mg.
1648 4330 1667 4387 8
1683 4336 1711 4383 et

386 4410 539 4462 Ernestiua:
559 4409 669 4471 mesic
689 4436 716 4446 -
735 4410 825 4462 ceiiiee
842 4413 863 4461 G
882 4439 908 4449 -
926 4425 957 4464 ne
973 4426 1028 4464 om.
1047 4414 1102 4464 Gli
1120 4439 1146 4449 -
1165 4413 1189 4465 3.
1207 4423 1302 4461 neeesse
1316 4409 1356 4474 sit]
1372 4409 1474 4459 necessit
1489 4407 1547 4460 P¹G
1565 4436 1592 4445 -
1610 4409 1711 4473 conpin-

384 4485 454 4538 m'but
470 4487 530 4536 P-
549 4484 574 4534 45.
592 4483 727 4546 quiequam
744 4489 803 4536 P—
823 4487 847 4538 8.
866 4487 955 4538 eluiem
971 4486 1040 4537 1³¹-
1060 4488 1101 4537 tt.
1119 4487 1180 4552 tum]
1198 4487 1298 4537 tucmc
1314 4513 1340 4522 -
1360 4486 1400 4534 44.
1418 4484 1503 4535 tabem
1519 4483 1589 4536 1³¹-
1608 4485 1712 4535 ibina

384 4562 507 4626 perimine
524 4557 553 4611 4)Ι
572 4586 600 4596 -
620 4561 781 4621 prudmtiem
797 4562 990 4626 modestiamque
1007 4565 1061 4614 GM
1085 4589 1113 4600 -·
1137 4562 1176 4614 il.
1191 4576 1264 4625 pesse
1280 4559 1307 4612 P*
1327 4587 1354 4598 -
1379 4561 1418 4611 m.
1436 4559 1554 4612 cenmbb
1572 4557 1601 4611 1³¹
1620 4587 1646 4598 -
1667 4559 1709 4611 48.

385 4650 489 4689 escensu
504 4637 562 4686 C-
579 4635 709 4698 reppulisti
724 4638 788 4688 PG:
805 4639 920 4701 repulisti
929 4640 956 4690 0«
966 4665 990 4676 -
1011 4640 1052 4689 tr.
1070 4640 1113 4701 qui
1128 4640 1156 4689 in
1170 4642 1293 4690 cenemtn
1307 4637 1452 4689 Manutius:
1471 4637 1514 4699 qni
1529 4635 1710 4686 concentnco

388 4740 415 4750 -
434 4711 474 4763 48.
493 4711 656 4762 mactatione
673 4713 726 4764 ΡΜ
739 4740 766 4749 -
785 4714 826 4764 20.
838 4715 944 4765 numam
960 4717 992 4765 P:
1010 4716 1096 4764 uesani
1107 4715 1137 4765 0.
1156 4715 1194 4766 Cf.
1213 4729 1240 4780 p.
1258 4714 1316 4774 860,
1331 4713 1370 4764 48.
1383 4740 1410 4750 -
1428 4711 1470 4763 23.
1489 4712 1533 4762 tibi
1546 4725 1650 4762 meissen
1665 4707 1708 4762 1³²:

386 4791 509 4842 timonem
525 4785 569 4847 P¹;
588 4785 632 4835 tibi
647 4799 769 4838 munuum
786 4785 854 4840 1>³-
875 4789 918 4840 tibi
933 4790 1080 4854 sperutmL
1094 4815 1121 4826 -
1139 4788 1181 4840 at.
1196 4789 1376 4853 pemminmC:
1391 4787 1581 4851 pemmimO-
1599 4788 1712 4838 ilicon-

387 4864 493 4918 tionibua
508 4862 570 4913 PG:
588 4862 776 4917 concionibmo
795 4890 821 4902 -
840 4865 976 4916 inriderent
991 4867 1050 4915 P-
1069 4864 1111 4915 tt.
1129 4869 1223 4915 terrem
1239 4863 1267 4914 P¹
1285 4891 1312 4903 -
1330 4863 1372 4913 ti.
1391 4863 1603 4914 denmmemntl’
1622 4889 1649 4898 -
1667 4861 1708 4912 28.

385 4939 534 5004 complerent
550 4937 741 5000 proscriptionis
760 4945 838 5002 metm
861 4954 901 4991 me
916 4939 1096 4992 Marklaudus:
1119 4941 1281 5003 emnplermt,
1300 4938 1491 5001 proscriptionis
1504 4942 1572 4988 mne
1586 4935 1662 4986 caeo
1681 4962 1709 4974 -

385 5019 427 5069 49.
445 5013 580 5079 spoliarent
595 5017 705 5074 tenutam,
727 5028 776 5077 pro
793 5015 973 5069 blerlrlandus:
1000 5016 1151 5080 spoliarent,
1167 5020 1281 5065 senotmn
1295 5028 1344 5077 pro
1361 5014 1411 5065 CO
1430 5041 1457 5050 -
1485 5013 1525 5064 ³0.
1542 5023 1658 5075 pnqncre
1673 5011 1708 5061 C:

384 5099 547 5160 propugnare
563 5086 583 5136 0
602 5111 630 5122 -·
649 5087 689 5139 34.
707 5096 772 5142 ceste
788 5104 842 5142 om.
861 5095 880 5142 G
901 5119 927 5129 -
946 5093 986 5143 34.
999 5092 1059 5142 cessi
1075 5091 1153 5142 codd.
1168 5092 1274 5154 Legem
1288 5093 1343 5140 tres
1355 5091 1382 5139 et
1393 5088 1583 5151 Pantagathus:
1600 5087 1664 5151 pessi
1679 5085 1709 5135 C.

388 5169 426 5222 Cf.
445 5181 472 5233 p.
491 5159 608 5226 ⁸79,.³2·
633 5189 660 5198 -
683 5165 724 5216 33.
742 5166 863 5217 uirum
885 5195 918 5205 -
939 5167 1013 5218 milio
1033 5169 1097 5217 PG:
1119 5165 1237 5216 mittiaO
1260 5190 1288 5201 -
1311 5162 1379 5229 qnid]
1397 5164 1463 5228 qued
1482 5164 1510 5212 Ρ1
1530 5188 1557 5199 -
1580 5160 1706 5211 nostrie:

386 5245 467 5296 nemi
481 5243 519 5294 4444
534 5245 554 5295 0
569 5267 606 5286 -
620 5239 660 5292 37.
678 5241 772 5308 aarum]
788 5255 878 5294 mmm
898 5243 918 5308 (e
934 5243 961 5294 in
978 5240 1078 5308 rasura)
1096 5243 1124 5295 P.
