4009 6159
728 560 800 625 m».
823 561 892 624 xn.
921 556 967 643 §s
990 555 1137 624 ar-ao.
1509 554 1590 621 raro

275 730 419 795 mandata
446 730 636 813 accepimus.
677 731 768 806 Quae
795 750 864 793 cum
892 748 980 813 agam
1008 731 1042 792 in
1072 727 1220 803 consilio,
1249 726 1360 802 nullis,
1389 732 1424 789 ut
1446 726 1590 801 arbitror,

272 823 534 907 repugnantibus,
555 843 661 887 nonne
684 824 887 887 metuendum
910 830 958 887 est
978 843 1018 886 ne
1038 823 1184 905 imperita
1203 821 1337 885 militum
1352 819 1520 884 multitudo
1535 839 1591 902 per

272 935 323 979 mc
353 936 462 1000 pacem
493 917 636 981 distineri
662 920 774 1001 putet?
816 914 867 978 99.
894 917 998 980 Facite
1030 916 1092 980 boc
1120 936 1225 979 meum
1254 914 1420 978 consilium
1451 913 1590 996 legiones

272 1029 370 1073 novas
390 1031 454 1074 non
477 1010 674 1095 improbare:
688 1002 769 1098 (uam
790 1011 933 1074 Martiam
955 1021 988 1074 et
1009 1016 1151 1093 quartam
1174 1009 1252 1073 nibil
1276 1004 1444 1091 [cogitetis]
1467 1014 1592 1091 praeter

272 1102 455 1185 dignitatem
479 1113 512 1169 et
533 1104 629 1167 decus
648 1104 903 1186 comprobaturas
919 1124 989 1169 esse
1006 1113 1090 1169 certe
1106 1097 1190 1187 scio)
1217 1103 1326 1179 Quint
1347 1109 1512 1166 veteranos
1527 1119 1616 1165 nune
1680 1108 1797 1211 ὦ]

275 1216 479 1260 veremur-
504 1216 576 1260 nam
598 1195 700 1261 timeri
721 1218 757 1260 so
777 1196 900 1279 ne‘ipsi
923 1198 1051 1280 paridem
1071 1196 1185 1271 uolunt
1204 1228 1245 1245 -
1265 1212 1404 1280 quonam
1426 1196 1520 1260 modo
1542 1216 1593 1260 ac·

273 1290 394 1372 cipiant
414 1292 613 1355 severitatem
636 1295 760 1355 meam‘l
782 1291 879 1354 multa
901 1293 985 1354 enim
1007 1292 1086 1355 falsa
1109 1290 1148 1354 de
1168 1311 1217 1354 me
1234 1288 1419 1364 audierunt,
1441 1289 1540 1354 multa
1553 1289 1593 1353 ad

273 1402 329 1445 eos
350 1382 485 1466 improbi
508 1384 697 1449 detulerunt.
741 1385 883 1460 Quorum
912 1385 1093 1461 commoda,
1122 1392 1158 1449 ut
1178 1402 1235 1447 vos
1258 1383 1367 1467 optimi
1389 1390 1485 1448 testes
1507 1384 1593 1458 estis,

274 1497 399 1561 semper
420 1498 478 1561 epo
500 1480 657 1543 sententia
663 1524 673 1555 ,
695 1478 895 1551 auctoritate,
918 1480 1059 1543 oratione
1081 1476 1222 1543 firmavi:
1248 1477 1304 1541 sed
1327 1476 1460 1540 credunt
1479 1477 1594 1559 impro-

272 1570 338 1645 bis,
369 1571 503 1636 credunt
530 1572 736 1646 turbulentis,
764 1572 897 1634 credunt
918 1572 994 1634 suis.
1039 1574 1119 1636 Sunt
1139 1579 1245 1636 autem
1267 1570 1364 1634 lortes
1386 1570 1433 1633 illi
1454 1567 1631 1652 quidemn

273 1664 330 1727 sed
353 1674 482 1749 propter
503 1666 686 1731 memoriam
707 1684 828 1738 rerum,
850 1684 929 1747 quas
952 1672 1118 1748 gesserunt
1139 1685 1196 1748 pro
1217 1664 1326 1747 populi
1347 1662 1479 1727 Romani
1499 1661 1595 1725 liber·

273 1764 339 1821 tate
358 1764 393 1820 et
412 1759 519 1822 salute·
534 1761 579 1822 rei
601 1758 760 1845 publicae,
788 1758 885 1820 nimis
904 1758 1026 1823 feroces
1049 1766 1081 1823 et
1102 1758 1145 1821 ad
1165 1776 1253 1821 suam
1276 1757 1338 1821 vim
1362 1758 1472 1819 omnia
1487 1763 1595 1818 nostra

273 1852 408 1915 consina·
423 1860 617 1916 revocantes.
660 1848 711 1914 30.
735 1852 856 1914 llornm
878 1870 938 1935 ego
960 1852 1181 1935 cogitationem
1203 1868 1269 1913 non
1290 1861 1422 1915 roncore
1443 1852 1593 1934 impetum

271 1945 476 2026 pentacos.
506 1944 592 2010 llaec
622 1960 751 2029 quoque
773 1952 858 2007 tauta
884 1948 1024 2027 pericula
1046 1946 1074 2009 si
1097 1942 1253 2029 effugero,
1281 1944 1399 2008 sauma
1422 1950 1524 2007 tutum
1545 1954 1595 2005 to-

271 2038 373 2127 tllttsnt
401 2041 519 2123 putatis
545 2040 636 2104 iorei
667 2040 744 2103 Cum
774 2039 858 2101 enim
881 2046 913 2101 et
934 2048 1069 2104 vestram
1096 2041 1318 2105 auctoritatem*
1336 2048 1411 2103 nteo
1429 2051 1517 2101 more
1539 2038 1632 2104 de-to

270 2129 403 2195 lendero
432 2138 465 2194 et
491 2150 593 2197 meam
620 2126 716 2197 lldem
746 2132 791 2195 rei
821 2131 970 2214 publicae·
987 2134 1263 2220 constantiamque
1290 2132 1494 2217 praestitero,
1526 2138 1595 2195 tum

271 2232 370 2287 erunt
385 2225 463 2289 milri
484 2246 550 2289 aon
571 2227 595 2289 ii
616 2225 734 2298 solum,
761 2225 814 2309 qui
837 2244 888 2287 mo
909 2226 1063 2302 oderunt,
1085 2227 1142 2291 sed
1163 2229 1208 2293 illi
1230 2228 1342 2303 etiam,
1365 2226 1420 2311 qul
1440 2224 1594 2299 inrident,

273 2318 511 2384 cauucmeudt.
541 2318 743 2383 Custodlatur
763 2319 860 2401 igitur
879 2318 944 2382 vita
958 2320 980 2399 †
995 2341 1021 2382 r.
1038 2342 1068 2403 p.
1084 2308 1300 2406 mea,(quoad
1319 2322 1374 2386 rel
1393 2313 1529 2402 dignitas
1544 2318 1595 2382 vol

271 2417 387 2476 natm
413 2414 551 2496 patietur
594 2412 716 2495 patriae
744 2417 938 2476 mercetur:
968 2428 1052 2477 mors
1074 2422 1128 2478 aut
1148 2416 1368 2479 necessitatem
1388 2414 1504 2477 habeat
1523 2411 1595 2488 leti,
1664 2398 1770 2491 d*

272 2511 341 2579 aut,
371 2507 399 2568 si
425 2504 499 2569 aufe
526 2527 545 2569 o
591 2506 706 2568 ctendu
732 2514 796 2580 est,
825 2513 992 2589 oppetatur
1014 2524 1085 2571 oum
1108 2508 1217 2590 gloria.
1253 2508 1340 2571 Haec
1362 2525 1434 2571 cum
1455 2508 1499 2569 ita
1521 2506 1634 2580 siutao

273 2600 337 2662 etsi
360 2598 443 2663 bano
469 2600 658 2683 legationem
686 2618 738 2663 res
765 2600 907 2684 publica,
934 2607 970 2663 ut
996 2600 1156 2667 levissime
1186 2603 1304 2675 dicam,
1333 2617 1398 2663 non
1420 2598 1593 2671 desiderat,

273 2701 395 2768 tamen,
418 2693 450 2757 si·
468 2700 535 2755 tuto
558 2692 664 2755 licebit
685 2693 749 2767 ire,
770 2693 960 2777 proficiscar.
994 2694 1147 2771 Omnino,
1168 2703 1273 2780 patres
1289 2693 1472 2776 conscripti,
1494 2700 1593 2755 totum

210 2856 217 2878 ‚
271 2786 403 2851 buiusee
425 2787 472 2850 rei
494 2787 662 2850 consilium
685 2806 750 2850 uon
771 2806 840 2850 meo
861 2787 1019 2871 periculo,
1049 2788 1105 2851 sed
1134 2788 1271 2854 utilitate
1292 2789 1340 2850 rei
1361 2788 1507 2869 publicae
1528 2800 1594 2848 me-

273 2882 340 2943 tiar.
376 2884 423 2944 De
445 2898 513 2965 qua·
528 2880 622 2953 mibi,
645 2882 795 2965 quoniam
816 2881 949 2944 liberum
971 2888 1021 2944 est
1042 2882 1195 2964 spatium,
1223 2881 1356 2944 multum
1379 2882 1479 2944 ctiam·
1496 2886 1593 2963 atquc

272 2974 366 3036 etiam
396 2974 660 3038 considerandum
688 2984 764 3060 puto
791 2975 886 3059 idque
907 2973 1107 3057 potissimum
1128 2974 1324 3049 laciendum,
1347 2972 1434 3057 quod
1456 2973 1630 3041 maxintctt

270 3067 425 3132 interesse
444 3070 491 3133 tei
512 3069 656 3154 publicae
677 3070 826 3133 iudicare.

336 3348 360 3400 t.
379 3348 589 3414 magt
606 3372 633 3385 -
656 3352 924 3415 ommqwopomt
942 3376 970 3389 -
991 3350 1117 3402 cratian:
1141 3351 1370 3403 namuro-
1392 3348 1491 3403 otoo.
1510 3351 1591 3403 onai

270 3425 535 3488 -uopeuogu
561 3426 766 3488 imponas-
792 3426 1066 3491 3.dcsttnm'gti-
1091 3425 1345 3491 bicprobma-
1372 3427 1482 3491 copitstts
1499 3426 1588 3489 codd..

271 3497 323 3552 sed
338 3501 348 3549 t
363 3500 492 3565 copltctis;
510 3513 564 3551 om.
582 3501 611 3551 0.
641 3500 708 3561 Quid
724 3499 802 3552 lateat
820 3502 968 3564 ignoratur,
989 3501 1039 3552 nisi
1056 3514 1114 3555 voc.
1133 3501 1263 3565 glossema
1281 3503 1336 3563 cst;
1359 3499 1422 3551 illud
1438 3499 1532 3553 saltem
1549 3503 1590 3553 tc-

271 3572 390 3625 nendum
412 3570 489 3639 paulo
513 3575 572 3638 post
592 3575 619 3625 in
641 3574 719 3625 codd.
742 3575 809 3627 mels
824 3574 907 3626 verba
929 3577 968 3628 sic
984 3576 1107 3628 distincta
1124 3591 1200 3629 esse:
1223 3576 1431 3642 comprobaturas
1447 3590 1504 3627 esse.
1526 3568 1593 3628 certo

269 3651 321 3700 arto
336 3677 370 3687 -
383 3652 487 3713 praeto·
500 3660 555 3699 om.
574 3649 585 3698 t
602 3674 629 3686 -
652 3651 677 3700 s.
694 3649 847 3711 mousom
860 3652 889 3701 it
907 3679 934 3719 .·
955 3654 1021 3702 cote
1037 3650 1090 3702 nt:
1109 3658 1175 3704 certo
1192 3654 1225 3714 03
1249 3652 1282 3705 cl.
1300 3650 1485 3716 stuerenbdrg
1498 3652 1532 3702 ad
1549 3664 1589 3702 or.

270 3726 350 3776 amb.
367 3738 394 3791 p.
414 3722 457 3775 404
477 3723 520 3774 sd.
540 3724 551 3772 4
572 3724 600 3773 et
616 3736 643 3789 p.
662 3724 709 3775 404
726 3726 818 3776 etita
834 3725 877 3776 ed.
896 3726 963 3775 2—
981 3728 1048 3787 qaod
1064 3725 1142 3776 abti
1158 3754 1191 3765 -
1208 3728 1232 3779 0.
1251 3739 1361 3791 quonum
1376 3728 1449 3777 modo
1465 3727 1592 3790 aectptoct

270 3804 298 3853 t:
316 3799 707 3864 commoneam
724 3799 929 3864 (accipiantag)
947 3799 1060 3864 abgto
1079 3826 1107 3839 -·
1129 3802 1154 3853 8.
1171 3803 1277 3866 mprobt
1293 3802 1472 3859 uocaui:
1494 3802 1591 3866 impro-

269 3874 543 3938 eidotulsrsatltopr.
562 3875 695 3937 4341)-
714 3874 1417 3941 9.prmartt-a‹tctuutuoutsmed.om.t-
1434 3878 1591 3929 crodldmtat

270 3965 286 4001 a
303 3977 336 3989 -
351 3949 461 4015 inprobis
476 3962 493 4013 g
510 3973 538 3987 -
559 3950 598 4000 40.
616 3951 797 4021 credactante
814 3948 878 4000 turb.
897 3962 951 4000 om.
970 3963 985 3999 a
1003 3976 1031 3985 —
1051 3951 1090 4002 tt.
1109 3956 1132 4003 ct
1149 3965 1230 4004 oma
1246 3980 1279 3991 -
1294 3952 1381 4017 adata]
1399 3946 1539 4017 dipuitctsi
1556 3980 1589 3990 -

270 4020 310 4076 ts.
328 4024 501 4090 capitatim
522 4024 600 4076 codd.
619 4022 691 4076 notl:
713 4026 872 4089 copitottouot
887 4026 921 4088 0,
943 4026 975 4075 ut
994 4026 1047 4075 iam
1069 4027 1110 4078 est
1125 4026 1152 4078 in
1168 4028 1211 4079 ed.
1229 4024 1295 4079 Ven.
1315 4027 1387 4079 tttt.
1407 4054 1436 4067 -
1460 4026 1499 4078 tt.
1517 4030 1590 4079 tootd

266 4100 1173 4167 mouuzpcttcuutaacato-tsaaoaaoctoaaogt-
1193 4102 1590 4165 morsotecb;meomcmors

270 4175 298 4234 t;
316 4176 621 4240 cmmemorsagi
639 4200 667 4211 -
692 4175 732 4225 46.
751 4175 878 4240 amcam]
895 4180 992 4226 teneor»
1008 4176 1019 4224 t
1037 4183 1190 4239 -prcstoro
1207 4192 1221 4229 a
1241 4206 1268 4215 -
1289 4180 1328 4229 tr.
1346 4178 1452 4229 listi:
1476 4180 1502 4229 tt
1519 4178 1588 4243 ago

270 4274 303 4285 -
319 4248 423 4299 odom
439 4261 492 4301 orn.
510 4252 565 4300 t-
585 4251 626 4301 48.
643 4250 698 4300 utto
716 4264 747 4300 .r.
763 4265 790 4314 p.
808 4264 865 4301 meo
882 4252 908 4300 t:
925 4250 982 4299 aito
996 4263 1021 4298 r.
1037 4263 1063 4313 p.
1077 4253 1199 4315 ecquem
1217 4254 1273 4304 olto
1287 4266 1345 4304 msc
1359 4266 1383 4303 r.
1398 4266 1425 4317 p.
1437 4266 1516 4316 osque
1532 4266 1587 4317 ag;

269 4337 326 4375 mco
340 4324 395 4373 otto
410 4324 448 4373 rot
460 4338 489 4387 p.
508 4327 541 4389 (r.
556 4339 584 4389 p.
599 4325 616 4386 i)
633 4337 712 4385 soom
727 4325 777 4386 t0;
795 4324 854 4375 tort.
865 4325 1020 4375 cauwdiotra·
1035 4326 1113 4391 49ον
1128 4329 1183 4379 otto
1194 4342 1223 4390 p.
1235 4342 1257 4379 c.
1271 4327 1365 4392 (potres
1380 4326 1589 4391 couscriptum

269 4403 345 4461 apoc
360 4398 444 4459 quood
459 4400 511 4449 cet.
526 4426 553 4436 -
572 4400 613 4451 49.
631 4405 676 4451 cot
692 4401 822 4451 Faernus:
840 4406 923 4451 aucto
940 4400 993 4462 (out
1009 4412 1071 4451 cum
1088 4398 1131 4453 lin.
1145 4402 1188 4465 at)
1205 4403 1274 4453 tuo
1288 4430 1315 4439 -
1332 4403 1428 4467 totta
1439 4403 1522 4467 plocio
1533 4413 1587 4451 om.

270 4488 336 4525 a·
351 4472 392 4522 2³.
410 4474 590 4536 moopoicutc
608 4477 633 4525 t:
652 4474 763 4537 periculo
779 4488 832 4525 mco
847 4474 962 4536 abgio
979 4500 1008 4510 -
1026 4474 1067 4526 il.
1085 4476 1189 4528 ettam
1205 4490 1259 4529 om.
1277 4476 1310 4537 b;
1332 4477 1393 4529 liber
1409 4480 1420 4528 t
1435 4475 1589 4526 -muttum

269 4550 299 4600 nt
314 4546 447 4613 glossema
463 4552 618 4613 suspectum
628 4549 777 4599 Garatonio.
793 4573 820 4586 —
838 4550 880 4600 26.
891 4549 1007 4599 lodicum
1023 4548 1077 4599 bt:
1096 4550 1240 4605 indicauero
1257 4552 1385 4616 agio-
1402 4551 1513 4615 Baptictt
1528 4548 1590 4599 libor

442 4622 518 4667 tortior

267 4690 315 4733 ιιι.
336 4680 427 4745 Incipit
442 4680 587 4763 tffdcctmus
603 4694 633 4745 ες
655 4680 698 4731 ab
710 4681 736 4731 tt
752 4678 945 4745 subscriptione
963 4680 1063 4731 carent.
