4009 6159
738 601 811 666 cn.
833 601 983 668 m-rv.
1009 600 1056 685 ps
1078 598 1202 667 s-u.
1542 596 1625 664 rior

311 792 383 835 mec
412 769 493 834 iacto
521 790 586 833 non
616 768 772 846 dubitem,
803 772 842 834 de
864 772 979 856 Ligarii
1000 791 1065 836 non
1087 771 1219 835 audeam
1241 766 1391 835 confiteri.
1423 771 1526 855 Atque
1548 771 1626 835 baec

310 874 476 950 propterea
497 863 537 928 de
559 884 609 928 me
631 863 715 937 dini,
736 871 773 928 ut
786 865 864 928 mibi
879 866 1021 940 Tubero,
1044 886 1114 929 cum
1130 865 1170 928 de
1189 886 1224 929 se
1238 866 1348 929 eadem
1362 864 1515 939 dicerem,
1536 866 1626 948 igno·

311 966 428 1023 sceret:
457 959 548 1022 cuius
578 976 635 1041 egc
665 957 840 1022 industriae
869 960 1052 1043 gloriaeque
1081 959 1171 1023 faveo
1198 959 1250 1022 vel
1271 965 1398 1045 propter
1417 961 1626 1042 propinquam

311 1053 548 1137 cognationem,
577 1051 627 1114 vel
649 1051 735 1134 quod
758 1053 827 1116 eius
849 1053 976 1137 iugenio
999 1054 1176 1138 studiisque
1197 1053 1351 1127 delector,
1379 1053 1429 1118 vel
1451 1054 1537 1137 quod
1559 1054 1627 1116 lau·

265 1185 269 1192 ·
310 1146 382 1209 dem
408 1145 621 1209 adolescentis
649 1147 820 1230 propinqui
850 1147 995 1211 existimo
1025 1148 1119 1211 etiam
1143 1147 1184 1210 ad
1205 1166 1311 1210 meum
1332 1147 1469 1230 aliquem
1489 1144 1650 1208 fructnma

248 1263 253 1270 ·
310 1241 497 1304 redundare.
540 1235 570 1300 9.
593 1239 655 1301 Sed
677 1239 737 1303 boc
760 1258 895 1322 quaero:
919 1242 991 1325 quis
1013 1248 1103 1324 putat
1124 1261 1194 1304 esse
1209 1242 1328 1305 crimen
1340 1241 1439 1303 fuisse
1452 1241 1485 1303 in
1501 1239 1626 1302 Africa?

310 1335 429 1420 Nempe
456 1335 502 1408 is,
531 1333 587 1416 qui
616 1341 648 1396 et
671 1334 739 1416 ipse
761 1335 793 1396 in
816 1334 928 1397 eadem
949 1334 1052 1397 Airim
1074 1353 1144 1397 esse
1164 1336 1266 1398 voluit
1286 1343 1318 1398 ct
1337 1333 1532 1419 prohibitum
1554 1352 1628 1396 sea

310 1430 435 1512 Ligario
457 1427 599 1510 queritur
620 1433 653 1489 et
673 1433 756 1490 certe
779 1435 887 1490 contra
908 1428 1012 1511 ipsum
1028 1428 1192 1491 Caesarem
1214 1435 1264 1492 cst
1281 1447 1466 1511 congressus
1480 1434 1628 1490 armatus.

311 1522 397 1598 Quid
419 1523 502 1585 eninr
525 1530 599 1584 tuus
620 1520 689 1596 ille,
712 1521 854 1596 Tubero,
876 1521 1045 1585 destrictus
1066 1521 1099 1583 in
1119 1521 1189 1584 acie
1211 1522 1389 1586 Pharsalica
1411 1520 1536 1605 gladius
1556 1539 1629 1603 age·

310 1617 384 1680 bati
406 1616 495 1678 cuius
516 1614 597 1678 latus
618 1615 672 1676 ille
694 1635 802 1678 mucro
825 1615 973 1698 patabat?
1004 1615 1063 1702 qui
1083 1634 1195 1678 sensns
1217 1621 1285 1677 erat
1304 1632 1461 1678 armorum
1481 1615 1666 1678 tuornmlto

311 1729 394 1794 quae
414 1718 470 1772 tua
491 1712 601 1771 mensi
624 1707 729 1771 cculii
751 1714 885 1772 manus?
906 1709 1001 1772 ardor
1023 1709 1143 1771 animii
1166 1706 1244 1791 quid
1258 1708 1427 1791 cupiebas?
1449 1709 1527 1793 qnid
1541 1715 1630 1791 opta-

311 1797 392 1868 basi
421 1802 521 1865 Nimis
543 1820 658 1884 urgeo;
687 1804 877 1865 commoveri
899 1802 1025 1866 videtur
1045 1802 1248 1878 adolescens3
1276 1802 1315 1866 ad
1337 1822 1388 1865 me
1408 1811 1562 1867 revertare
1588 1803 1630 1864 is·
1720 1802 1779 1901 llll

312 1898 384 1962 dem
405 1898 439 1960 in
460 1895 553 1958 armis
574 1894 630 1958 fui.
673 1896 725 1958 iv.
748 1891 797 1956 iu.
822 1895 905 1971 Quid
927 1903 1032 1959 autem
1059 1895 1145 1959 aliud
1168 1897 1304 1979 egimus,
1331 1896 1471 1969 Tubero,
1497 1897 1558 1958 nisi
1586 1903 1630 1969 ut,

311 1993 398 2077 quod
419 1991 471 2054 bic
492 1996 615 2072 potest,
636 2009 695 2052 nos
716 1992 904 2072 possemus?
928 1989 1070 2066 Quorum
1091 1989 1189 2072 igitur
1209 1989 1390 2072 impunitas,
1412 1987 1630 2062 Cascantum

312 2085 497 2149 clementiae
519 2083 588 2159 iaus
610 2091 672 2157 est,
695 2103 805 2146 eorum
826 2083 967 2165 ipsorum
989 2083 1030 2146 ad
1051 2083 1268 2147 crudelitatem
1290 2091 1321 2147 te
1335 2082 1544 2147 acuitoratio.
1576 2083 1669 2145 At·ta

312 2201 374 2264 que
405 2179 439 2242 in
468 2178 527 2241 bac
556 2197 650 2240 causa
677 2176 821 2240 nonnihil
842 2175 1007 2258 equidem,
1036 2176 1179 2252 Tubero,
1209 2178 1303 2241 etiam
1324 2185 1427 2252 taam,
1454 2173 1511 2238 sed
1532 2173 1631 2238 multo

311 2275 411 2356 magis
432 2271 528 2355 patris
549 2271 597 2334 ini
617 2270 817 2353 prudentiam
839 2269 992 2344 desidero,
1015 2269 1101 2353 quod
1117 2270 1211 2334 bomo
1226 2292 1298 2334 cum
1311 2272 1441 2354 ingenio
1454 2275 1523 2332 tum
1537 2267 1631 2332 ctiam

311 2366 452 2429 doctrina
474 2366 650 2440 excellens,
678 2385 777 2449 genus
798 2365 858 2428 boc
880 2383 993 2428 causae
1015 2364 1102 2447 qnod
1125 2370 1224 2440 esset,
1249 2384 1315 2428 non
1337 2363 1461 2428 viderit
1503 2363 1581 2426 Nam
1604 2361 1631 2425 si

311 2461 459 2535 vidisset,
482 2459 595 2543 quovis
617 2458 758 2542 prolecto
781 2478 876 2542 quam
898 2457 959 2521 istc
981 2458 1075 2520 modo
1096 2476 1116 2520 a
1138 2464 1169 2520 te
1190 2459 1239 2541 agi
1261 2458 1432 2522 maluisset

395 2555 508 2638 Argnis
538 2551 705 2628 latentem,
733 2572 797 2615 non
827 2559 874 2615 est
902 2551 996 2615 satis:
1030 2570 1160 2615 accusas
1186 2571 1275 2626 eum,
1302 2551 1357 2634 qui
1391 2571 1515 2615 causam
1536 2551 1669 2616 babettu

312 2657 382 2724 aut,
405 2655 441 2711 ut
462 2667 520 2731 ego
543 2646 630 2720 dico,
653 2645 816 2709 meliorem
839 2665 934 2730 quam
955 2654 1009 2721 tu,
1030 2652 1099 2719 aut,
1120 2654 1158 2709 ut
1177 2653 1211 2708 tu
1233 2647 1292 2720 vis,
1313 2665 1431 2730 parem.
1473 2640 1524 2707 ll.
1546 2647 1632 2709 llaec

313 2743 524 2816 admirabilia,
554 2741 609 2803 sed
637 2740 773 2824 prodigii
802 2741 904 2804 simile
933 2748 982 2803 cst
1010 2740 1096 2824 quod
1126 2739 1237 2804 dicam.
1272 2742 1342 2803 Non
1363 2741 1458 2803 babet
1478 2760 1547 2803 eam
1569 2740 1631 2804 vim

312 2839 373 2901 ista
393 2825 580 2911 accusatio,
596 2843 632 2898 nt
654 2835 693 2912 Q.
716 2834 860 2916 Ligarius
883 2836 1128 2909 condemnetur,
1160 2835 1216 2897 sed
1237 2842 1273 2896 ut
1294 2841 1433 2898 necetur.
1476 2835 1546 2898 Hoc
1568 2835 1633 2918 egit

378 3129 402 3177 i.
420 3126 527 3176 dubitem
543 3125 631 3176 GE¹C
649 3127 677 3174 ei
693 3123 878 3184 Quintilianus:
906 3124 1012 3174 dubitem
1028 3125 1109 3173 dicere
1125 3120 1192 3173 Lib.
1220 3121 1259 3172 Cl.
1277 3121 1435 3185 Madvigium
1451 3123 1541 3186 cpuu.
1558 3121 1632 3175 acad.

313 3203 357 3253 611,
376 3216 402 3267 p.
421 3201 469 3252 3116
486 3213 512 3252 n.
533 3229 560 3238 -
579 3202 609 3252 de
624 3199 721 3264 liparii
736 3213 787 3248 666
803 3199 910 3249 audeam
926 3201 1039 3264 66611161
1055 3199 1122 3249 GE:
1139 3199 1168 3248 de
1184 3198 1283 3263 116611
1299 3199 1409 3262 (tipario
1425 3200 1455 3263 6)
1471 3203 1579 3252 aueum
1594 3203 1634 3251 di·

313 3291 369 3328 cere
386 3281 448 3341 (cm.
460 3277 518 3338 666)
536 3277 556 3326 6
574 3277 601 3325 et
618 3273 803 3336 Quintilianus;
826 3273 855 3323 de
871 3275 974 3339 Liparis
990 3279 1075 3324 66166
1091 3275 1169 3324 audeo
1185 3274 1212 3325 S.
1238 3272 1278 3324 Gi.
1296 3273 1453 3337 Madvigium
1469 3274 1487 3327 1.
1504 3275 1522 3326 i.
1542 3301 1570 3312 —
1588 3278 1634 3328 At·

314 3365 360 3413 pue
370 3377 408 3388 --
418 3351 554 3414 ignosceret
569 3350 647 3400 affert
663 3351 761 3400 Auctor
777 3349 893 3400 incertus
909 3350 936 3399 in
951 3349 1054 3400 Anecd.
1072 3352 1153 3402 Paris.
1172 3350 1216 3401 ed.
1233 3351 1321 3401 Eclist.
1341 3364 1367 3415 p.
1380 3350 1404 3410 3,
1418 3349 1459 3402 il.
1474 3377 1502 3390 -
1520 3353 1545 3403 6.
1560 3358 1635 3415 purat

314 3427 381 3476 GE:
397 3431 467 3488 puter
483 3427 503 3476 0
521 3451 549 3461 -
573 3425 601 3474 16
616 3425 703 3488 Attica
720 3422 821 3475 cicc:
844 3423 871 3472 16
886 3423 974 3486 Africo
989 3424 1121 3489 Ligerim
1136 3422 1196 3476 u²0
1215 3452 1243 3462 -
1265 3425 1291 3476 T.
1309 3429 1333 3476 61
1351 3425 1404 3488 ipre
1419 3437 1472 3477 om.
1492 3427 1512 3478 G
1531 3451 1559 3464 -
1576 3431 1634 3480 Pri·

314 3501 419 3552 solenus
435 3499 526 3561 111111,
544 3499 586 3561 11,
604 3501 648 3551 1111
662 3515 668 3548 :
690 3500 800 3550 «Cicero
817 3511 866 3563 pro
882 3498 996 3561 Ligario:
1019 3501 1134 3560 queritur
1147 3513 1174 3552 se
1189 3500 1353 3563 probibitrrm,
1376 3500 1453 3557 deest
1467 3515 1543 3556 eree.»
1561 3531 1589 3542 -
1608 3503 1634 3568 6]

313 3575 457 3628 66611-
481 3573 505 3624 8.
524 3579 612 3624 666166
634 3575 765 3624 66666666
785 3579 820 3623 est
839 3585 982 3636 cmprmsus
1001 3581 1116 3626 61666166
1137 3575 1280 3626 Diomedes
1300 3588 1327 3640 p.
1344 3573 1402 3636 166,
1420 3575 1461 3625 19.
1481 3603 1508 3613 -
1527 3579 1551 3630 9.
1571 3581 1635 3642 Quid

314 3651 379 3701 enim
390 3675 428 3688 -·
438 3649 498 3712 6616
513 3649 618 3712 optabas
628 3649 742 3700 atterunt
752 3646 923 3708 Quintilianus
934 3647 1003 3708 Viii,
1022 3647 1047 3710 i,
1060 3649 1105 3710 273
1124 3647 1204 3700 iulius
1215 3649 1372 3700 Severianus
1383 3661 1410 3714 p.
1423 3649 1471 3703 tii
1483 3653 1526 3705 ed.
1539 3654 1633 3722 Gepp.;

313 3728 413 3778 Auctor
434 3725 550 3776 incertos
573 3725 599 3776 in
621 3724 720 3775 Anccd.
738 3723 820 3774 Paris.
840 3723 882 3773 ed.
900 3723 987 3774 Ecirst.
1005 3737 1032 3788 p.
1050 3725 1091 3788 13,
1109 3725 1156 3785 111;
1184 3725 1249 3788 Quid
1266 3726 1379 3776 primu
1390 3738 1520 3778 arprorm
1535 3733 1636 3780 1666666

315 3799 486 3863 Quintilianus
501 3800 566 3860 Viii,
586 3800 667 3861 6,11;
688 3799 753 3862 Quid
768 3799 834 3848 6666
844 3823 881 3835 --
890 3798 989 3862 6166166
1005 3799 1095 3864 opatu
1110 3800 1182 3852 idem
1198 3801 1241 3860 iii,
1253 3801 1278 3862 1,
1291 3801 1346 3851 iet
1360 3800 1407 3863 iii,
1419 3800 1444 3862 3,
1458 3802 1519 3862 166;
1537 3806 1636 3854 Auctor

314 3878 430 3928 incertus
448 3877 474 3925 in
491 3874 588 3926 Anecd.
602 3876 683 3926 Paris.
697 3874 741 3924 ed.
754 3873 843 3923 Ecirst.
856 3886 882 3937 p.
896 3873 937 3936 11,
951 3874 997 3932 tir
1017 3875 1082 3936 (1616
1097 3877 1163 3926 eaeo
1178 3875 1303 3937 16661116,
1323 3875 1428 3938 Tubero,
1445 3877 1473 3926 16
1489 3879 1544 3930 6616
1559 3881 1636 3930 Meu

314 3953 394 4003 661166
412 3952 582 4012 Quintilianus
599 3951 646 4010 iii,
664 3951 694 4012 1,
712 3950 752 4001 36.
773 3973 800 3985 -
819 3954 876 3998 tuus
890 3949 932 3999 iiie
949 3949 1041 4000 Tubero
1058 3949 1230 4009 Quintilianus
1242 3949 1367 4014 (quinque
1379 3947 1460 4014 iocis),
1478 3953 1635 4006 Severianus

315 4031 343 4078 et
357 4029 456 4079 Auctor
471 4027 587 4078 incertus
605 4026 725 4088 (utroque
742 4023 823 4088 locol:
844 4024 950 4087 Tubero,
967 4030 1026 4075 tures
1040 4025 1082 4076 ille
1097 4026 1176 4076 GEO
1194 4051 1221 4062 -
1240 4026 1369 4076 (1611616161
1384 4025 1422 4076 C:
1445 4027 1571 4078 districtiss
1586 4029 1635 4080 GE

315 4106 343 4153 st
359 4105 457 4154 Auctor
473 4101 590 4153 incertus
608 4102 729 4166 (utroque
745 4100 821 4164 loco).
843 4128 870 4138 -
890 4101 1014 4166 [61661166
1029 4104 1051 4151 6
1067 4103 1094 4151 et
1108 4102 1208 4152 Auctor
1224 4102 1350 4152 incertus.
1371 4125 1399 4138 -
1424 4103 1465 4154 10.
1483 4104 1539 4165 quir
1553 4119 1638 4157 166666

317 4176 393 4240 (male
411 4176 541 4242 duplicata
564 4175 650 4228 littera
666 4176 688 4240 s)
714 4177 847 4228 Severisni
870 4177 930 4228 cod.
948 4177 1124 4228 Emmeranus
1146 4189 1216 4227 saec.
1234 4177 1277 4227 x1.
1298 4203 1324 4214 -
1352 4177 1392 4227 11.
1410 4178 1586 4233 6661666666
1606 4207 1633 4220 -

315 4253 401 4303 iisdem
416 4255 443 4302 16
460 4253 538 4303 amit
553 4253 591 4316 frti
608 4250 780 4312 Quintilianus
796 4253 843 4314 iil,
862 4252 886 4312 l,
905 4252 945 4302 99.
965 4277 992 4288 -
1011 4252 1088 4302 isdem
1104 4252 1148 4302 Et:
1164 4251 1251 4301 iisdem
1267 4252 1395 4302 61110-
1414 4253 1455 4304 13.
1470 4255 1637 4317 Quid-—oos

312 4341 439 4391 possesor
454 4328 566 4378 atterant
583 4328 725 4379 Diomedes
742 4341 768 4392 p.
787 4327 904 4388 168,11;
923 4325 1002 4378 lubus
1019 4327 1172 4378 Rufinianus
1187 4328 1218 4378 de
1232 4329 1276 4392 pp.
1288 4331 1349 4377 661.
1362 4332 1385 4377 61
1395 4328 1454 4378 6166.
1467 4327 1482 4393 3
1493 4329 1539 4391 3³,
1560 4332 1637 4392 Quin·

316 4401 419 4453 Alienus
434 4403 466 4463 V,
483 4403 524 4462 13,
542 4404 558 4452 6
575 4404 603 4452 et
619 4401 664 4461 iil,
682 4402 772 4464 1,19.
793 4428 819 4438 -
844 4405 928 4451 autea
950 4413 1004 4451 om.
1022 4401 1174 4453 Rufinianus
1194 4405 1223 4453 et
1243 4400 1413 4465 Quintilianus
1428 4404 1461 4465 V,
1479 4405 1523 4467 it,
1541 4407 1557 4457 6
1574 4409 1636 4472 (666

317 4477 381 4528 item
397 4477 443 4536 ili,
462 4476 490 4537 1,
508 4475 558 4538 st).
578 4501 605 4511 -
630 4476 709 4540 uliud]
731 4481 820 4526 contro
839 4476 909 4526 uliud
929 4475 1080 4528 Diomedes.
1100 4504 1127 4514 -
1153 4477 1247 4528 Tubero
1266 4491 1319 4528 orn.
1337 4478 1473 4531 Diomedis
1490 4481 1562 4544 edd.,
1585 4497 1637 4534 non

317 4551 380 4601 item
398 4549 456 4601 ccd.
475 4549 576 4600 Monac.
594 4561 665 4600 saec.
682 4552 730 4612 111,
749 4553 793 4616 qui
811 4555 899 4602 umen
916 4549 998 4602 babet
1014 4556 1116 4614 imao,
1135 4552 1204 4603 sicut
1218 4553 1317 4604 Auctor
1333 4553 1458 4604 incertus.
1472 4579 1499 4591 ·-
1519 4554 1559 4607 ti.
1572 4558 1638 4618 quod

317 4627 356 4675 116
369 4629 459 4689 potest,
481 4637 526 4675 por
545 4637 670 4686 6666666
686 4625 857 4687 Quintilianus
873 4625 922 4688 iil,
940 4624 971 4687 i,
990 4625 1046 4676 161.
1068 4651 1095 4664 -
1119 4627 1192 4690 mad]
1211 4626 1271 4688 6616
1286 4628 1322 4684 6;
1342 4626 1387 4676 boc
1403 4627 1469 4689 6666
1484 4629 1636 4682 Diomedes.

320 4725 346 4736 -
368 4701 478 4763 0661666
488 4725 525 4737 -·
536 4701 618 4750 oratio
634 4701 746 4753 aderunt
762 4700 905 4753 Diomedes
921 4714 949 4765 p.
967 4698 1026 4760 161,
1043 4699 1090 4760 16;
1109 4699 1280 4762 Quintilianus
1293 4701 1363 4762 viii,
1382 4701 1466 4762 6,1(1;
1485 4705 1584 4755 Auctor
1600 4707 1636 4757 in-

319 4779 408 4826 certus
432 4777 458 4826 in
479 4773 578 4825 Anecd.
601 4777 682 4827 Paris.
706 4777 748 4827 ed.
773 4778 859 4828 Eclrst.
881 4788 908 4841 p.
927 4776 967 4836 13,
985 4775 1027 4825 18.
1048 4801 1074 4813 -
1102 4776 1230 4837 1666661166
1250 4777 1271 4825 6
1293 4777 1320 4825 61
1341 4776 1440 4826 Auctor
1461 4778 1588 4832 incertus.
1608 4808 1635 4818 -

318 4851 413 4901 666666
437 4863 491 4900 om.
509 4848 589 4902 idem.
610 4879 637 4888 -
665 4853 705 4902 lb.
723 4851 779 4902 1666
799 4856 834 4904 ert
853 4849 995 4902 clarentiae
1014 4854 1074 4902 tuce
1095 4850 1176 4902 idem.
1196 4877 1224 4888 -
1251 4854 1275 4902 te
1291 4850 1403 4913 ipsorrerr
1418 4852 1453 4901 od
1467 4853 1639 4905 6666611666

319 4923 499 4985 Quintilianus.
520 4951 547 4961 -
565 4926 676 4988 ipromm
693 4939 747 4978 orn.
765 4927 908 4978 Diomedes
925 4927 953 4976 et
967 4927 1066 4977 Auctor
1081 4925 1208 4977 incertus.
1228 4947 1256 4961 ·-
1275 4924 1445 4975 eredulituteu
1461 4928 1482 4977 G
1499 4929 1525 4977 ct
1539 4929 1639 4979 Auctor

318 5001 443 5051 incertus.
463 5025 492 5037 -
510 5000 578 5050 66611
594 5001 656 5063 GE,
675 5001 832 5064 Diomedes,
851 5004 948 5054 Auctor
964 5003 1098 5053 incertus:
1119 5007 1191 5053 66661
1208 5001 1409 5066 (interrogative)
1427 5000 1638 5063 (16666616-

318 5088 377 5126 nus.
398 5099 425 5112 -
445 5073 486 5125 tt.
503 5085 626 5136 quamn
636 5077 764 5128 6661616661
780 5077 856 5128 alieri
871 5079 1015 5129 Arusianus
1031 5076 1142 5130 Messius
1158 5091 1186 5143 p.
1197 5077 1247 5127 111
1263 5076 1305 5127 cd.
1317 5075 1437 5127 Lindem.
1451 5101 1479 5112 -
1497 5077 1538 5128 11.
1556 5078 1639 5128 (116616

317 5151 338 5201 E
356 5175 384 5186 ·-
409 5149 476 5201 Huec
491 5149 652 5201 admirabilia
668 5151 704 5202 C:
727 5153 787 5204 11666
801 5167 852 5203 666
867 5152 940 5202 modo
955 5150 1084 5202 mirabilia
1099 5152 1189 5214 GES;
1215 5151 1275 5202 boec
1291 5150 1453 5202 6661611116
1468 5157 1526 5202 sust
1540 5151 1570 5203 0.
1596 5151 1636 5203 61.

317 5224 477 5290 Madvigium
495 5225 583 5289 opusc.
601 5226 674 5277 ccod.
692 5226 736 5278 611.
754 5239 781 5292 p.
799 5227 856 5280 1163.
871 5255 896 5266 -
916 5227 959 5279 11.
974 5227 1097 5293 6666116116
1112 5227 1173 5279 E·-
1190 5227 1233 5280 11.
1251 5227 1377 5279 6666616116
1392 5231 1438 5278 tuo
1452 5229 1482 5278 ut
1497 5225 1557 5280 E·-
1575 5239 1637 5278 666·

318 5301 463 5366 6166666616
479 5302 501 5354 G
518 5325 545 5340 -
563 5301 606 5355 ted
620 5305 721 5356 6666166·
737 5302 767 5354 6.
