4009 6159
415 551 498 620 tiit
756 555 909 624 ORATIO
930 558 1010 625 PRO
1032 561 1069 624 T.
1090 559 1215 625 ANNIO
1237 561 1393 627 MILONE

414 727 535 792 cunctis
556 727 719 794 ordinibus
739 730 924 814 amplissimi
946 731 1005 794 viri
1027 730 1218 806 iudicarent,
1247 751 1419 815 numquam
1448 732 1625 798 existimari
1645 753 1736 819 spem

413 822 512 886 ullam
532 842 603 887 esse
623 823 786 908 babituros
807 824 935 889 Milonis
957 825 1102 889 inimicos
1124 825 1166 888 ad
1187 827 1255 889 eius
1277 846 1341 888 non
1360 826 1455 890 modo
1470 826 1601 891 salutem
1617 829 1738 893 exstin-

412 917 586 1000 guendam,
614 917 671 981 sed
700 918 796 982 etiam
826 919 957 1000 gloriam
985 939 1042 1003 per
1074 919 1154 982 tales
1175 919 1259 983 viros
1281 919 1523 1002 infringendam.
1565 920 1595 983 6.
1620 923 1738 999 Quam·

412 1030 508 1095 quam
529 1013 564 1076 in
583 1011 643 1076 bae
663 1031 776 1086 causa,
806 1010 945 1087 iudices,
976 1015 1011 1075 Τ.
1034 1013 1130 1076 Annii
1152 1011 1312 1076 tribunatu
1332 1014 1489 1098 rebusque
1511 1017 1657 1080 omuibus
1677 1037 1738 1102 pro

391 1106 511 1171 tsalute
532 1108 580 1171 rei
608 1106 754 1190 publicae
775 1107 872 1188 gestis
894 1107 935 1170 ad
954 1105 1051 1170 buius
1072 1106 1213 1169 criminis
1236 1107 1451 1170 defensionem
1473 1127 1539 1172 non
1560 1110 1740 1175 abutemur.

410 1199 478 1264 Nisi
498 1200 599 1266 oculis
620 1199 763 1264 videritis
784 1200 916 1264 insidias
937 1201 1050 1264 lliloni
1070 1220 1090 1263 a
1114 1199 1224 1264 Clodio
1244 1199 1361 1275 factas,
1382 1221 1442 1265 nec
1464 1201 1660 1286 deprecaturi
1682 1225 1740 1268 su·

410 1314 496 1370 mus,
529 1303 565 1359 ut
595 1294 725 1360 crimen
742 1292 805 1358 boo
831 1295 922 1358 nobis
951 1303 1083 1379 propter
1110 1293 1210 1358 multa
1238 1295 1400 1378 praeclara
1426 1296 1461 1360 in
1482 1315 1547 1360 rem
1577 1298 1739 1380 publicam

409 1390 523 1454 merita
550 1388 751 1464 condonetis,
780 1407 840 1451 nec
868 1390 1075 1472 postulaturi,
1105 1398 1154 1462 ut,
1184 1389 1211 1452 si
1238 1409 1323 1453 mors
1344 1391 1377 1453 P.
1400 1389 1503 1455 clodii
1525 1391 1609 1456 salus
1631 1402 1740 1458 vestra

407 1481 520 1560 fuerit,
541 1483 751 1547 ideireoeam
773 1482 881 1547 virtuti
903 1483 1029 1548 Milonis
1057 1484 1165 1567 potius
1188 1503 1283 1566 quam
1305 1484 1416 1567 populi
1438 1486 1572 1549 Romani
1592 1484 1738 1550 felicitati

370 1577 586 1660 consignetis.
620 1577 684 1640 Sed
706 1575 734 1640 si
754 1575 842 1640 illius
863 1575 999 1640 insidiae
1015 1577 1162 1640 clariores
1185 1575 1245 1640 hac
1266 1577 1337 1640 luce
1358 1576 1493 1652 fuerint,
1516 1588 1582 1642 tum
1597 1579 1737 1663 denique

407 1672 579 1737 obsecrabo
608 1669 855 1753 obtestaborque
885 1690 961 1745 vos,
987 1670 1126 1745 iudices,
1157 1670 1184 1732 si
1206 1677 1311 1734 cetera
1332 1671 1509 1746 amisimus,
1537 1673 1600 1737 boe
1622 1672 1736 1737 saltem

405 1767 498 1830 nobis
527 1773 562 1830 ut
588 1765 803 1848 relinquatur,
831 1764 871 1827 ab
898 1764 1098 1828 inimicorum
1119 1764 1254 1829 audacia
1275 1764 1410 1848 telisque
1432 1766 1527 1828 vitam
1548 1775 1584 1831 ut
1603 1767 1737 1850 impune

405 1860 498 1924 liceat
518 1859 700 1923 defendere.

489 1955 545 2017 111.
566 1951 597 2017 7.
620 1951 683 2016 Sed
711 1959 882 2036 antequam
911 1953 953 2016 ad
981 1973 1052 2018 cam
1082 1955 1256 2018 orationem
1281 1954 1389 2028 venio,
1418 1973 1500 2037 quae
1528 1959 1576 2018 est
1604 1955 1738 2038 propria

367 2055 527 2115 rovesme
557 2046 771 2132 quaestionis,
800 2045 949 2111 videntur
978 2068 1017 2112 ea
1046 2068 1116 2111 esse
1139 2046 1318 2121 refutanda,
1348 2067 1429 2130 quae
1452 2054 1483 2111 et
1504 2047 1538 2110 in
1560 2056 1671 2111 senatu
1693 2047 1736 2110 ab

403 2143 543 2208 inimicis
565 2160 660 2224 saepe
679 2141 796 2205 iactata
817 2148 892 2204 sunt
913 2150 946 2205 et
966 2143 999 2204 in
1022 2142 1169 2205 contione
1191 2141 1231 2204 ab
1252 2140 1405 2223 improbis
1428 2147 1460 2205 et
1481 2141 1576 2225 paulo
1598 2148 1671 2204 ante
1693 2141 1736 2204 ab

405 2235 658 2311 accusatoribus,
685 2242 722 2298 nt
743 2236 829 2298 omni
858 2256 964 2300 errore
986 2236 1112 2299 sublato
1134 2255 1200 2298 rem
1222 2235 1334 2319 plane,
1364 2253 1447 2319 quae
1468 2237 1575 2299 veniat
1595 2235 1629 2297 in
1649 2234 1736 2298 iudi·

405 2333 504 2409 cium,
526 2331 634 2396 videre
656 2330 795 2414 possitis.
829 2331 952 2414 Negant
973 2331 1089 2394 intueri
1113 2330 1214 2393 lucem
1236 2349 1306 2392 esse
1328 2329 1374 2392 fas
1390 2331 1436 2404 ei,
1459 2331 1512 2413 qui
1534 2349 1554 2392 a
1575 2351 1609 2393 se
1630 2329 1736 2392 bomi-

403 2445 478 2490 nem
499 2424 640 2489 occisum
661 2443 731 2487 esse
751 2423 897 2487 fateatur.
928 2425 965 2487 ln
987 2444 1052 2507 qua
1072 2422 1200 2487 tandem
1222 2423 1299 2486 urbe
1317 2422 1378 2487 boo
1392 2422 1538 2486 homines
1554 2422 1734 2488 stultissimi

366 2521 589 2604 ”disputanti
611 2521 731 2602 Nempe
751 2518 786 2580 in
808 2538 862 2593 ea,
885 2537 967 2602 quae
990 2520 1128 2601 primum
1149 2517 1302 2580 iudicium
1325 2516 1365 2580 de
1387 2516 1490 2599 capite
1511 2516 1590 2582 vidit
1610 2518 1652 2581 Μ.
1666 2517 1734 2579 Ho-

317 2621 337 2711 {a
403 2614 492 2690 retii,
522 2612 686 2677 fortissimi
715 2611 794 2701 riri,
822 2612 879 2696 qui
903 2612 1046 2675 nondum
1072 2609 1172 2674 libera
1194 2610 1320 2674 civitate
1342 2618 1447 2674 tamen
1467 2609 1576 2694 populi
1599 2610 1734 2674 Romani

404 2706 539 2772 comitiis
560 2706 710 2770 liberatus
732 2712 798 2780 est,
823 2725 895 2768 cum
916 2725 974 2769 sua
996 2725 1091 2769 manu
1106 2725 1246 2769 sororem
1262 2725 1331 2768 esse
1353 2704 1549 2768 interfectam
1569 2703 1731 2767 fateretur.

402 2800 433 2864 8.
454 2803 505 2865 An
526 2807 575 2864 est
596 2799 763 2883 quisquam
785 2801 841 2882 qui
860 2799 923 2862 boo
942 2800 1082 2882 ignoret,
1111 2820 1182 2862 cum
1204 2800 1244 2862 de
1272 2798 1401 2863 bomine
1423 2799 1527 2862 occiso
1550 2803 1731 2880 quaeratur,

403 2902 459 2960 aut
478 2894 587 2977 negari
608 2894 711 2958 solere
733 2894 864 2957 omnino
887 2913 957 2957 esse
979 2893 1097 2956 factum
1119 2899 1175 2955 aut
1195 2899 1280 2955 recte
1302 2898 1335 2955 et
1355 2893 1423 2955 iure
1445 2891 1561 2955 factum
1582 2911 1652 2955 esse
1673 2891 1731 2953 de·

366 2989 512 3058 resendii
533 2987 597 3052 nisi
618 3007 694 3051 vero
717 2987 906 3051 existimatis
929 2986 1108 3050 dementem
1130 2987 1163 3049 P.
1185 2986 1368 3050 Africanum
1388 2985 1502 3060 fuisse,
1526 2985 1597 3068 qui,
1620 3005 1691 3048 cum
1709 3003 1730 3046 a

282 3067 299 3174 ζ
404 3083 437 3148 C.
461 3082 605 3147 Carbone
625 3081 752 3144 tribuno
775 3081 818 3164 pl.
838 3081 872 3142 in
895 3081 1045 3144 contione
1067 3080 1218 3144 seditiose
1240 3080 1502 3163 interrogaretur,
1525 3080 1603 3162 quid
1625 3077 1664 3140 de
1679 3077 1729 3139 Ti.

403 3175 535 3242 Gracchi
562 3169 837 3248 mortesentiret,
870 3174 1070 3256 responderit
1102 3175 1170 3238 iure
1198 3192 1325 3238 caesum
1351 3173 1461 3237 videri.
1491 3159 1616 3258 (Neque
1643 3172 1730 3235 enim

181 3255 299 3410 rh
401 3277 509 3358 possm
530 3277 585 3334 aut
604 3267 706 3332 Abala
724 3268 780 3332 ille
802 3268 955 3331 Servilius
977 3276 1034 3332 aut
1051 3269 1084 3331 P.
1106 3268 1220 3331 Nasica
1241 3275 1296 3331 aut
1315 3269 1351 3330 L.
1366 3266 1510 3351 Opimius
1531 3276 1586 3332 aut
1608 3267 1640 3332 C.
1661 3267 1730 3328 lla-

215 3367 249 3385 *
303 3361 307 3369 ’
352 3354 356 3362 ’
401 3350 475 3430 riu?
497 3371 553 3429 aut
578 3382 629 3427 me
659 3361 790 3426 consule
818 3371 947 3426 senatus
975 3381 1041 3426 non
1070 3361 1209 3426 nefarius
1235 3347 1363 3464 haberi)
1395 3363 1422 3426 si
1447 3361 1615 3426 sceleratos
1642 3359 1728 3423 cives

466 3693 492 3743 2.
509 3704 560 3741 cort
579 3687 653 3739 modo
670 3688 705 3737 od
719 3686 825 3737 salutm
839 3685 1135 3750 ciuc--iofringendom
1152 3685 1324 3748 Quintilianus
1341 3686 1387 3748 lll,
1406 3685 1436 3749 3,
1455 3687 1495 3738 77.
1516 3713 1543 3722 -
1567 3689 1639 3738 modo
1655 3688 1725 3738 sala-

402 3773 450 3820 rau
465 3766 528 3818 TE:
551 3764 657 3814 sulm
675 3762 748 3812 modo
765 3762 785 3812 0
811 3788 838 3797 -
862 3761 1133 3825 mompsuestenum
1158 3762 1218 3813 vide
1235 3762 1269 3812 ad
1292 3777 1318 3827 p.
1338 3762 1410 3824 4402,
1433 3762 1472 3813 43.
1493 3788 1520 3799 -
1544 3761 1568 3813 3.
1588 3763 1672 3825 Quare
1687 3762 1726 3812 titi

401 3843 463 3893 coci
487 3835 616 3891 tribrmtd
637 3836 710 3886 rebus
730 3834 842 3886 omino
858 3847 907 3897 pro
929 3834 1010 3885 solute
1029 3836 1067 3885 rei
1089 3849 1117 3898 p.
1142 3839 1215 3902 gostis
1231 3839 1266 3888 od
1283 3837 1356 3887 buius
1371 3836 1483 3886 criminis
1499 3837 1660 3901 aserenon
1674 3851 1725 3888 coc

401 3917 530 3968 α4ιι44ιιιιιι·
545 3913 601 3979 (sic)
620 3909 722 3962 Grillius
737 3907 782 3961 fol.
800 3909 841 3971 39,
860 3920 885 3958 a.
905 3935 932 3945 -
951 3907 975 3961 4.
996 3910 1033 3975 Τ]
1051 3911 1090 3962 titi
1105 3913 1153 3962 TE
1169 3941 1194 3949 -
1214 3925 1261 3976 quc
1277 3926 1330 3964 om.
1349 3914 1368 3963 T
1386 3939 1413 3948 -
1433 3912 1457 3962 c.
1474 3912 1563 3978 focus]
1580 3927 1630 3964 assa
1644 3914 1726 3976 factos

400 3993 421 4045 E
438 3991 519 4045 solus.
537 4016 565 4027 -
582 4001 628 4039 ccc
643 3982 972 4050 deficatsmncocdocetic
987 3985 1071 4037 habet
1081 3985 1183 4038 Grillius
1201 3987 1243 4039 fol.
1257 3987 1297 4048 33,
1311 4001 1334 4037 e.
1350 4014 1378 4025 -
1397 3988 1421 4038 7.
1439 3988 1485 4037 boc
1500 3988 1594 4038 mimos
1610 3985 1723 4038 Grillius.

404 4091 432 4106 -
446 4071 552 4132 propter
566 4064 647 4114 moes
657 4063 703 4112 TE
715 4064 743 4111 et
753 4059 871 4112 Grillius:
888 4061 970 4111 mutto
982 4062 1117 4124 proptero
1131 4088 1157 4099 -
1177 4063 1201 4112 9.
1218 4063 1305 4126 populi
1321 4063 1360 4124 li.]
1381 4075 1428 4125 pr.
1442 4062 1502 4113 Τ-
1522 4063 1562 4112 to.
1575 4062 1624 4112 Sed
1638 4061 1668 4126 aa]
1680 4062 1726 4112 Sic

400 4143 421 4194 Ε
438 4140 520 4194 solus.
533 4165 561 4175 -
580 4139 621 4188 44.
634 4136 840 4195 ιιοὸἰιιαὶωιιιὸς
858 4135 928 4185 uobis
943 4135 1061 4186 rodooT
1074 4161 1101 4172 -
1121 4136 1161 4188 it.
1179 4138 1259 4188 attam
1275 4137 1307 4188 cb
1324 4138 1482 4188 inimicorum
1499 4137 1610 4186 audacio
1625 4137 1727 4200 telisque

399 4217 443 4269 Es
461 4241 488 4252 -
506 4216 599 4277 iopam
614 4213 634 4264 E
648 4239 675 4249 -
695 4211 735 4262 44.
747 4211 941 4261 reuocent-
961 4212 1001 4260 444.
1017 4215 1116 4262 ...tros
1132 4213 1415 4276 quaetiooisnrocpe
1429 4211 1461 4262 cb
1477 4211 1584 4261 inimicis
1596 4211 1726 4274 (boener-

399 4291 497 4343 borum
508 4289 610 4351 ordine)
628 4287 710 4338 babet
725 4287 745 4336 B
760 4313 787 4322 -
807 4299 838 4337 eo
852 4286 914 4334 miii
929 4297 979 4335 csse
995 4287 1051 4335 Set
1062 4298 1127 4337 mss.
1140 4289 1228 4339 Modii.
1243 4315 1271 4326 -
1290 4294 1313 4338 et
1329 4301 1382 4339 om.
1395 4289 1416 4338 T
1429 4313 1455 4323 -
1475 4286 1515 4336 46.
1528 4285 1560 4335 ob
1576 4286 1726 4348 improber

401 4367 497 4419 liws:
515 4376 588 4428 scope
603 4362 636 4420 ab
651 4360 800 4425 moetos
814 4386 838 4399 -
858 4360 936 4422 poulo
952 4361 1015 4412 TE:
1031 4361 1119 4424 paullo
1130 4362 1164 4422 0;
1183 4363 1222 4414 sle
1238 4361 1347 4425 ubique.
1360 4389 1386 4400 -
1406 4361 1446 4411 lT.
1460 4359 1610 4410 morcSet
1622 4359 1664 4410 ed.
1677 4359 1725 4410 Al-

400 4443 475 4493 dina:
493 4445 590 4492 terrore
605 4438 695 4490 TE-
717 4437 803 4487 smiot
819 4437 898 4486 TES:
916 4435 1014 4486 occlto
1028 4461 1055 4470 -
1075 4436 1115 4487 444.
1133 4436 1232 4502 Nepoot
1248 4437 1339 4487 intueri
1349 4449 1447 4486 --csse
1461 4436 1572 4498 [motor
1587 4433 1688 4484 babent
1703 4433 1724 4485 ll

400 4519 428 4568 et
443 4514 546 4568 Grillius
562 4513 607 4565 fol.
625 4513 666 4576 ts,
683 4513 716 4572 b;
733 4514 833 4577 Negant
847 4511 940 4561 intueri
950 4535 988 4547 --
998 4511 1153 4574 intersectum
1168 4512 1290 4575 tatastat·
1307 4510 1478 4571 Quintilianus
1488 4511 1520 4571 V,
1534 4510 1573 4571 44,
1587 4509 1618 4559 li
1636 4509 1677 4572 (cl.
1691 4507 1723 4572 ll,

400 4591 440 4653 44,
451 4591 513 4652 .20);
530 4589 631 4653 Negent
644 4587 784 4638 ictum--
798 4586 936 4636 stultissimi
952 4585 1079 4648 disputent
1094 4584 1174 4637 lulius
1192 4585 1343 4636 Rufinianus
1360 4587 1389 4637 de
1403 4588 1447 4652 Μ.
1464 4587 1524 4636 scot.
1542 4589 1565 4634 et
1581 4583 1640 4634 stoc.
1653 4581 1668 4646 5
1680 4581 1722 4633 31.

401 4691 428 4701 -
441 4665 482 4728 [αι
497 4676 547 4714 esce
562 4664 603 4713 TS
620 4663 647 4714 ct
658 4661 770 4712 Grillius.
787 4687 814 4698 -
833 4673 883 4711 csse
897 4660 1020 4710 beminen
1036 4660 1144 4710 occoom
1160 4659 1321 4710 Rufinianus.
1336 4685 1363 4694 -
1383 4659 1422 4709 49.
1440 4657 1509 4724 urbo]
1525 4657 1624 4708 Noitote
1639 4656 1720 4709 idem.

403 4765 431 4776 -
447 4740 490 4790 20.
502 4738 586 4788 bereti
601 4737 662 4788 E-
680 4738 722 4788 tl.
737 4736 781 4798 qut
795 4737 907 4787 ooodmn
922 4734 1002 4785 libero
1018 4734 1119 4784 civitate
1134 4732 1216 4784 habet
1232 4735 1251 4784 B
1270 4759 1297 4769 -
1319 4746 1351 4796 p.
1371 4735 1398 4784 ll.
1418 4733 1451 4790 Ε;
1471 4747 1519 4796 .pr.
1533 4732 1552 4782 T
1570 4757 1597 4768 -
1615 4729 1656 4782 22.
1674 4744 1724 4782 sca

398 4825 478 4863 moos
491 4824 603 4863 ωιοισιιι
617 4803 773 4874 ὴῶιῐωωιιι
787 4823 838 4861 crac
852 4810 975 4873 (curetur
989 4807 1074 4860 babet
1090 4808 1232 4859 Diomedes
1249 4821 1274 4872 p.
1288 4806 1345 4868 lbi,
1357 4808 1399 4858 at.
1414 4833 1441 4845 -
1460 4809 1500 4860 2³.
1519 4812 1640 4869 meatur
1655 4807 1676 4858 E
1692 4831 1720 4843 -

398 4887 440 4940 il.
457 4893 482 4940 ct
498 4887 585 4938 TES:
603 4899 635 4937 cc
650 4887 671 4937 0
684 4913 709 4924 -
730 4886 772 4938 26.
790 4885 897 4950 tribuero]
915 4889 948 4935 tr.
966 4884 1015 4934 ΤΕ
1032 4877 1141 4948 ubique.
1157 4910 1184 4921 -
1200 4883 1236 4946 pl.
1255 4884 1320 4934 TE:
1336 4882 1413 4946 plebis
1429 4884 1464 4946 0,
1482 4883 1590 4948 ubique.
1611 4909 1639 4920 -
1657 4883 1724 4933 aedi-

398 4965 464 5016 cioce
482 4964 511 5014 lc
530 4963 644 5014 cocum
663 4963 711 5013 Es
729 4988 757 4999 -
782 4961 881 5013 tribuco
898 4961 935 5025 pl.
953 4958 1066 5010 aeditimo
1087 4959 1177 5023 spuria
1194 4957 1317 5009 videntur
1338 4958 1416 5009 Ballio
1432 4957 1450 5009 l.
1468 4957 1485 5010 l.
1505 4972 1532 5024 p.
1550 4960 1607 5011 289.
1628 4985 1655 4995 -
1675 4957 1721 5023 Ti]

399 5039 481 5091 4444444
496 5039 530 5101 E;
554 5044 581 5089 .t.
599 5038 619 5088 T
638 5064 666 5074 -
689 5038 731 5089 27.
748 5038 902 5100 responderit
918 5036 984 5087 TE:
1005 5034 1131 5098 respoudit
1148 5034 1194 5084 80
1210 5060 1238 5069 -
1256 5035 1341 5096 Neque
1356 5035 1421 5085 enim
1432 5061 1469 5072 -·
1480 5035 1550 5099 ceses
1565 5039 1626 5086 esest
1639 5033 1723 5086 babet

400 5111 572 5174 Quintilianus
582 5111 614 5173 T,
627 5110 668 5172 ll,
682 5111 727 5172 ⁴6;
745 5110 830 5174 Neque
845 5112 911 5162 subn
924 5111 1043 5174 potuisset
1058 5114 1105 5160 out
1119 5108 1160 5160 illc
1176 5109 1241 5160 Halo
1257 5121 1342 5174 usque
1360 5109 1393 5160 ed
1410 5109 1540 5162 accuratos
1554 5112 1618 5162 cloes
1632 5110 1722 5160 icteri-

399 5201 468 5240 scm
482 5187 562 5240 lulius
571 5184 725 5238 Rufinianus
741 5185 772 5237 ds
784 5188 829 5250 fig.
841 5191 902 5236 tect.
914 5190 939 5236 ct
954 5187 1013 5238 stoc.
1027 5185 1095 5250 523.
1109 5209 1137 5221 -·
1156 5185 1197 5236 28.
1215 5197 1251 5237 cs
1262 5185 1362 5250 publica
1376 5187 1465 5238 norico
1480 5187 1501 5241 Ε
1514 5213 1542 5224 -
1559 5191 1605 5239 out
1621 5185 1648 5238 0.
1659 5185 1720 5238 lto·

399 5263 455 5316 sur
470 5274 524 5317 om.
542 5259 724 5325 Quintilianus.
744 5285 772 5299 -
789 5261 830 5312 29.
848 5261 912 5313 444444
926 5260 962 5323 Τ;
981 5273 1035 5313 οιιι.
1054 5257 1235 5321 Quinbllanus.
