4009 6159
367 593 449 663 tias
719 595 871 661 ORATIO
893 595 971 660 PRO
993 595 1100 659 REGE
1120 592 1328 659 DEIOTARO

365 770 445 834 fides
467 767 561 832 studii
584 766 661 830 mibi
684 768 794 831 alienat
814 765 854 828 ad
877 765 1010 829 salutem
1032 764 1116 847 regis
1137 762 1277 827 Deiotari
1300 760 1543 838 defendendam,
1567 766 1689 825 tantum

364 861 522 926 facultatis
552 861 647 923 timor
674 859 828 924 detrabat.
871 859 1011 922 Primum
1043 857 1114 921 dico
1143 877 1201 940 pro
1233 857 1335 939 capite
1360 855 1560 939 fortunisque
1587 856 1688 940 regis,

366 955 451 1040 quod
474 955 595 1036 ipsum,
618 953 676 1017 etsi
699 973 763 1016 nou
786 953 929 1037 iniquum
952 960 999 1016 est
1020 955 1130 1020 intuo
1153 951 1317 1013 dumtaxat
1338 948 1497 1033 periculo,
1519 956 1627 1014 mmen
1641 961 1689 1018 est

364 1053 408 1114 ita
436 1048 635 1122 inusitatum,
664 1067 771 1129 regem
799 1068 887 1111 reum
916 1049 1026 1131 eapitis
1055 1066 1144 1118 esse,
1174 1052 1210 1106 ut
1240 1051 1313 1107 aute
1334 1045 1396 1107 boc
1417 1051 1540 1127 tempus
1561 1065 1627 1108 non
1648 1047 1690 1112 sit

342 1143 515 1206 aauditum.
559 1137 589 1202 8.
610 1141 733 1205 Deinde
756 1161 828 1204 eum
849 1160 971 1224 regem,
994 1160 1090 1224 quem
1106 1159 1217 1202 ornare
1240 1145 1332 1202 antea
1354 1144 1467 1203 cuncto
1489 1159 1562 1202 oum
1577 1149 1688 1206 senatu

365 1236 504 1300 solebam
536 1255 593 1318 pro
627 1235 789 1317 perpetuis
822 1236 890 1298 eius
922 1236 955 1298 ia
985 1241 1125 1297 nostram
1154 1253 1221 1296 rem
1250 1231 1408 1315 publicam
1435 1231 1574 1309 meritis,
1606 1254 1690 1299 nunc

365 1338 473 1394 eontra
500 1329 731 1391 atrocissimum
763 1329 881 1391 crimen
911 1349 1008 1411 cogor
1041 1326 1220 1391 defendere.
1261 1325 1392 1389 Accedit
1414 1333 1450 1389 ut
1470 1336 1689 1394 accusatorum

365 1421 494 1486 alterius
517 1421 719 1494 crudelitate,
752 1421 882 1485 alterius
905 1422 1091 1505 indignitate
1113 1420 1292 1483 conturber.
1330 1417 1497 1484 Crudelem
1519 1421 1689 1498 Castorem,

238 1587 246 1602 ,
364 1537 404 1580 ne
433 1516 535 1579 dicam
564 1515 749 1579 sceleratum
780 1525 811 1578 et
842 1516 990 1599 impium,
1020 1515 1075 1598 qui
1097 1533 1199 1598 nepos
1220 1534 1312 1577 avum
1334 1514 1368 1576 in
1389 1515 1499 1597 capitis
1521 1515 1690 1581 discrimen

329 1631 355 1674 ro
365 1611 532 1674 adduxerit
553 1609 851 1692 adulescentiaeque
874 1630 949 1672 suae
971 1617 1123 1672 terrorem
1144 1607 1287 1670 intulerit
1309 1609 1353 1682 ei,
1384 1606 1475 1671 cuius
1497 1619 1688 1675 senectutem

365 1705 447 1768 tueri
468 1711 626 1786 ellegere
649 1703 798 1778 debebat,
832 1703 1199 1785 commendationemque
1223 1701 1362 1764 ineuntis
1384 1702 1496 1765 aetatis
1517 1704 1557 1767 ab
1578 1705 1689 1790 impie-

365 1806 428 1862 tate
451 1806 482 1861 et
502 1797 620 1860 scelere
644 1797 786 1872 duxerit;
816 1799 867 1860 avi
894 1817 1020 1860 servum
1041 1803 1222 1878 corruptum
1244 1795 1392 1877 praemiis
1415 1794 1454 1858 ad
1476 1800 1686 1863 accusandum

365 1893 525 1956 dominum
549 1891 725 1972 impulerit,
755 1909 774 1952 a
795 1892 969 1973 legatorum
994 1889 1128 1972 pedibus
1150 1887 1327 1951 abduxerit
1370 1885 1400 1951 3.
1422 1890 1560 1973 Fugitivi
1582 1902 1687 1957 autem

364 1987 525 2050 dominum
555 1984 748 2057 accusantis,
777 1991 809 2047 et
838 1984 1001 2047 dominum
1029 1982 1192 2045 absentem
1221 1989 1252 2044 et
1274 1981 1437 2046 dominum
1465 1985 1687 2051 amicissimum

328 2089 490 2144 ranostrae
512 2077 558 2140 rei
580 2076 741 2160 publicae,
772 2098 844 2140 oum
867 2096 902 2140 os
925 2077 1083 2150 videbam,
1117 2097 1188 2139 eum
1209 2076 1306 2140 verba
1327 2076 1509 2152 audiebam,
1537 2098 1603 2142 non
1625 2088 1688 2146 tam

363 2175 511 2238 afflictam
543 2171 661 2253 regiam
696 2170 907 2234 conditionem
940 2169 1086 2233 dolebam
1118 2189 1213 2252 quam
1243 2169 1284 2233 de
1314 2170 1450 2234 fortunis
1471 2174 1689 2238 communibus

364 2267 617 2331 extimescebam.
661 2266 738 2327 Nam
766 2285 836 2328 cum
860 2284 946 2328 more
969 2266 1124 2326 maiorum
1146 2262 1300 2327 deservo
1322 2265 1356 2327 in
1379 2263 1542 2329 dominum
1563 2286 1604 2330 ne
1625 2275 1690 2330 tor·

363 2361 478 2424 mentis
502 2359 629 2442 quidem
652 2360 764 2442 quaeri
786 2357 896 2433 liceat,
920 2359 952 2422 in
976 2377 1040 2441 qua
1061 2359 1247 2440 quaestione
1269 2357 1361 2422 dolor
1381 2357 1494 2421 elicere
1513 2379 1618 2424 veram
1633 2382 1689 2424 vo·

364 2475 431 2517 cem
461 2453 561 2536 possit
588 2453 682 2514 eliam
708 2452 747 2514 ab
777 2445 899 2526 invito,
926 2461 1057 2514 exortus
1079 2458 1128 2515 est
1148 2471 1275 2524 servus,
1305 2453 1376 2534 qui,
1405 2473 1500 2535 quem
1522 2454 1555 2515 in
1577 2457 1688 2520 eculeo

327 2569 355 2614 ao
363 2547 522 2631 appellare
543 2566 607 2609 non
629 2553 752 2630 posset,
775 2565 846 2608 eum
869 2554 997 2609 accuset
1019 2545 1150 2608 solutus.
1194 2546 1234 2606 ll.
1250 2541 1279 2606 l.
1295 2545 1461 2610 Perturbat
1473 2567 1539 2623 me,
1562 2549 1596 2613 C.
1612 2550 1689 2614 Cae-

362 2662 430 2715 sar,
452 2640 545 2704 etiam
567 2640 646 2702 illud
661 2641 829 2714 interdum,
853 2639 939 2723 quod
956 2649 1071 2713 tamen,
1093 2659 1164 2702 cum
1180 2646 1212 2702 te
1226 2639 1352 2722 penitus
1366 2643 1552 2722 recognovi,
1575 2645 1687 2710 timere

362 2735 489 2810 desin03
518 2755 552 2797 re
576 2736 660 2797 enim
681 2735 826 2816 iniquum
849 2742 912 2807 est,
932 2734 998 2797 *sed
1021 2742 1076 2796 tua
1097 2734 1251 2818 sapientia
1273 2730 1306 2796 fit
1326 2734 1565 2817 aequissimum.
1607 2741 1687 2802 Nam

361 2829 465 2893 dicere
497 2829 580 2914 apud
609 2849 681 2891 eum
709 2828 749 2891 de
780 2828 933 2903 facinore,
967 2833 1075 2891 contra
1105 2830 1194 2890 cuius
1222 2828 1320 2891 vitam
1349 2827 1515 2892 consilium
1536 2830 1685 2897 facinoris

360 2923 458 2986 inisse
472 2943 615 3006 arguare,
638 2943 708 2986 cum
731 2942 788 3005 per
810 2943 844 2985 se
866 2922 971 3005 ipsum
986 2922 1186 2995 consideres,
1207 2941 1301 3004 grave
1317 2930 1382 2999 est3
1405 2942 1498 2986 nemo
1514 2925 1598 2987 enim
1619 2919 1689 2990 lerev

322 3038 351 3084 as
361 3025 425 3093 est,
455 3018 510 3101 qui
539 3018 588 3080 sui
619 3017 752 3101 periculi
773 3016 871 3080 iudex
893 3036 958 3080 non
981 3016 1041 3080 sibi
1064 3036 1098 3079 se
1120 3016 1302 3099 aequiorem
1325 3037 1419 3100 quam
1441 3037 1496 3080 reo
1518 3019 1684 3100 praebeat:

360 3112 416 3175 sed
438 3118 507 3186 tua,
532 3111 655 3186 Caesar,
677 3117 841 3194 praestans
863 3111 1096 3194 singularisque
1111 3117 1225 3172 natura
1237 3109 1322 3173 bunc
1336 3110 1414 3172 mibi
1429 3118 1549 3175 metum
1562 3113 1685 3178 minuit.

359 3207 430 3268 Non
453 3205 536 3268 enim
560 3211 624 3268 tam
646 3206 742 3268 timeo
766 3205 844 3287 quid
867 3203 962 3268 tude
985 3223 1059 3286 rege
1080 3204 1248 3288 Deiotaro,
1271 3223 1366 3288 quam
1387 3204 1529 3288 intelligo
1545 3205 1624 3289 quid
1645 3207 1685 3270 de

359 3307 390 3362 te
422 3308 543 3363 ceteros
566 3297 645 3362 velis
667 3299 816 3362 iudicare.
861 3297 890 3359 l'r.
913 3301 1044 3362 bloveor
1065 3297 1159 3360 etiam
1182 3298 1243 3361 loci
1269 3299 1370 3382 ipsius
1392 3298 1577 3376 insolentia,
1600 3301 1684 3384 quod

359 3400 477 3456 tantam
500 3413 643 3466 causam,
666 3399 784 3475 quanta
805 3393 892 3456 nulla
913 3412 1065 3476 umquam
1087 3392 1120 3455 in
1142 3392 1368 3478 disceptatione
1382 3402 1506 3458 versata
1526 3402 1591 3471 est,
1613 3395 1685 3459 dieo

423 3723 447 3772 l.
466 3723 580 3772 Deiotari
596 3733 649 3771 orn.
669 3722 705 3780 D;
724 3723 841 3772 Deiotari
857 3723 877 3772 n
895 3723 922 3772 et
938 3723 976 3774 sic
992 3735 1110 3786 semper.
1131 3747 1158 3758 -
1176 3726 1275 3772 tastum
1289 3723 1351 3772 mitri
1365 3723 1494 3788 [macas
1503 3725 1530 3786 F,
1548 3724 1642 3777 Drssd.
1656 3727 1685 3777 et

358 3797 492 3848 borona.
511 3801 602 3849 contra
620 3797 792 3858 Rammium,
818 3799 862 3860 qut
880 3798 904 3846 in
923 3799 1020 3860 Prneg
1039 3811 1065 3862 p.
1084 3798 1196 3847 restaur.
1214 3795 1298 3846 schol.
1318 3809 1341 3846 c.
1361 3797 1376 3846 3
1393 3797 1480 3848 locum
1498 3799 1615 3850 imitatus
1632 3801 1680 3851 est.

359 3898 385 3908 -
406 3873 431 3922 ι.
449 3873 515 3935 reqts
532 3872 568 3922 C:
586 3873 653 3935 repis
669 3872 783 3921 Deiotari
800 3871 877 3922 Glll'
896 3897 923 3906 -
943 3872 966 3922 3.
985 3873 1067 3933 ipsam
1083 3871 1104 3920 si
1121 3874 1182 3920 G-
1201 3870 1226 3922 l.
1244 3885 1316 3922 resen
1331 3874 1421 3935 capitis
1437 3875 1491 3924 mei
1507 3876 1534 3925 et
1549 3874 1619 3926 Col:
1637 3889 1684 3927 aa·

354 3947 415 4010 pitis
435 3961 506 3997 rearrr
523 3949 543 3998 Ο
561 3973 588 3982 -
613 3949 637 3998 5.
657 3961 728 4008 queat
740 3947 882 3997 -·rrrsritit
904 3946 985 3996 habet
1007 3947 1149 3998 Martianus
1166 3945 1273 4010 Capella
1290 3947 1321 4009 V,
1339 3961 1366 4012 p.
1385 3949 1441 3998 508.
1462 3974 1489 3984 -
1512 3953 1571 3999 sote
1585 3950 1635 4000 BD
1654 3977 1683 3988 -

358 4023 382 4073 o.
401 4023 508 4072 solebam
525 4023 600 4073 GRF
619 4024 645 4072 et
663 4021 784 4086 Capella:
804 4021 941 4072 salebarrras
958 4024 976 4072 C
996 4026 1023 4072 et
1040 4022 1111 4083 Col,
1131 4022 1164 4072 cl.
1178 4022 1299 4087 blodvigli
1317 4025 1364 4088 Op.
1378 4026 1413 4085 ll,
1431 4038 1457 4089 p.
1471 4024 1528 4074 tot.
1543 4051 1572 4062 ··
1589 4025 1615 4076 8.
1627 4039 1685 4076 cos·

358 4097 442 4148 turber
459 4099 478 4150 C
497 4101 525 4148 et
540 4097 610 4149 Col:
628 4097 760 4160 perturber·
776 4099 853 4148 Gill'
868 4125 894 4134 -
913 4099 1037 4148 crustatos
1053 4098 1179 4149 Castorem
1196 4101 1273 4150 GRF
1290 4103 1317 4149 et
1328 4100 1400 4151 Col:
1418 4100 1624 4151 aadeltsCottor
1638 4103 1684 4152 BE

358 4171 459 4230 Schol.;
486 4174 592 4222 sumtis
608 4173 696 4222 Castor
713 4177 747 4222 est
764 4173 826 4232 DS,
854 4171 886 4222 cl.
906 4173 991 4223 lllads.
1012 4173 1028 4224 l.
1048 4187 1070 4224 c.
1090 4187 1116 4238 p.
1134 4173 1191 4225 308.
1212 4201 1239 4212 -
1260 4175 1284 4224 9.
1303 4175 1331 4224 ia
1346 4177 1435 4237 capitis
1449 4175 1581 4225 tii-serim
1598 4175 1631 4226 C:
1656 4177 1685 4226 irs

358 4249 430 4298 disca
450 4249 538 4311 capitis
555 4247 660 4297 stato
680 4271 707 4281 —
727 4247 766 4297 lo.
786 4248 808 4297 et
825 4259 869 4296 orn
896 4247 977 4298 BDE
996 4273 1023 4283 -
1045 4249 1084 4297 lt.
1103 4249 1188 4300 debeat
1204 4253 1265 4300 G-
1285 4252 1325 4301 tt,
1344 4251 1471 4301 accolere
1488 4251 1526 4301 C:
1544 4256 1567 4301 st
1583 4251 1615 4302 ab
1631 4265 1684 4303 sae-

357 4323 407 4373 lsre
424 4322 478 4374 Col.
498 4323 604 4373 onio
622 4346 650 4358 -
674 4322 731 4372 acal
749 4323 782 4382 G,
807 4321 856 4372 sed
873 4335 886 4371 c
902 4325 1036 4386 punctata.
1057 4349 1084 4358 -
1104 4325 1144 4375 43.
1162 4325 1281 4388 inpulerit
1297 4325 1346 4376 EG
1363 4351 1390 4361 -
1418 4340 1436 4376 a
1453 4328 1488 4377 C:
1505 4332 1529 4376 et
1545 4341 1563 4377 a
1579 4329 1684 4378 onio

360 4423 387 4436 -
405 4398 575 4447 adduxeritll
595 4423 622 4432 -
642 4395 681 4448 tt.
700 4403 844 4452 coamantes.
864 4399 926 4448 G-
947 4399 987 4447 ιι).
1006 4399 1204 4457 ειιιιιιοσιιιις
1222 4400 1339 4450 monbec
1356 4401 1412 4450 ι’-
1431 4401 1684 4454 camosrbonstdis·

357 4471 415 4520 bam
432 4485 485 4522 om.
504 4471 633 4533 DERS¹;
654 4473 687 4523 cl.
706 4472 791 4523 bladv.
810 4472 827 4523 l.
847 4487 871 4524 c.
890 4487 916 4538 p.
936 4473 992 4524 308.
1013 4499 1041 4509 -
1068 4475 1109 4524 ts.
1127 4488 1172 4524 rrec
1188 4481 1261 4525 toan.
1281 4471 1328 4526 G'F
1346 4501 1373 4511 —
1395 4477 1435 4527 ts.
1454 4478 1481 4526 irs
1498 4479 1684 4540 qua--r'rroito

357 4547 439 4597 habet
455 4551 530 4598 trus.
544 4550 655 4600 Messius
673 4562 698 4613 p.
711 4549 759 4598 tte
771 4549 798 4598 L.
815 4577 842 4586 -
861 4563 948 4599 veram
964 4563 1047 4599 uocem
1064 4550 1180 4600 elicereO
1198 4553 1291 4601 contra
1309 4563 1384 4602 meos
1402 4554 1515 4602 ettrus.
1531 4579 1558 4588 —
1577 4551 1617 4603 tt.
1627 4566 1685 4616 pos·

357 4629 392 4673 set
409 4625 429 4672 G
448 4651 474 4659 -
494 4625 526 4673 ab
541 4625 594 4675 aito
611 4627 645 4684 G;
672 4624 704 4673 αι
720 4624 791 4674 irritis
808 4625 829 4674 D
849 4649 876 4662 -
896 4629 998 4675 auertat
1010 4624 1151 4674 --sotatas
1167 4624 1244 4675 attert
1258 4626 1376 4676 Donatus
1393 4626 1427 4675 sd
1443 4627 1502 4678 les.
1521 4627 1585 4678 ileo.
1603 4629 1638 4690 ιι,
1657 4631 1682 4691 4,

359 4698 399 4747 lli.
419 4698 539 4760 (astartae
555 4701 608 4762 DS)
628 4727 655 4736 -
683 4700 733 4765 qai]
756 4705 784 4750 ut
805 4701 872 4764 Col,
894 4702 934 4751 ael
954 4702 972 4750 Β
992 4728 1020 4737 -
1046 4701 1087 4750 80.
1103 4701 1181 4763 possit
1197 4702 1217 4751 ll
1235 4727 1262 4737 -
1289 4706 1419 4752 acaaaret
1434 4703 1502 4753 coni.
1521 4704 1632 4755 Ernesti.
1653 4731 1680 4741 -

358 4772 454 4822 Petebat
474 4786 513 4824 me
534 4775 553 4825 tt
577 4801 604 4812 -
631 4776 669 4842 C.]
687 4789 746 4839 ergo
766 4778 833 4828 Det
855 4780 893 4828 sic
916 4778 1023 4841 saepius
1047 4790 1079 4826 ex
1100 4777 1254 4827 contusione
1273 4777 1432 4843 siglorumg
1449 4791 1510 4829 cunr
1527 4791 1617 4842 osup.
1635 4776 1680 4829 lin.

359 4847 392 4909 le
406 4849 472 4912 erpo)
495 4850 523 4899 et
543 4863 560 4912 q
582 4863 644 4900 cum
668 4853 779 4901 accentu
797 4854 852 4903 slve
870 4853 944 4915 signo
961 4851 1081 4902 vocativi.
1102 4877 1130 4887 -
1157 4853 1198 4901 il.
1217 4852 1279 4902 illud
1295 4854 1370 4903 etiam
1387 4854 1429 4905 ed.
1448 4851 1540 4904 lamb.
1559 4852 1632 4903 teto.
1651 4879 1678 4888 -

356 4924 453 4986 pertitas
469 4925 527 4974 teR
547 4951 574 4962 -
592 4927 632 4977 88.
651 4932 696 4976 tac
710 4929 834 4989 patientia
850 4926 878 4978 F¹
897 4955 924 4964 -
949 4929 980 4978 sit
996 4928 1179 4990 madramen.
1196 4941 1258 4976 nam
1274 4929 1364 4979 diceret
1380 4931 1401 4978 G
1420 4955 1447 4964 -
1465 4928 1506 4980 23.
1524 4929 1555 4978 de
1568 4928 1682 4992 toctaors

359 5000 428 5061 apud
442 4999 553 5061 ipsamlt
569 5027 594 5036 -
613 4999 653 5051 il.
666 5002 749 5050 irritas
760 5003 835 5051 DS-
849 5015 955 5066 arguere
967 5004 987 5053 D
1002 5031 1028 5039 -
1042 5017 1100 5052 cam
1111 5003 1171 5053 CF:
1188 5004 1292 5053 siGllO
1309 5007 1337 5054 et
1348 5003 1404 5055 Col.
1419 5030 1446 5040 -
1464 5004 1546 5066 meren
1556 5015 1610 5053 om.
1622 5001 1679 5053 Col.

361 5101 389 5110 -
407 5087 486 5138 prave
501 5076 557 5125 sine
574 5080 610 5125 est
625 5076 659 5135 D;
685 5077 798 5136 iniquam
814 5083 849 5128 ast
865 5078 883 5128 F
901 5103 928 5113 -
952 5079 993 5128 ιιι.
1013 5078 1040 5129 C.
1059 5079 1151 5129 Carra
1167 5079 1188 5129 0
1205 5080 1297 5129 contra
1314 5091 1399 5130 meos.
1420 5105 1446 5116 -
1464 5080 1559 5128 minuet
1575 5075 1630 5128 Col.
1650 5102 1678 5112 -

359 5148 400 5198 27.
420 5151 485 5211 qaod
501 5156 529 5201 tu
545 5153 566 5200 G
583 5176 610 5185 -
638 5151 786 5214 intellegat}
805 5179 832 5188 -
859 5153 900 5204 28.
919 5159 997 5203 sartos
1019 5156 1039 5205 rt
1061 5180 1088 5190 -
1115 5155 1162 5204 loti
1182 5155 1260 5216 ipsr'ra
1279 5155 1306 5204 ai
1326 5155 1438 5205 insolenti
1454 5156 1487 5215 (ις
1513 5154 1591 5216 ipsisu
1610 5153 1681 5202 iaso·

360 5226 440 5278 unua
455 5225 503 5275 loci
519 5227 539 5276 ιι
561 5225 675 5288 (mosem
691 5227 766 5277 stiam
786 5227 833 5278 loct
849 5228 979 5279 insolentia
995 5227 1096 5280 habent
1111 5229 1229 5280 Donatus
1247 5231 1274 5280 et
1290 5230 1454 5296 Eugrspbins
1470 5228 1505 5280 ad
1521 5230 1580 5280 Ter.
1597 5225 1678 5280 Andr.

361 5301 396 5364 V,
414 5300 443 5364 l,
461 5299 494 5364 l).
