4009 6159
689 565 765 632 cu.
787 539 1034 632 444-4444.
1060 561 1107 651 35
1129 562 1280 632 44-44.
1566 558 1646 626 4444

326 739 394 802 4444
416 737 536 823 ceperit
555 737 674 821 quique
695 757 730 801 44
751 737 791 802 414
814 742 944 814 senatu,
970 739 1010 802 ab
1032 737 1195 823 equitibus
1215 735 1366 801 Romanis
1384 732 1568 820 populoque
1590 733 1654 796 llo·

327 853 421 899 mano
449 832 599 896 universo
627 830 763 896 senserit
790 831 891 898 civem
912 852 1019 897 earnm
1040 832 1150 897 baberi
1171 831 1407 914 salutaremque
1426 830 1474 894 444
1494 827 1652 913 publicae,
1795 911 1802 927 ι

326 928 408 992 nibil
428 924 499 992 cuni
519 926 579 991 1444
600 924 698 1009 gloria
720 925 965 1010 comparendum
987 933 1086 1012 putot
1116 927 1242 990 11144444
1256 925 1291 990 C.
1308 924 1453 999 Caesari,
1474 923 1556 1007 patri
1569 920 1653 994 41444,
1713 933 1721 987 i.
1766 925 1793 1003 ,κ’

328 1021 514 1104 contigisset
533 1019 745 1102 adolescenti,
767 1027 803 1082 41
823 1026 909 1084 esset
929 1021 1052 1084 senatui
1074 1025 1170 1103 atque
1187 1018 1308 1104 optimo
1323 1018 1439 1102 444444
1453 1014 1652 1081 carissimus!
1708 1006 1722 1084 ‚i

328 1116 415 1198 quod
437 1135 509 1179 cum
532 1115 686 1198 consequi
708 1113 917 1196 neglexisset,
947 1133 1073 1178 omnem
1094 1115 1158 1179 vim
1180 1114 1316 1196 ingenii,
1345 1130 1429 1197 quae
1450 1127 1572 1175 summa
1593 1107 1676 1172 14414

327 1211 361 1272 44
383 1209 458 1285 4114,
488 1208 521 1271 44
551 1206 695 1291 populari
722 1205 851 1270 levitate
873 1207 1079 1292 consumpsit.
1115 1208 1228 1290 114444
1248 1227 1322 1271 cum
1341 1212 1520 1289 respectum
1540 1203 1582 1267 441
1603 1223 1655 1267 44-

327 1311 435 1369 natum
468 1311 500 1366 ct
525 1301 566 1366 441
588 1302 689 1365 144444
710 1320 776 1365 444
796 1299 943 1375 baberet,
972 1319 1043 1363 cam
1064 1301 1125 1364 sibi
1146 1300 1230 1364 44444
1250 1301 1320 1384 ipse
1340 1297 1493 1384 patefecit
1512 1295 1553 1361 ad
1575 1315 1654 1379 opes

328 1416 401 1461 4444
429 1391 682 1480 amplificandas,
714 1413 811 1478 quam
840 1393 940 1458 virtus
968 1393 1059 1457 liberi
1086 1395 1197 1479 populi
1226 1394 1310 1458 14444
1338 1414 1402 1458 444
1424 1399 1543 1477 posset.
1577 1392 1654 1458 liius

326 1497 431 1555 antem
463 1486 521 1553 lilii
554 1488 738 1572 longissime
771 1487 896 1552 41444444
926 1489 1008 1551 44144
1041 1494 1107 1551 4414
1140 1490 1196 1573 444
1224 1509 1296 1554 cnm
1325 1488 1471 1552 omnibus
1493 1494 1557 1564 est,
1587 1493 1653 1552 1444

326 1586 444 1668 optimo
466 1585 583 1669 cuique
605 1582 795 1646 carissimus.
832 1582 868 1644 ln
889 1581 951 1646 boc
974 1601 1048 1664 spes
1070 1581 1225 1646 libertatis
1245 1582 1350 1667 positu
1370 1588 1436 1658 4414
1458 1582 1499 1645 ab
1518 1580 1582 1646 boc
1602 1588 1692 1646 aoso

326 1684 419 1761 cepta
446 1677 510 1740 iam
539 1676 646 1752 4414444
674 1673 750 1739 14444
778 1675 896 1752 summi⁸
919 1675 1058 1740 bonores
1087 1683 1119 1740 41
1149 1677 1362 1760 exquiruntur
1383 1683 1416 1740 41
1441 1677 1543 1760 parati
1570 1683 1654 1741 sunt.

327 1769 377 1834 bt.
402 1771 499 1835 Cuius
521 1769 620 1853 igitur
642 1769 833 1852 singularem
856 1769 1056 1852 prudentiam
1070 1769 1279 1845 admiramur,
1301 1770 1372 1834 eius
1386 1769 1550 1834 4144114144444
1563 1770 1656 1835 time-

326 1868 418 1929 44441
461 1864 547 1940 04141
581 1864 665 1928 enim
696 1863 824 1927 stultius
852 1883 948 1946 quam
976 1864 1120 1927 inutilem
1149 1865 1341 1948 potentiam,
1371 1863 1544 1929 invidiosas
1566 1883 1655 1949 opes,

327 1959 532 2043 cupiditatem
560 1956 746 2022 dominandi
774 1959 978 2040 praecipitem
1000 1964 1033 2021 41
1061 1957 1212 2021 lubricam
1233 1956 1392 2023 anteferre
1412 1975 1523 2035 44444,
1551 1959 1655 2043 gravi,

328 2052 449 2117 solidae
470 2052 611 2136 gloriaet
632 2055 682 2116 An
703 2051 765 2116 1444
786 2050 866 2116 vidit
885 2071 982 2134 puer:
1011 2052 1039 2116 44
1060 2057 1163 2115 441414
1184 2051 1392 2135 processerit,
1420 2071 1486 2116 non
1507 2052 1693 2117 ridebitlts

327 2146 369 2209 st
389 2154 437 2211 est
458 2147 650 2231 quibusdam
670 2145 819 2210 inimicus
840 2144 1023 2209 clarissimis
1044 2152 1142 2229 41444
1157 2145 1285 2229 optimis
1299 2145 1433 2211 civibus.
1468 2146 1581 2212 Nullus
1593 2148 1655 2212 4414

326 2240 423 2306 timor
454 2261 524 2305 esse
556 2240 661 2304 debet
705 2239 824 2303 Omnes
856 2237 971 2302 Caesar
997 2238 1178 2303 inimicitias
1199 2239 1246 2302 rei
1276 2239 1423 2323 publicae
1445 2239 1655 2306 condonarit:

326 2332 409 2396 banc
431 2335 492 2398 sibi
513 2334 653 2398 iudicem
675 2331 852 2406 constituit,
873 2331 956 2395 banc
977 2331 1218 2397 moderatricem
1239 2333 1380 2396 omnium
1400 2335 1595 2399 4444414444444
1608 2341 1656 2400 41-

327 2445 391 2509 444
411 2425 577 2491 factorum.
610 2428 659 2490 114
681 2427 765 2490 enim
788 2427 829 2490 ad
850 2424 1097 2510 rempublicam
1118 2426 1268 2503 accessit,
1297 2433 1334 2490 41
1354 2446 1424 2490 cam
1445 2424 1656 2505 confirmaret,

326 2539 393 2582 non
413 2527 634 2585 41444414441.
670 2519 789 2584 Omnes
817 2518 921 2584 babeo
943 2518 1087 2603 cognitos
1108 2540 1221 2585 444444
1242 2519 1463 2585 adolescentis.
1498 2521 1585 2586 Nibil
1605 2531 1692 2588 44144

327 2613 375 2676 4114
403 2633 438 2676 44
465 2614 592 2698 publica
622 2615 741 2690 carius,
773 2613 854 2678 nibil
881 2619 987 2678 444144
1013 2615 1200 2680 auctoritate
1221 2612 1364 2698 gravius,
1395 2613 1478 2678 nibil
1498 2615 1655 2681 bonorum
1715 2607 1728 2636 ⁸

326 2707 468 2771 virorum
498 2708 615 2772 iudicio
645 2708 801 2793 optatius,
829 2707 909 2771 nibil
931 2727 1006 2772 4444
1028 2709 1128 2791 gloria
1148 2708 1284 2774 dulcius.
1326 2702 1378 2786 bl.
1401 2707 1654 2784 Quamobrem

327 2801 366 2865 414
390 2821 428 2866 eo
450 2822 515 2866 non
538 2800 633 2866 modo
654 2801 735 2866 nibil
757 2802 884 2878 timere,
907 2802 964 2866 sed
986 2804 1108 2867 4444444
1130 2809 1163 2867 41
1176 2802 1308 2867 meliora
1323 2809 1508 2886 exspectare
1521 2802 1654 2879 debetis,

325 2917 431 2982 neque
461 2897 496 2961 in
525 2915 582 2972 44,
613 2897 668 2981 444
696 2895 737 2960 441
764 2897 801 2960 D.
823 2897 955 2959 Brutum
982 2895 1150 2960 obsidione
1177 2895 1377 2961 liberandum
1406 2895 1568 2982 profectus
1597 2897 1653 2972 441,

325 2991 453 3068 timere,
475 3011 517 3054 44
538 2990 691 3055 memoria
712 2996 838 3054 moneat
857 2988 1024 3053 domestici
1040 2989 1176 3066 doloris,
1198 3009 1282 3075 4444
1302 2991 1375 3075 plus
1388 2991 1473 3075 apud
1488 3009 1560 3054 eum
1581 3001 1693 3075 pos-st

326 3087 368 3150 sit
388 3105 484 3171 quam
506 3085 591 3150 44144
614 3085 756 3149 444414144.
788 3083 922 3148 Audebo
944 3083 1040 3148 ctiam
1056 3083 1197 3167 obligare
1210 3082 1306 3148 fidem
1319 3103 1436 3160 meam,
1457 3091 1563 3170 patres
1579 3103 1655 3148 con·

326 3179 451 3262 scripti,
480 3179 570 3242 441444
591 3179 776 3264 populoque
797 3179 940 3241 Romano
960 3177 1073 3262 reique
1094 3178 1258 3261 publicae:
1289 3178 1375 3264 quod
1395 3178 1552 3265 profecto,
1580 3199 1654 3243 cnm

327 3289 377 3336 me
399 3273 488 3337 nulla
507 3273 556 3337 444
579 3279 722 3356 cogeret,
744 3270 849 3336 lacera
862 3291 929 3335 non
944 3271 1111 3347 auderem,
1133 3272 1454 3357 pertimesceremque
1467 3273 1502 3336 in
1515 3272 1654 3336 maxima

326 3385 361 3430 re
382 3367 593 3450 periculosam
609 3367 792 3450 opinionem
806 3365 1006 3430 temeritatis:
1031 3367 1198 3450 promitto,
1218 3366 1351 3450 recipio,
1372 3367 1526 3452 spondeo,
1546 3375 1653 3452 patres

326 3461 511 3546 conscripti,
534 3461 568 3526 C.
592 3460 759 3525 Caesarem
782 3460 878 3526 talem
899 3480 1027 3544 semper
1047 3459 1115 3524 iore
1137 3460 1255 3537 civem,
1277 3460 1690 3547 44414414144441444-44

325 3552 452 3638 lemque
473 3573 546 3620 sum
568 3555 707 3622 maxime
730 3554 811 3620 44114
834 3575 905 3619 esse
926 3560 960 3620 41
979 3560 1094 3638 optare
1114 3555 1275 3620 debemus.

409 3649 496 3713 XIX.
519 3645 571 3712 52.
593 3649 684 3726 Quae
707 3669 779 3714 cum
800 3648 845 3714 ita
868 3649 946 3723 sint,
972 3646 1013 3711 de
1035 3648 1168 3713 11444444
1190 3647 1266 3712 44144
1286 3648 1513 3732 boctemporc
1532 3649 1653 3715 dictam

323 3741 457 3808 habebo.
497 3745 663 3810 11444444
694 3744 735 3808 414
762 3745 798 3808 L.
819 3742 1026 3827 Egnatuleio,
1053 3741 1226 3807 fortissimo
1255 3748 1288 3806 et
1316 3742 1571 3808 constantissimo
1591 3743 1653 3839 4444
1768 3733 1803 3841 ζ

324 3837 580 3926 amicissimoque
601 3839 648 3902 rei
670 3838 835 3923 publicae,
857 3836 1015 3901 silendum
1036 3834 1188 3912 arbitror,
1210 3837 1268 3901 sed
1289 3835 1491 3902 tribuendum
1511 3837 1654 3902 testimo·

324 3933 413 3997 nium
434 3933 559 3998 virtutis
588 3933 752 4017 egregiae,
782 3931 871 4017 qnod
898 3932 927 3996 is
954 3930 1112 4015 legionem
1133 3937 1279 4015 44441444
1302 3930 1344 3995 ad
1366 3929 1690 3998 (144444444441414-44

392 4215 415 4266 1.
433 4211 540 4278 coeperit
555 4213 578 4264 V
596 4237 624 4248 —
647 4211 766 4265 1144444444
787 4210 886 4266 delerit
901 4214 1058 4278 Naugerius.
1078 4237 1107 4252 -
1130 4226 1248 4265 romscot
1263 4211 1287 4263 V
1305 4239 1332 4251 -
1354 4211 1651 4265 semicrustas:

325 4287 423 4340 4144444444
440 4290 480 4340 11
499 4317 528 4328 -
545 4287 570 4339 3.
587 4288 757 4352 4444411441
775 4285 1654 4353 -14414111-8444114411-144414-4144444441

328 4389 356 4402 -
374 4370 410 4416 441
431 4377 484 4416 om.
503 4364 526 4424 i;
554 4364 619 4422 114
645 4377 703 4414 com
723 4363 835 4414 4444441144
857 4379 933 4416 comcs
948 4371 984 4418 441
1000 4367 1068 4417 4441.
1087 4365 1247 4417 1144414414
1264 4376 1350 4427 marg.
1369 4361 1483 4428 exempli
1499 4363 1552 4425 sui,
1580 4361 1653 4427 quod

326 4439 411 4488 exstat
433 4439 459 4489 in
481 4437 640 4489 bibliotheca
663 4435 765 4500 collegii
786 4439 909 4502 Romani;
934 4443 962 4492 41
977 4453 1003 4491 v.
1021 4439 1134 4504 iladvig.
1152 4439 1249 4506 opusc.
1267 4440 1305 4501 il,
1325 4451 1352 4504 p.
1370 4438 1419 4490 28⁰
1435 4440 1491 4489 not.
1509 4436 1652 4489 41444441

325 4524 365 4562 or.
383 4513 463 4564 Arcb.
481 4512 497 4578 5
514 4515 529 4563 b
546 4513 572 4564 in
590 4513 633 4565 ed.
651 4513 721 4580 lips.
742 4540 770 4551 -
792 4515 833 4566 10.
848 4516 954 4580 positast
973 4529 991 4566 44
1011 4515 1095 4566 14441
1120 4539 1148 4550 -
1176 4515 1218 4565 11.
1236 4513 1375 4576 41444414.
1393 4512 1429 4562 V:
1456 4517 1548 4563 41444.
1566 4513 1604 4563 io
1622 4537 1650 4549 -

326 4588 366 4638 11.
384 4587 564 4638 441401144441
581 4614 608 4625 -
628 4587 669 4640 11.
686 4589 905 4654 44441444144141
923 4619 950 4629 -
971 4590 1012 4642 ii.
1030 4588 1277 4653 4414444141-17,
1296 4586 1425 4638 4444441411
1444 4613 1469 4626 -
1491 4587 1531 4638 ts.
1543 4587 1654 4638 4444414444

325 4662 587 4726 414441441444444414
606 4665 858 4729 mecumtecum
874 4666 896 4728 14
914 4667 1075 4718 conditones
1090 4661 1224 4728 supplevit
1240 4663 1370 4725 Faernus,
1388 4661 1437 4714 sod
1454 4662 1515 4713 ante
1527 4661 1651 4722 4444144444

326 4737 359 4790 41.
379 4737 442 4789 Pbil.
460 4739 497 4801 li,
516 4739 547 4804 §5
564 4740 605 4790 20.
623 4739 664 4792 2³.
683 4740 718 4792 de
735 4754 811 4806 prov.
830 4755 904 4794 cons.
922 4741 938 4806 4
954 4741 996 4792 40.
1018 4767 1045 4777 -
1064 4740 1104 4791 to.
1122 4739 1160 4788 tto
1175 4737 1241 4788 44444
1256 4742 1285 4788 441
1300 4737 1367 4788 444144
1382 4736 1417 4786 cd
1432 4736 1455 4786 V
1469 4762 1496 4773 —
1514 4737 1556 4788 10.
1574 4738 1654 4788 44444444

326 4813 1078 4880 14-41.441444141444444441-1144144414-
1099 4811 1275 4864 4314411441
1293 4839 1321 4850 -
1338 4811 1401 4861 411411
1415 4810 1438 4860 V
1454 4810 1496 4861 bis
1512 4808 1603 4863 babet.
1622 4837 1650 4848 -

325 4886 367 4938 26.
385 4887 480 4938 audebo
495 4888 527 4950 V,
545 4889 594 4941 sed
612 4890 671 4942 dsbo
687 4902 724 4941 m.
741 4891 759 4941 1
775 4891 801 4941 in
819 4904 888 4952 ras.;
912 4903 974 4943 4444
997 4889 1075 4942 144114
1096 4889 1178 4940 audeo
1195 4885 1312 4938 videtur.
1332 4912 1360 4923 —
1383 4887 1425 4938 st.
1442 4884 1513 4937 uobis
1532 4899 1560 4949 p.
1578 4899 1603 4949 q.
1620 4887 1652 4937 11.

327 4963 479 5025 1144414
497 4964 732 5027 commestam.
751 4965 759 5014 1
778 4993 806 5003 -
824 4961 1420 5030 4414444411-444411444444444444441-
1438 4959 1650 5012 4441444414

325 5049 355 5086 44
376 5051 449 5089 mcc.
467 5039 505 5089 i0
523 5065 550 5078 -
574 5041 616 5091 19.
635 5039 796 5102 tempestato
816 5042 852 5102 V;
876 5043 937 5108 post
957 5039 1155 5091 14444.Ε4444114
1175 5037 1310 5103 quaedam
1331 5036 1454 5088 ridentur
1474 5032 1651 5094 intercidisse,

327 5109 415 5162 velut:
441 5112 490 5162 44441
506 5126 562 5165 eum
576 5115 820 5179 44144444444444414444
835 5115 960 5168 1441444444.
980 5142 1008 5152 -
1026 5115 1068 5166 30.
1085 5114 1142 5178 [444
1158 5113 1181 5163 1
1202 5141 1230 5152 -
1257 5113 1317 5165 1441.
1334 5113 1405 5163 144114
1421 5116 1457 5163 441
1480 5135 1508 5147 -
1531 5109 1573 5160 31.
1589 5107 1653 5157 aelle

328 5186 825 5242 ecceVi:esseoclleocuml·'adrno.
849 5217 872 5230 -
893 5181 1652 5255 33.delepotulsptov-ciciV:ctaei-3i.omi-

328 5261 461 5325 4444444444
476 5277 500 5314 r.
514 5276 543 5326 p.
560 5262 593 5314 V.
