4009 6159
730 524 803 592 cn.
826 525 893 590 vn.
921 522 968 608 se
990 521 1138 590 u-ir.
1542 525 1605 592 sar

277 703 370 780 atque
393 695 585 770 odorantur,
612 695 646 758 bi
668 704 743 760 sunt
763 695 943 760 conditores
965 693 1238 781 instructoresque
1261 699 1416 774 convivii3
1441 698 1526 764 idem
1548 718 1604 762 ex·

276 789 418 875 pendunt
449 796 547 874 atque
579 791 747 854 aestimant
779 791 955 873 voluptates
984 792 1236 874 sententiamque
1260 792 1369 856 dicunt
1390 801 1423 857 et
1449 793 1603 868 iudicant,

276 891 426 969 quantum
456 884 573 967 cuique
601 883 725 948 libidini
755 884 957 948 tribuendum
980 905 1050 947 esse
1071 885 1226 949 videatur.
1262 886 1384 950 Horum
1406 887 1460 950 illo
1481 887 1604 951 artibus

276 979 415 1043 eruditus
445 979 488 1042 ita
518 980 708 1061 contempsit
734 979 815 1042 hauc
845 978 1108 1062 pudentissimum
1130 980 1307 1054 civitatem,
1339 988 1376 1044 ut
1397 1000 1509 1068 omnes
1531 1001 1604 1044 suas

273 1073 440 1147 libidines,
468 1073 574 1136 omnia
603 1071 721 1154 flagitia
750 1071 849 1134 latere
871 1091 966 1154 posse
988 1073 1207 1148 arbitraretur,
1237 1076 1264 1136 si
1286 1074 1382 1138 modo
1403 1075 1526 1138 vultum
1546 1076 1629 1138 im-c

273 1177 446 1251 portunum
467 1165 501 1228 in
523 1165 625 1230 iorum
648 1165 823 1229 detulisset.
866 1167 933 1229 Vll.
956 1167 986 1230 ls
1009 1187 1076 1242 me,
1099 1186 1292 1251 quamquam
1315 1189 1366 1231 me
1389 1168 1518 1253 quidem
1539 1189 1605 1230 non

274 1295 313 1308 -
334 1279 505 1344 cognoram
535 1261 619 1324 enim
650 1267 781 1345 proptor
806 1260 956 1324 Pisonum
985 1261 1186 1336 affinitatem,
1217 1282 1312 1345 quam
1342 1263 1437 1346 longo
1458 1262 1544 1326 hunc
1565 1263 1604 1325 ab

273 1355 333 1418 boc
359 1373 477 1436 genere
507 1355 652 1436 cognatio
680 1362 821 1418 materna
851 1355 1051 1437 Transalpini
1073 1356 1236 1437 sanguinis
1257 1356 1440 1422 abstulisset
1460 1391 1519 1432 -—,
1547 1356 1604 1420 sed

272 1469 328 1511 vos
358 1447 579 1532 populumque
608 1451 784 1513 Romanum
825 1468 889 1512 non
918 1451 1052 1513 oonsilio
1079 1470 1187 1533 neque
1216 1451 1416 1533 eloquentia,
1450 1451 1537 1533 quod
1571 1451 1604 1514 in

1715 1003 1735 1077 ν1

274 1543 382 1606 multis
416 1561 511 1626 saepe
545 1542 677 1617 accidit,
710 1541 767 1604 sed
796 1544 882 1624 rugis
908 1545 1144 1627 supercilioque
1167 1545 1302 1628 decepit
1346 1540 1398 1608 to.
1419 1543 1497 1608 Luci
1519 1545 1603 1618 Piso,
1614 1559 1643 1605 tc
1741 1599 1755 1609 .

273 1646 349 1702 tune
372 1656 468 1702 ausus
490 1656 524 1699 es
546 1638 609 1700 isto
632 1637 744 1710 oculo,
774 1656 839 1700 non
862 1637 964 1702 dicam
987 1639 1048 1711 isto
1070 1637 1193 1713 animo,
1216 1639 1276 1722 ista
1297 1637 1419 1712 fronte,
1442 1658 1506 1702 non
1528 1639 1604 1713 vita,

275 1739 360 1796 tanto
388 1731 577 1813 supercilio,
609 1749 673 1794 nou
703 1731 787 1794 enim
817 1751 947 1814 possum
970 1731 1074 1795 dicere
1096 1733 1193 1795 tantis
1214 1732 1309 1795 rebus
1332 1734 1445 1814 gestis,
1473 1753 1544 1796 cum
1565 1735 1602 1796 A.

273 1826 409 1890 Gabinio
441 1825 622 1889 consociare
655 1825 788 1888 consilia
816 1827 916 1908 pestis
946 1829 1057 1888 meaei
1077 1803 1167 1892 (Non
1193 1833 1224 1888 te
1253 1825 1339 1889 illius
1369 1834 1603 1908 ungnentorum

274 1919 371 1994 odor,
399 1939 466 1983 non
493 1919 558 1983 vini
589 1919 765 1993 anhelitus,
795 1939 858 1982 non
879 1919 966 1984 frons
989 1919 1159 1984 calamistri
1181 1926 1291 1983 notata
1312 1919 1455 2003 vestigiis
1476 1923 1510 1984 in
1532 1942 1603 1986 eam

274 2014 498 2097 cogitationem
523 1993 797 2116 adducpbat,)ut,
830 2033 901 2078 oum
929 2015 1016 2078 illius
1044 2035 1079 2077 re
1108 2014 1220 2078 similis
1248 2014 1381 2088 luisses,
1409 2013 1523 2080 frontis
1546 2017 1641 2082 tibiis
1704 2081 1724 2096 ,
1804 2045 1808 2053 ‚

273 2109 481 2191 integimento
510 2108 550 2170 ad
579 2104 768 2171 occultanda
789 2115 876 2170 tanta
904 2109 1024 2190 flagitia
1051 2107 1171 2173 diutius
1195 2109 1241 2172 uti
1267 2127 1332 2171 non
1357 2110 1489 2172 liceret?
1523 2110 1603 2172 Cum

273 2207 332 2268 hoo
355 2210 390 2266 tu
413 2203 497 2267 coire
519 2221 615 2266 ausus
637 2221 687 2275 es,
711 2209 747 2264 ut
767 2202 965 2265 consularem
981 2201 1184 2285 dignitatem,
1207 2208 1242 2265 ut
1255 2203 1302 2266 rei
1316 2202 1463 2286 publicae
1477 2211 1602 2279 statum,

273 2307 308 2362 ut
336 2303 466 2360 senatus
496 2295 736 2368 auctoritatem,
765 2303 801 2358 ut
830 2297 905 2358 ciris
935 2297 1052 2380 optime
1075 2297 1179 2360 meriti
1201 2296 1345 2360 fortunas
1367 2298 1602 2380 provinciarum

272 2393 401 2457 foedere
431 2390 620 2454 addiceres?
653 2391 699 2452 'le
728 2389 879 2464 consule,
910 2392 972 2454 tuis
995 2390 1105 2454 edictis
1127 2398 1160 2453 et
1181 2391 1323 2473 imperiis
1344 2392 1468 2455 senatui
1489 2392 1601 2475 populi

274 2485 408 2550 Romani
430 2504 493 2548 non
516 2492 565 2547 est
586 2483 706 2547 licitum
729 2503 792 2546 non
815 2484 911 2548 modo
933 2485 1098 2548 sententiis
1120 2492 1215 2568 atque
1238 2486 1424 2550 auctoritate
1446 2507 1518 2572 sua,
1544 2486 1637 2550 sedat

274 2601 313 2646 ne
335 2581 422 2644 luctu
444 2578 572 2662 quidem
595 2596 632 2640 ao
653 2577 769 2641 vestitu
791 2579 836 2642 rei
857 2579 1001 2661 publicae
1024 2578 1203 2642 subvenire.
1246 2574 1297 2640 l7.
1315 2579 1480 2661 Capuaene
1498 2588 1602 2663 tepu-

273 2676 378 2748 tabas,
406 2673 441 2736 in
463 2691 527 2755 qua
549 2671 627 2734 urbe
651 2671 846 2734 domicilium
869 2672 1028 2755 quondam
1051 2672 1218 2757 superbiae
1239 2673 1316 2747 fuit,
1347 2673 1509 2737 consulem
1530 2694 1600 2737 esse

276 2767 369 2853 [sicut
389 2787 460 2830 eras
482 2786 521 2829 eo
542 2760 711 2849 tempore],
732 2785 772 2828 an
795 2765 922 2840 Romae,
945 2767 979 2828 in
1002 2787 1066 2851 qua
1088 2768 1214 2831 civitate
1236 2786 1348 2832 omnes
1365 2775 1439 2830 ante
1455 2789 1511 2832 vos
1525 2787 1600 2831 oon-

273 2864 359 2926 sules
381 2861 505 2926 senatui
526 2863 722 2943 paruerunt?
757 2862 803 2924 Tu
827 2879 860 2922 es
882 2879 979 2924 ausus
1002 2861 1037 2924 in
1059 2861 1143 2924 circo
1157 2861 1315 2925 Flaminio
1335 2864 1510 2943 productus
1528 2882 1599 2927 cum

273 2965 327 3021 tuo
349 2956 407 3019 illo
427 2973 503 3038 pare
524 2954 630 3017 dicere
651 2961 682 3018 te
705 2974 829 3038 semper
850 2955 1087 3018 misericordem
1108 2954 1231 3020 fuisset
1256 2975 1320 3039 quo
1335 2955 1432 3019 verbo
1455 2962 1638 3020 senatumne

273 3059 369 3134 atquc
391 3067 502 3112 omnes
523 3048 625 3113 bonos
646 3055 730 3125 tum,
760 3069 833 3113 cum
854 3068 873 3112 a
894 3051 996 3132 patria
1017 3056 1139 3132 pestem
1168 3051 1357 3131 depellerem,
1379 3050 1523 3115 crudeles
1543 3050 1600 3114 de-

336 3349 362 3398 t.
381 3347 557 3400 :munuum
572 3349 614 3398 ost
629 3339 707 3412 ἅπαξ
723 3345 892 3415 λεγόμενον,
911 3347 1026 3412 ideoque
1042 3345 1120 3411 longe
1131 3346 1254 3412 praefero
1264 3346 1407 3398 lectionem
1418 3348 1450 3399 il.
1463 3360 1506 3413 ep.
1519 3351 1598 3402 Beck.

272 3420 300 3485 [i.
318 3436 342 3474 e.
361 3423 444 3474 oxon.
462 3423 494 3487 ll]
512 3429 700 3486 structoresque.
727 3426 877 3475 structores
898 3424 997 3487 passim
1020 3424 1047 3473 in
1064 3424 1196 3485 inscripti.
1213 3423 1422 3472 memorantur.»
1440 3424 1541 3474 Oreum.
1567 3426 1601 3476 itt

271 3498 299 3549 b.
318 3494 335 3547 l.
355 3510 408 3549 non
426 3501 468 3548 est
484 3511 574 3549 sermo
591 3498 625 3548 de
642 3499 727 3550 servis
751 3498 910 3549 serculorum
928 3496 1150 3561 compositoribus
1169 3499 1215 3547 aut
1232 3497 1265 3546 de
1283 3510 1314 3546 ea
1332 3498 1512 3549 conviviorum
1529 3502 1600 3549 stru-

272 3575 347 3624 ctura
365 3585 446 3637 quam
463 3574 549 3625 hebes
566 3576 591 3624 in
608 3575 668 3624 Tuo.
687 3577 754 3625 Ann.
772 3575 825 3637 XV,
845 3575 889 3635 37,
908 3573 956 3625 sed
974 3573 1008 3624 de
1026 3575 1057 3624 iis
1074 3574 1119 3637 qui
1137 3571 1188 3623 boc
1206 3573 1336 3624 curabant
1347 3576 1377 3623 ut
1388 3574 1506 3622 convivia
1518 3575 1601 3623 omni·

272 3649 323 3700 bus
341 3647 443 3700 deliciis
460 3649 567 3700 condita
584 3651 664 3713 atque
681 3650 808 3701 instructa
827 3651 925 3700 essent.
952 3650 990 3700 Ci.
1011 3651 1038 3698 in
1051 3649 1126 3698 verr.
1140 3649 1182 3710 lv,
1201 3647 1216 3712 5
1234 3648 1274 3698 62.
1289 3674 1316 3684 -
1335 3649 1399 3698 idem
1415 3649 1508 3698 PGE:
1526 3650 1601 3698 iidem

272 3723 319 3772 SO
337 3747 365 3757 ·-
384 3723 409 3773 2.
428 3723 572 3774 cetetonem
589 3725 608 3774 E
627 3751 654 3760 -
674 3724 698 3774 3.
718 3725 778 3787 quid
793 3730 845 3774 tum
862 3728 879 3775 S
899 3753 925 3762 -
944 3723 968 3775 l.
985 3723 1189 3786 pudentissimum
1206 3723 1239 3772 E:
1260 3722 1482 3785 prudmtbdmom
1497 3725 1600 3774 PGSO

272 3800 300 3849 et
317 3796 396 3848 codd.
415 3797 535 3864 plerique
554 3799 611 3863 (sed
630 3802 671 3852 est
686 3801 712 3850 in
730 3803 749 3850 P
764 3813 781 3862 p
798 3813 831 3849 ex
848 3813 928 3857 corr..
946 3800 971 3850 in
990 3811 1044 3862 quo
1061 3797 1167 3848 videtur
1183 3797 1280 3848 tuisse:
1300 3797 1599 3863 bonccmdcsttarimom).

274 3901 302 3910 -
321 3874 478 3939 ονιιοιὶιΡ-Ι
497 3875 789 3938 emmeramensem
803 3889 843 3926 mc
858 3876 957 3938 quidem
972 3888 1023 3924 uon
1039 3877 1073 3924 P:
1091 3876 1113 3924 is
1128 3888 1167 3924 nse
1183 3875 1601 3939 quanquomtquoodomG)equi-

272 3949 327 3999 doru
342 3963 394 4000 ooo
410 3951 472 4006 ds;
498 3951 540 4000 aed
561 3963 601 4000 mc
626 3963 781 4013 quamquam
796 3951 895 4012 quidem
910 3951 1012 4000 mininie
1028 3964 1078 3999 ooo
1094 3949 1141 4001 EF
1159 3949 1216 4008 (sed
1232 3949 1250 3998 P
1266 3948 1369 3998 crimme
1384 3950 1505 4012 quidem),
1528 3951 1600 4001 unde

272 4023 387 4074 coniecit
404 4025 547 4076 Graevius:
571 4026 648 4078 ianae
665 4027 762 4089 quidem
778 4027 879 4078 minimo
900 4027 929 4088 tir
943 4040 994 4075 noo
1010 4038 1050 4075 ose
1062 4053 1089 4062 -
1102 4037 1211 4086 nomque
1225 4025 1338 4086 squidem
1353 4037 1491 4088 copnorom
1506 4025 1598 4077 bamb.

272 4100 298 4150 in
315 4098 409 4162 marg.)
428 4125 456 4136 —
475 4101 500 4150 i.
518 4115 654 4165 coquorum
670 4102 736 4152 euim
752 4102 801 4154 PG
814 4102 871 4164 (sed
887 4105 913 4152 in
930 4104 949 4152 P
967 4104 1010 4154 est
1025 4098 1043 4150 ᾶ
1060 4102 1086 4150 in
1103 4113 1157 4151 res.
1171 4101 1197 4149 et
1208 4103 1296 4152 anter
1311 4102 1377 4150 item
1388 4113 1469 4164 parva
1481 4101 1598 4162 rasural:

271 4179 454 4240 copsoscoctss·
471 4176 644 4239 (semicrustas
660 4177 685 4240 Pl
703 4190 720 4226 a
735 4189 775 4227 mc
790 4178 842 4227 tom
860 4179 920 4237 EF;
942 4189 1080 4242 ooosorom
1096 4188 1153 4225 cum
1169 4176 1186 4224 S
1203 4201 1230 4210 -
1258 4176 1414 4239 adfinitatem
1430 4177 1449 4224 P
1468 4201 1494 4210 -
1515 4175 1599 4240 quom]

272 4263 427 4320 quqomuosrs
444 4250 491 4301 EF
509 4277 536 4287 -
555 4252 620 4302 bunc
637 4265 689 4304 om.
709 4251 728 4302 E
748 4277 774 4289 -
794 4253 818 4302 8.
837 4253 977 4315 optinuisset
994 4254 1013 4301 P
1030 4277 1057 4286 -
1083 4250 1123 4300 ⁴0.
1141 4255 1177 4300 act
1192 4252 1228 4310 P;
1253 4251 1274 4299 rt
1290 4251 1310 4300 E
1330 4276 1357 4284 -
1376 4250 1437 4299 tou
1452 4251 1515 4298 PG:
1534 4251 1561 4299 l..
1581 4251 1601 4300 E

272 4328 318 4377 So
337 4353 364 4364 -
384 4327 425 4377 ti.
444 4331 515 4376 tassio
531 4341 585 4378 om.
604 4328 651 4380 EF
669 4354 696 4364 -
716 4329 792 4378 tontis
806 4328 880 4378 rebus
894 4328 967 4391 pestis
985 4327 1016 4376 E:
1041 4324 1289 4388 occupassem
1312 4325 1600 4388 compessessori.

273 4404 300 4453 et
317 4399 396 4451 codd.
415 4398 490 4460 rell.;
514 4404 590 4452 tontis
613 4401 701 4466 [robae]
723 4404 797 4466 pestis
813 4403 843 4453 0.
875 4405 930 4453 lam
952 4403 1031 4466 igitur
1051 4401 1095 4452 bic
1111 4398 1186 4450 loeus
1203 4412 1235 4449 ex
1253 4399 1284 4448 iis
1302 4399 1458 4450 eximendus
1476 4401 1518 4448 est
1534 4412 1602 4462 quos

272 4474 428 4541 Nipperdey
444 4476 555 4528 contulit
570 4477 603 4528 ad
622 4478 729 4542 Nepotis
746 4478 913 4530 Timotheum
931 4477 956 4538 l,
975 4479 999 4528 6.
1016 4503 1044 4512 -
1063 4477 1094 4527 A.
1111 4477 1160 4526 PE
1178 4478 1204 4524 et
1221 4477 1282 4538 Lag.
1297 4476 1344 4525 to:
1364 4489 1417 4525 om.
1437 4475 1484 4524 GS
1501 4477 1528 4524 et
1544 4472 1601 4526 rell.

272 4553 351 4615 lagg.
370 4577 404 4588 —-
421 4551 461 4601 tl.
480 4555 580 4606 noiomo
596 4553 616 4603 P
633 4553 673 4616 (er
690 4557 810 4612 colunto,
829 4555 858 4602 ut
873 4552 1000 4616 ridetur);
1024 4556 1120 4601 annoto
1137 4553 1173 4608 (ὶς
1195 4555 1317 4600 cunctata
1333 4551 1368 4607 E;
1391 4553 1460 4600 torta
1476 4549 1494 4598 S
1512 4576 1539 4586 —
1561 4550 1601 4600 ⁴5.

272 4628 437 4692 coqnttiousm
453 4629 470 4679 s
488 4653 515 4664 -
544 4628 585 4678 46,
602 4628 760 4691 tmspbueuto
780 4629 869 4678 PGs:
895 4629 1062 4690 isswffisncsto
1079 4627 1129 4677 ΕΟ
1147 4626 1349 4689 (moeqnmsotsmr
1365 4623 1448 4676 babet
1464 4623 1523 4674 eod.
1542 4625 1604 4674 Am·

272 4701 415 4754 brosianus
432 4702 459 4752 in
475 4701 559 4754 Plauti
575 4703 646 4754 Trin.
665 4705 702 4764 ΙΙ,
720 4706 751 4765 2,
769 4703 820 4766 32.)
840 4731 867 4742 —
887 4705 927 4754 ti.
946 4709 974 4753 tu
990 4703 1052 4754 EF:
1070 4713 1124 4752 om.
1142 4702 1217 4752 PGS
1234 4702 1262 4752 et
1278 4702 1357 4764 Legg.
1377 4726 1405 4737 -
1424 4700 1465 4750 t8.
1483 4699 1603 4761 opttth

274 4805 304 4817 -
319 4779 510 4841 prmsbmonsu
526 4779 545 4828 P
564 4805 591 4816 -
610 4779 652 4828 tt.
667 4779 755 4841 popssti
769 4781 799 4830 li.
817 4779 880 4831 PE:
898 4779 967 4828 aa.
988 4777 1112 4840 8Lsgg.;
1126 4777 1220 4839 popolo
1235 4777 1313 4833 ll.G;
1329 4773 1602 4838 poposceramus.

274 4852 342 4916 rell,
360 4855 381 4904 0
393 4879 421 4890 -
440 4854 482 4904 20.
495 4858 569 4916 otth
585 4865 638 4904 om.
652 4855 699 4904 EF
712 4880 739 4891 -
763 4855 804 4905 tt.
817 4855 893 4919 tracto]
909 4853 980 4902 multu
996 4853 1053 4912 EF,
1070 4852 1120 4904 sed
1136 4852 1224 4902 firmat
1240 4852 1309 4902 asoto
1318 4852 1399 4901 etiam
1410 4848 1497 4900 Sobol.
1511 4875 1539 4886 -
1554 4850 1604 4900 Co·

270 4943 357 4992 paone
372 4932 435 4980 G-
453 4929 485 4993 tc]
502 4929 824 4980 uuooeontrasohol.
839 4957 865 4966 -
882 4929 1035 4992 pobosP-
1053 4929 1232 4980 22.comutsm
1246 4927 1445 4978 transuere
1460 4953 1486 4964 -
1505 4925 1546 4975 2³.
1559 4938 1603 4974 vv.

272 5005 336 5054 simet
351 5015 410 5054 oros
425 5015 454 5054 eo
465 5008 574 5066 ternpore
584 5002 683 5056 delevit
694 5007 850 5056 Garatonius
863 5005 904 5067 tt).
917 5032 944 5041 -
963 5003 1071 5054 consolor
1087 5005 1158 5069 Ppr.
1171 5016 1207 5053 m.
1220 5031 1248 5040 -
1261 5002 1303 5053 m.
1315 5003 1413 5067 domim
1424 5003 1457 5059 P;
1475 5000 1605 5064 {torrsisico

272 5079 293 5130 E
307 5102 335 5115 -
354 5075 396 5129 tc.
411 5092 478 5142 poro
492 5081 523 5130 P:
538 5079 601 5142 pori
612 5078 689 5130 codd.
704 5079 762 5132 rell.
775 5083 803 5130 et
813 5081 843 5132 0.
862 5081 901 5130 Gt.
915 5079 1017 5130 Cbsris.
1030 5091 1058 5143 p.
1068 5077 1100 5129 tl
1111 5079 1155 5128 ed.
1166 5080 1193 5129 P.
1207 5105 1231 5118 ·-
1246 5091 1342 5142 semper
1352 5083 1376 5127 ts
1388 5077 1424 5133 Et
1442 5087 1538 5136 mer
1549 5085 1603 5124 0¹¹1·

272 5153 360 5206 schol.
374 5180 403 5191 -
422 5155 464 5206 26.
483 5157 563 5206 onmis
579 5157 627 5204 PG
641 5181 667 5192 —
687 5161 746 5206 asso
763 5155 822 5206 E·-
843 5155 989 5218 depellerent
1000 5167 1054 5205 om.
1068 5154 1147 5206 codd.
1161 5154 1270 5220 praeter
1286 5153 1333 5204 ΕΡ
1351 5151 1405 5203 Pal.
1418 5152 1452 5200 lx
1470 5153 1497 5199 et
1508 5150 1568 5210 teg.
1579 5148 1604 5208 9,

273 5229 414 5294 inquibus
439 5231 481 5284 est
502 5230 646 5294 muman
671 5229 740 5292 tinde
764 5229 857 5282 bamb.
875 5230 1044 5294 munst),
1071 5229 1144 5294 quod
1160 5231 1251 5282 umen
1268 5226 1485 5294 supplementum
1501 5223 1607 5279 videtur

1735 1655 1760 1716 5

1722 2478 1748 2570 i
