4009 6159
421 501 503 568 teet
631 519 635 538 ‘
842 503 994 570 ORATIO
1020 501 1319 569 lamisonem

423 677 453 740 ei
484 676 662 741 carissimus
692 693 811 750 essem,
844 675 932 738 cuius
955 694 1015 758 ego
1036 694 1078 736 ne
1098 673 1261 737 beneficiis
1283 673 1413 757 quidem
1434 673 1621 737 sententiam
1641 692 1759 742 meam

422 770 632 834 tradidissem.
689 767 834 832 Adducta
862 787 912 831 res
942 767 976 830 in
1008 776 1165 832 certamen
1193 775 1225 830 te
1256 767 1388 830 consule
1421 767 1608 849 putabatur,
1642 775 1761 831 utnsnr

423 883 505 947 qnae
537 862 701 946 superiore
718 867 816 924 'anno
833 862 902 925 'ille
932 863 1084 945 gessisset
1104 867 1269 925 manerent
1290 881 1330 924 an
1354 859 1619 925 rescinderentur.
1667 860 1760 934 Quid

422 958 536 1040 loquar
555 958 673 1040 plurat
697 957 723 1019 si
745 964 867 1020 tantum
889 956 944 1020 ille
967 957 999 1019 in
1022 977 1072 1020 me
1096 975 1167 1019 esse
1188 974 1253 1019 uno
1275 956 1397 1018 roboris
1419 961 1452 1017 et
1472 952 1596 1017 vinulis
1615 955 1761 1039 putavit,

400 1058 459 1112 tut
481 1069 560 1134 quae
582 1051 650 1134 ipse
673 1057 812 1133 gesserat
834 1049 1055 1124 conciderent,
1077 1052 1105 1112 si
1127 1069 1185 1130 ego
1208 1049 1409 1123 restitissem,
1432 1067 1488 1110 eur
1503 1067 1562 1130 ego
1578 1067 1643 1110 non
1660 1048 1761 1129 igno-

423 1163 522 1218 scam,
545 1144 572 1206 si
594 1143 776 1227 anteposuit
798 1163 887 1206 suam
910 1143 1044 1207 salutem
1066 1146 1184 1207 maaet·
1215 1140 1266 1204 80.
1291 1141 1352 1204 Sed
1375 1142 1543 1226 praeterita
1563 1141 1667 1204 mitto.
1705 1141 1761 1204 ble

422 1246 458 1300 ut
479 1239 534 1302 Cu.
556 1238 723 1321 Pompeius
746 1236 892 1300 omnibus
915 1237 1029 1300 studiis
1050 1237 1133 1310 suis,
1162 1235 1340 1308 laboribus,
1373 1236 1457 1298 vitae
1485 1234 1635 1319 periculis
1665 1254 1762 1296 conr·

423 1330 536 1414 plexus
559 1339 623 1405 est,
653 1351 723 1394 cum
745 1331 918 1414 municipia
940 1351 997 1414 pro
1019 1350 1069 1394 me
1091 1330 1209 1404 adiret,
1237 1329 1346 1392 ltaliae
1367 1328 1462 1392 tidem
1485 1328 1690 1412 imploraret,
1724 1327 1761 1390 P.

423 1424 557 1488 Lentulo
580 1425 720 1499 consuli,
749 1424 870 1487 auctori
892 1423 1001 1487 salutis
1024 1443 1129 1497 meae,
1155 1423 1305 1507 frequens
1328 1421 1500 1496 assideret,
1528 1429 1655 1486 senatus
1680 1443 1762 1486 sen-

388 1518 554 1581 lotentiam
576 1511 769 1599 praestaret,
791 1507 824 1580 in'
845 1517 1047 1580 contionibus
1068 1537 1133 1581 non
1151 1517 1247 1580 modo
1262 1536 1297 1580 se
1312 1516 1509 1580 defensorem
1525 1515 1634 1580 salutis
1649 1537 1761 1589 meae,

424 1609 481 1676 sed
504 1611 598 1674 etiam
621 1613 797 1694 supplicem
819 1631 876 1694 pro
899 1631 949 1674 me
972 1611 1191 1694 profiteretur:
1219 1610 1314 1674 buius
1336 1610 1504 1675 voluntatis
1533 1632 1620 1686 eum,
1654 1631 1760 1695 quem
1868 1654 1870 1681 ,

425 1705 557 1768 multum
579 1724 674 1788 posse
695 1704 909 1787 intelligebat,
942 1704 1019 1768 mibi
1047 1722 1113 1767 non
1141 1705 1303 1767 inimicum
1332 1723 1402 1767 esse
1431 1712 1595 1787 cognorat,
1627 1705 1759 1768 socium
1869 1694 1871 1769 ¹,

425 1798 486 1862 sibi
508 1804 542 1860 et
565 1797 741 1861 adiutorem
765 1798 798 1862 C.
822 1798 988 1862 Caesarem
1009 1798 1165 1861 adiunxit.
1208 1799 1274 1861 lam
1295 1797 1386 1862 vides
1406 1818 1457 1862 me
1478 1798 1536 1860 tibi
1557 1817 1624 1861 non
1643 1797 1760 1861 inimi-

426 1913 514 1965 cum,
545 1890 602 1954 sed
622 1891 764 1967 bostem,
796 1890 876 1967 illis,
909 1911 990 1977 quos
1020 1890 1187 1966 describis,
1220 1911 1285 1954 non
1314 1892 1408 1954 modo
1435 1911 1500 1955 non
1527 1893 1658 1967 iratum,
1696 1889 1759 1955 sed

390 1987 522 2050 raetiam
544 1987 678 2050 amicum
699 2005 770 2049 esse
793 1984 928 2049 debere:
961 2006 1095 2069 quorum
1117 1986 1212 2060 alter,
1242 1984 1274 2046 id
1297 1983 1383 2068 quod
1406 1987 1596 2060 meminero,
1625 2004 1761 2068 semper

427 2098 528 2163 aeque
551 2078 628 2142 mibi
650 2079 770 2143 amicus
791 2079 853 2144 fuit
874 2100 909 2143 ac
933 2081 1009 2153 sibi,
1032 2080 1124 2151 alter,
1147 2079 1180 2141 id
1195 2078 1281 2161 quod
1296 2078 1481 2153 obliviscar,
1503 2080 1563 2143 sibi
1577 2080 1760 2164 aliquando

428 2173 558 2237 amicior
587 2191 681 2255 quam
708 2173 796 2237 mibi.
839 2170 890 2236 8l.
926 2174 1049 2237 Deinde
1079 2174 1140 2236 boc
1169 2173 1213 2235 ita
1241 2171 1292 2246 fit,
1323 2179 1360 2234 ut
1380 2172 1438 2234 viri
1459 2172 1574 2247 fortes,
1607 2175 1706 2236 etiem
1731 2174 1759 2236 si

427 2267 510 2330 ferro
538 2267 621 2329 inter
648 2285 683 2329 se
712 2268 888 2330 comminus
917 2267 1125 2340 decertarint,
1157 2274 1262 2328 tamen
1291 2264 1370 2328 illud
1399 2267 1612 2330 contentionis
1640 2267 1760 2330 odium

429 2359 522 2424 simul
551 2380 622 2423 cum
651 2359 720 2454 ipsa
747 2379 853 2444 pugna
880 2362 1038 2444 armisque
1060 2361 1230 2444 deponant.
1280 2360 1390 2441 Neque
1412 2380 1462 2422 me
1484 2359 1538 2422 ille
1560 2359 1665 2424 odisse
1696 2380 1760 2445 po-

391 2455 488 2517 satuit
510 2471 677 2536 umquam,
709 2473 750 2516 ne
781 2462 847 2516 tum
877 2454 1024 2536 quidem,
1058 2474 1127 2515 cum
1150 2451 1391 2515 dissidebamus.
1432 2453 1537 2517 llabet
1557 2453 1617 2518 boo
1638 2455 1758 2528 virtue,

429 2566 524 2631 quam
546 2554 580 2610 tu
602 2566 643 2609 ne
664 2546 705 2610 de
725 2546 808 2610 facie
830 2545 959 2631 quidem
980 2547 1080 2620 nosti,
1101 2549 1144 2621 (ut
1164 2546 1250 2608 viros
1272 2544 1371 2608 fortes
1392 2548 1516 2629 species
1538 2539 1604 2612 eius
1626 2557 1659 2612 et
1679 2549 1759 2632 pul-

429 2640 574 2704 chritudo
604 2639 698 2703 etiam
728 2641 760 2702 in
788 2639 878 2704 boste
906 2639 1011 2722 posita
1039 2639 1189 2724 44444444.
1233 2639 1381 2702 xxxin.
1408 2641 1562 2723 Equidem
1585 2641 1687 2704 dicam
1712 2661 1758 2705 ex

429 2735 554 2809 animo,
582 2741 688 2818 patres
710 2733 895 2816 conscripti,
924 2733 1010 2816 quod
1033 2734 1135 2796 sentio
1158 2739 1191 2795 et
1211 2730 1298 2815 quod
1321 2733 1410 2795 vobis
1432 2734 1634 2799 audientibus
1655 2754 1757 2817 saepe

429 2829 492 2892 ism
514 2827 590 2892 dixi.
636 2827 669 2890 Si
690 2826 768 2891 mibi
790 2846 962 2910 numquam
984 2827 1105 2890 amicus
1128 2826 1160 2890 C.
1177 2827 1291 2889 Caesar
1303 2825 1433 2901 fuisset,
1456 2827 1484 2891 si
1498 2849 1624 2912 semper
1636 2828 1757 2903 iratuss

392 2923 457 2990 sesi
488 2942 614 3006 semper
641 2926 865 3006 aspernaretur
893 2921 1064 2984 amicitiam
1090 2940 1191 2984 meam
1222 2940 1320 3004 seque
1346 2920 1423 2984 mibi
1452 2922 1681 3005 implacabilem
1702 2923 1757 2985 in-

429 3017 682 3102 expiabilemque
701 3015 884 3100 praeberet,
907 3021 1014 3078 tamen
1036 3014 1081 3089 ei,
1103 3035 1175 3078 cum
1196 3021 1300 3077 tantas
1321 3035 1371 3078 res
1394 3016 1544 3097 gessisset
1564 3022 1756 3100 gereretque

428 3110 586 3195 quotidie,
622 3130 687 3174 non
719 3109 839 3173 amicus
868 3128 936 3172 esse
968 3129 1032 3171 non
1060 3129 1194 3191 possem.
1250 3109 1347 3174 Cuius
1377 3130 1435 3194 ego
1464 3101 1666 3194 imperium,
1684 3133 1755 3177 non

427 3205 556 3289 Alpium
590 3204 706 3268 vallum
738 3211 847 3267 contra
875 3202 1063 3266 adscensum
1096 3205 1443 3288 transgressionemque
1472 3205 1654 3279 Gallorum,
1687 3227 1754 3270 non

428 3299 530 3362 libeni
557 3295 676 3361 fossam
704 3297 879 3379 gurgitibus
907 3296 971 3359 illis
1002 3295 1230 3360 redundantem
1260 3297 1487 3362 Germanorum
1515 3299 1755 3364 immanissimis

391 3393 575 3477 cogentibus
602 3391 717 3454 obiicio
747 3399 779 3454 et
807 3411 952 3473 oppono;
985 3390 1120 3473 perfecit
1149 3391 1219 3464 ille,
1252 3400 1304 3464 ut,
1338 3393 1363 3452 si
1387 3401 1509 3456 montes
1537 3393 1751 3466 resedissent,

428 3506 536 3552 amnes
566 3485 779 3558 exaruissent,
813 3505 878 3547 non
907 3493 1036 3549 naturae
1064 3484 1237 3567 praesidio,
1271 3486 1326 3547 sed
1356 3485 1485 3548 victoria
1515 3506 1571 3549 sua
1592 3486 1753 3571 rebusque

428 3582 522 3664 gestis
543 3578 662 3643 ltaliam
686 3579 838 3642 munitam
860 3578 1057 3642 baberemus.
1100 3576 1151 3640 82.
1184 3579 1246 3641 Sed
1275 3600 1346 3643 cum
1374 3599 1425 3642 me
1454 3569 1601 3662 ospss'tat,
1630 3581 1751 3666 diligat,

428 3673 514 3737 omni
535 3671 629 3736 laude
651 3671 780 3754 dignum
801 3680 908 3755 putet,
937 3680 971 3736 tu
992 3693 1043 3736 me
1065 3694 1084 3735 a
1105 3672 1169 3735 tuis
1191 3673 1363 3737 inimicitiis
1384 3674 1424 3737 ad
1447 3674 1638 3738 simultatem
1658 3696 1752 3741 revo-

492 3996 516 4046 4.
534 4009 564 4045 ne
584 4007 638 4044 om.
657 3995 795 4044 EFGblP
820 3993 862 4055 (ne
884 3993 982 4056 quidem
1004 3995 1149 4044 sententiam
1164 4007 1246 4044 meam
1262 3994 1381 4058 beneflciis
1397 3997 1422 4057 S)
1442 4019 1468 4031 ·-
1493 3996 1518 4045 4.
1537 3996 1666 4046 madium
1682 3998 1702 4047 T
1721 4023 1749 4035 -

425 4072 449 4122 3.
463 4085 498 4121 an
514 4072 602 4120 onnG
621 4095 647 4105 -
667 4071 691 4120 t.
705 4083 769 4132 quae
785 4070 820 4119 T:
840 4083 870 4118 aa
886 4069 1047 4131 444400-
1067 4069 1141 4132 gessit
1158 4069 1174 4118 F
1191 4096 1216 4103 -
1236 4083 1282 4117 cur
1298 4083 1343 4132 eqo
1360 4070 1379 4118 T
1397 4071 1424 4118 et
1440 4070 1620 4122 consonam:
1638 4086 1750 4136 equom.

426 4145 504 4200 codd.
522 4145 578 4198 rell.
601 4171 628 4180 -
647 4145 670 4195 6.
688 4145 758 4194 mino
775 4144 808 4194 T:
828 4144 913 4194 omitto
930 4144 949 4194 C
969 4170 995 4179 -
1017 4144 1041 4192 7.
1059 4145 1146 4193 studiis
1162 4147 1212 4194 suis
1228 4145 1261 4194 T:
1280 4146 1331 4194 suis
1347 4145 1433 4194 studiis
1450 4144 1498 4195 CO
1519 4169 1545 4180 —
1564 4146 1588 4195 9.
1606 4147 1716 4196 auctoris
1732 4148 1752 4197 T

426 4250 453 4260 -
472 4229 571 4275 4444444
587 4222 619 4272 T:
637 4221 735 4270 senatui
751 4221 816 4278 C0;
847 4218 880 4270 cf.
899 4219 1022 4283 Madvigii
1039 4220 1134 4284 Opusc.
1153 4222 1177 4279 4,
1196 4234 1222 4285 p.
1243 4222 1285 4270 tsi
1306 4223 1360 4270 not.
1382 4247 1408 4256 -
1428 4220 1468 4270 43.
1488 4221 1514 4270 C.
1533 4220 1664 4270 Caesarem
1680 4219 1753 4284 glos·

425 4310 499 4349 sema
517 4295 621 4348 videtur
637 4296 717 4346 Balsio
734 4307 760 4360 p.
775 4295 832 4344 499.
854 4321 880 4330 -
900 4295 983 4344 tamna
999 4296 1115 4345 claun
1126 4295 1231 4345 debere?
1247 4295 1356 4351 Lamb.;
1375 4297 1402 4346 at
1419 4295 1452 4346 cf.
1471 4297 1486 4360 ς
1504 4294 1543 4346 63.
1562 4321 1590 4331 ·-
1610 4294 1649 4345 44.
1667 4301 1691 4346 et
1705 4297 1752 4346 bo-

423 4377 483 4423 stem
494 4372 514 4422 E
529 4397 555 4407 -
575 4371 615 4420 ts.
627 4371 761 4421 meminero
774 4381 878 4432 seraper,
896 4383 974 4432 aeque
986 4370 1063 4429 edd.;
1081 4370 1225 4420 verborum
1238 4370 1434 4420 distinctionem
1446 4371 1561 4420 correxit
1570 4371 1640 4420 Bake
1656 4384 1682 4435 p.
1692 4371 1750 4421 sto.

425 4473 452 4483 -
472 4447 511 4496 46.
530 4446 626 4496 amicus
640 4445 688 4508 fuit
704 4444 822 4496 TEFG:
841 4445 905 4508 fauit
922 4445 951 4500 s:
969 4446 1018 4508 [444
1034 4447 1075 4501 liz
1091 4445 1140 4508 tuit
1156 4446 1286 4495 amicusO
1306 4472 1332 4481 —
1352 4445 1397 4494 sibi
1413 4446 1549 4508 aliquando
1566 4444 1596 4493 T:
1615 4445 1752 4505 aliquando

424 4534 477 4572 om.
496 4521 526 4579 F;
545 4519 681 4582 aliquando
697 4519 743 4569 sibi
760 4520 805 4570 ES
822 4523 850 4570 et
866 4520 895 4580 0,
915 4521 960 4582 qui
977 4533 1084 4570 comma
1101 4522 1161 4570 ente
1178 4522 1224 4571 sibi
1242 4521 1364 4571 habet.—
1385 4521 1424 4572 48.
1443 4522 1553 4571 caninus
1570 4523 1627 4573 0-
1648 4521 1688 4571 te.
1706 4522 1752 4571 de-

421 4602 517 4660 ponant
532 4595 566 4646 T:
587 4600 683 4659 ponant
700 4595 750 4646 CO
769 4621 795 4630 —
816 4609 893 4658 neque
909 4596 974 4646 TE:
996 4601 1071 4656 atque
1088 4597 1129 4646 FS
1147 4623 1174 4631 —
1198 4599 1279 4658 potuit
1294 4610 1414 4660 uinquam
1430 4597 1463 4646 T:
1482 4609 1602 4659 uuquam
1616 4602 1668 4658 pot.
1687 4597 1749 4646 EO:

422 4684 560 4733 nmnquom
574 4675 626 4734 pot.
640 4672 684 4721 FS
698 4696 724 4705 -
743 4671 783 4720 20.
803 4669 848 4720 boc
863 4669 934 4720 babet
951 4671 971 4720 E
989 4671 1069 4722 solus.
1086 4699 1112 4708 —
1132 4674 1172 4721 tt.
1186 4674 1297 4736 deposita
1314 4674 1371 4722 4-
1391 4670 1433 4723 st.
1450 4671 1536 4735 [444444
1551 4673 1573 4720 st
1589 4671 1649 4722 TE:
1666 4671 1751 4735 {nisam

422 4749 464 4797 sed
480 4747 561 4798 Fs-
579 4745 754 4808 ibsisemper
770 4746 916 4808 aspernit
935 4759 1030 4808 semper
1046 4761 1098 4798 om.
1113 4751 1198 4798 (10-
1217 4749 1333 4810 seque'f:
1351 4747 1545 4809 4444444410-
1565 4747 1605 4795 st.
1618 4747 1764 4871 mamm,

423 4823 443 4873 Τ
460 4823 487 4872 44
503 4823 585 4872 Oxou.
599 4821 634 4882 Η,
653 4823 682 4870 ut
698 4821 751 4888 iam
768 4819 860 4872 bamb.
874 4818 969 4871 voluit:
987 4823 1092 4886 imperio
1109 4824 1129 4873 Τ
1146 4836 1215 4872 corr.
1229 4823 1294 4880 C0;
1312 4836 1338 4872 v.
1352 4821 1421 4872 Bake
1439 4835 1465 4886 p.
1479 4821 1522 4870 344
1540 4823 1568 4871 44
1584 4821 1617 4872 44.
1630 4823 1740 4872 Eumeni

422 4901 519 4958 Paneg.
537 4895 628 4945 Const.
647 4895 712 4959 fug.
732 4909 755 4945 c.
769 4898 809 4956 44,
828 4896 843 4960 5
861 4898 890 4946 t:
909 4909 986 4958 neque
1002 4900 1069 4948 enim
1085 4899 1161 4948 4444444
1177 4898 1229 4946 iam
1244 4897 1401 4962 gurgitibus,
1419 4899 1461 4946 sed
1476 4896 1585 4945 nominis
1601 4896 1638 4946 tui
1654 4901 1749 4947 terrore

422 4971 558 5022 munimur.
579 4992 606 5005 -
625 4969 667 5020 48.
685 4983 813 5021 aramum
829 4970 876 5020 TC
896 4995 923 5005 -
942 4971 983 5020 49.
1002 4975 1058 5023 reni
1074 4975 1094 5024 E
1109 5002 1135 5010 —
1153 4973 1195 5023 344.
1213 4973 1356 5022 resedissent
1371 4973 1457 5022 TFS:
1475 4972 1616 5022 residissmt
1631 4971 1695 5032 EG;
1714 4972 1748 5022 ci.

423 5045 589 5110 Wesenberg
606 5046 640 5095 ad
652 5046 799 5097 Sestianam
816 5057 841 5110 p.
856 5045 896 5094 63.
912 5072 938 5081 -
957 5045 998 5096 34.
1012 5048 1106 5112 amnas]
1124 5053 1198 5110 atque
1214 5061 1297 5097 omnes
1314 5050 1369 5097 S-
1389 5047 1429 5098 34.
1443 5052 1543 5108 expetas
1560 5049 1619 5097 GS:
1637 5051 1752 5109 manus

423 5126 508 5177 44444
530 5147 557 5160 -
582 5123 622 5175 33.
642 5137 713 5176 omne
730 5124 749 5176 E
768 5151 796 5162 -
818 5125 852 5174 44
872 5125 1021 5176 simultatem
1038 5125 1065 5175 0.
1084 5124 1198 5175 Caesaris
1218 5124 1286 5176 coni.
1306 5121 1413 5185 Lamb.;
1437 5135 1516 5188 aegre
1538 5135 1603 5176 sane
1625 5120 1747 5184 adiectio,

423 5203 453 5252 ut
468 5201 534 5253 itlius
550 5197 593 5254 vel
609 5213 666 5252 44444
681 5199 737 5264 itio,
756 5198 931 5272 desideratur.
