4009 6159
407 535 490 604 4288
837 543 989 608 orricio
1011 543 1236 609 PHILIPPICA
1257 543 1312 606 111.

407 733 427 776 a
450 733 500 782 ma
522 712 649 776 initium
671 713 837 796 quaerenti
859 714 1053 797 respondere
1068 714 1255 789 voluissem,
1277 733 1362 777 nuuc
1383 715 1429 778 rei
1451 714 1597 798 publicae
1618 734 1758 780 cousu-

407 806 473 870 lere
495 827 559 869 uon
580 826 717 889 possem.
753 807 843 870 Hanc
865 827 941 871 vero
965 817 1076 872 nactus
1096 808 1296 882 facultatem,
1318 808 1442 872 nullum
1463 819 1606 893 tempus,
1630 819 1758 893 patres

407 901 596 984 conscripti,
618 900 772 965 dimittam
795 922 900 986 neque
922 901 1070 966 diurnum
1091 924 1198 987 neque
1215 912 1420 978 nocturnum,
1443 905 1522 987 quin
1535 903 1577 966 de
1591 903 1759 966 libertate

407 994 517 1080 populi
545 996 677 1059 Romani
706 1002 737 1058 et
765 994 918 1078 dignitate
939 1005 1045 1060 restra
1065 997 1152 1080 quod
1174 996 1377 1081 cogitandum
1403 996 1444 1061 sit
1464 997 1619 1080 cogitem,
1654 995 1759 1081 quod

385 1087 563 1173 sagendum
587 1097 683 1173 atque
705 1088 902 1165 laciendum,
925 1091 958 1153 id
979 1111 1046 1154 non
1061 1091 1155 1155 modo
1176 1112 1242 1156 non
1263 1111 1423 1166 recusem,
1446 1092 1503 1155 ssd
1525 1091 1619 1155 etiam
1642 1111 1760 1176 appe·

407 1193 472 1248 tam
492 1190 589 1266 atque
611 1184 789 1267 deposcam.
828 1185 897 1248 lloc
917 1185 998 1260 leci,
1020 1185 1095 1249 dum
1113 1185 1221 1251 licuit:
1244 1185 1415 1259 intermisi,
1437 1185 1543 1268 quoad
1557 1205 1624 1248 non
1639 1186 1760 1249 licuit.

407 1279 473 1342 lam
495 1297 560 1340 non
582 1277 685 1341 solum
704 1277 795 1354 licet,
819 1278 875 1342 sed
896 1279 990 1342 etiam
1010 1299 1139 1343 necesse
1158 1288 1222 1355 est,
1244 1280 1306 1342 uisi
1321 1278 1440 1343 servire
1453 1279 1611 1344 malumus
1632 1299 1759 1364 quam,

407 1393 448 1436 ue
471 1373 661 1446 serviamus,
682 1372 778 1438 armis
799 1373 977 1457 animisque
993 1371 1172 1437 decernere.
1208 1370 1260 1437 34.
1274 1375 1314 1438 Di
1336 1373 1530 1436 immortales
1553 1374 1648 1438 nobis
1665 1375 1760 1438 baec

408 1466 566 1552 praesidia
587 1466 759 1531 dederunt:
782 1466 853 1530 urbi
870 1467 1052 1540 Caesarem,
1074 1469 1205 1531 Brutum
1224 1467 1356 1532 Galliae.
1393 1467 1427 1530 Si
1449 1467 1534 1530 enim
1556 1467 1610 1531 ille
1632 1469 1759 1552 oppri-

371 1575 493 1624 mmere
515 1561 627 1624 urbem
648 1561 820 1643 potuisset,
843 1561 966 1636 statim,
990 1563 1017 1624 si
1033 1561 1167 1624 Galliam
1189 1570 1313 1636 tenere,
1334 1561 1430 1644 paulo
1453 1569 1526 1644 post
1539 1563 1665 1644 optimo
1682 1564 1759 1626 cui-

279 1650 280 1653 ’
409 1675 472 1738 que
493 1654 691 1738 pereundum
712 1664 795 1730 erat,
818 1653 951 1738 reliquis
965 1655 1178 1719 serviendum.
1211 1656 1295 1719 xiv.
1318 1655 1407 1718 llauc
1427 1654 1526 1737 igitur
1538 1653 1755 1719 occasion

409 1749 547 1812 oblatam
575 1755 697 1823 tenete,
727 1769 784 1833 per
805 1749 882 1812 deos
911 1749 1120 1812 immortales!
1154 1757 1258 1833 patres
1280 1749 1467 1831 conscripti,
1500 1757 1532 1811 et
1552 1750 1756 1833 amplissimi

408 1842 494 1907 orbis
523 1850 625 1906 terrae
654 1842 781 1906 consilii
803 1843 963 1926 principes
987 1861 1044 1905 vos
1066 1863 1137 1906 esse
1158 1842 1331 1927 aliquando
1352 1842 1571 1906 recordamini.
1607 1843 1754 1925 Signum

409 1935 482 1998 date
512 1935 632 2020 populo
660 1937 801 2000 Romano
832 1937 999 1999 consilium
1021 1945 1161 2000 vestrum
1182 1957 1248 2000 uon
1270 1936 1382 2000 deesse
1402 1935 1449 1999 rei
1470 1935 1635 2020 publicae,
1662 1956 1755 2018 quo·

373 2030 495 2093 tiniam
524 2028 579 2092 ille
600 2030 748 2094 virtutem
771 2050 858 2094 suam
888 2050 951 2094 non
975 2029 1152 2094 defuturam
1175 2051 1246 2094 esse
1267 2027 1442 2114 profitetur.
1477 2030 1562 2093 Nibil
1583 2032 1753 2113 estquod

304 2171 307 2179 .
409 2143 554 2188 moneam
569 2143 636 2188 vos.
672 2125 772 2186 Nemo
796 2132 843 2187 est
866 2132 928 2187 tam
951 2125 1066 2187 stultus
1082 2127 1135 2207 qui
1159 2145 1224 2188 non
1245 2125 1419 2206 intelligat,
1443 2125 1470 2187 si
1484 2124 1753 2188 indormierimus

409 2217 484 2281 huic
506 2217 657 2300 tempori,
678 2235 743 2279 uon
766 2216 860 2281 modo
875 2217 1036 2281 crudelem
1051 2219 1283 2303 superbamque
1300 2219 1547 2282 dominationem
1561 2219 1665 2294 nobis,
1686 2220 1749 2282 sed

410 2311 652 2393 ignominiosam
675 2310 769 2374 etiam
784 2319 817 2375 et
835 2312 1025 2394 flagitiosam
1039 2311 1202 2376 ferendam
1217 2333 1298 2376 esse.
1340 2309 1392 2374 35.
1415 2315 1521 2376 Nostis
1536 2313 1751 2377 insolentiam

410 2404 556 2478 Antonii,
579 2407 679 2468 nostis
702 2405 836 2481 amicos,
858 2405 959 2470 nostis
981 2412 1079 2469 totam
1101 2407 1240 2470 domum.
1276 2407 1489 2484 Libidinosis,
1511 2408 1751 2491 petulantibus,

373 2515 402 2562 ro
411 2498 560 2580 impuris,
589 2498 772 2582 impudicis,
802 2501 1010 2576 aleatoribus,
1039 2501 1135 2564 ebriis
1165 2502 1297 2577 servire,
1329 2522 1368 2590 aa
1397 2521 1518 2565 summa
1543 2502 1673 2566 miseria
1697 2510 1750 2565 est

411 2611 533 2655 summo
556 2591 710 2657 dedecore
732 2594 911 2657 coniuncta.
948 2594 1091 2669 Quodsi
1114 2597 1176 2658 iam
1197 2595 1342 2680 -quod
1365 2596 1397 2658 di
1419 2615 1511 2660 omen
1526 2597 1689 2660 avertantl
1703 2627 1749 2643 -

410 2685 509 2749 iatum
532 2693 706 2751 extremum
728 2689 775 2751 rei
797 2688 944 2772 publicae
966 2689 1071 2763 venit,
1098 2689 1185 2771 quod
1207 2689 1395 2772 gladiatores
1417 2689 1541 2752 nobiles
1562 2689 1687 2753 iaciunt
1709 2697 1748 2752 ut

410 2779 544 2844 honeste
567 2781 774 2856 decumbant,
795 2780 947 2845 iaciamus
970 2803 1046 2858 nos,
1067 2784 1228 2866 principes
1251 2785 1335 2847 orbis
1357 2793 1510 2847 terrarum
1531 2785 1747 2868 gentiumque

412 2875 570 2951 omnium,
591 2882 628 2940 ut
648 2895 719 2939 cum
742 2875 894 2959 dignitate
916 2878 1023 2960 potius
1045 2876 1194 2940 cadamus
1214 2897 1310 2961 quam
1333 2897 1405 2941 cum
1425 2877 1600 2959 ignominia
1621 2878 1746 2941 servia-

374 2989 491 3036 acmus.
533 2966 586 3032 36.
607 2969 693 3034 Nihil
722 2979 770 3034 est
800 2969 1018 3034 detestabilius
1043 2969 1216 3046 dedecore,
1245 2970 1325 3034 nibil
1346 2970 1472 3034 foedius
1493 2971 1655 3033 servitute.
1692 2971 1744 3032 Ad

411 3064 508 3128 decus
523 3071 556 3128 at
569 3063 610 3128 ad
631 3064 808 3129 libertatem
823 3067 889 3128 uati
904 3086 1031 3129 sumus:
1053 3073 1108 3128 aut
1127 3066 1207 3128 haee
1227 3072 1392 3128 teneamus
1414 3072 1470 3127 aut
1489 3084 1561 3127 cum
1585 3063 1743 3146 dignitate

411 3157 592 3222 moriamur.
627 3158 766 3222 Nimium
781 3157 837 3222 diu
858 3160 996 3222 teximus
1013 3158 1089 3244 quid
1111 3160 1319 3223 sentiremus:
1340 3178 1425 3222 nunc
1441 3159 1503 3222 iam
1517 3166 1659 3241 apertum
1674 3165 1744 3230 θεὶς

412 3271 520 3316 omnes
542 3251 750 3335 patefaciunt,
772 3253 806 3315 in
828 3260 994 3336 utramque
1016 3262 1138 3337 partem
1154 3253 1231 3336 quid
1253 3253 1406 3328 sentiant,
1429 3250 1507 3336 quid
1521 3250 1631 3327 velint.
1659 3252 1745 3313 Sunt

411 3343 502 3428 impii
523 3345 625 3422 cives,
647 3345 703 3409 scd
724 3366 783 3429 pro
806 3345 934 3410 caritate
957 3348 1002 3410 rei
1026 3347 1169 3429 publicae
1191 3348 1324 3410 nimium
1345 3347 1454 3422 multi,
1476 3351 1585 3409 contra
1598 3345 1743 3409 multitu-

478 3673 665 3723 t.amsmts.
684 3672 720 3722 V:
742 3673 798 3724 icit.
817 3685 836 3722 c
856 3675 978 3724 msD-
1000 3676 1099 3726 consuls
1119 3679 1130 3726 t
1152 3703 1180 3713 -
1203 3673 1228 3725 3.
1247 3687 1324 3736 usqae
1344 3679 1409 3724 noct.
1428 3675 1690 3740 omatmcqu)
1711 3701 1740 3713 -

455 3755 479 3800 st
495 3748 616 3800 dionitote
631 3749 668 3810 V;
686 3754 710 3800 ct
726 3762 779 3800 om.
798 3748 830 3811 b;
849 3751 879 3800 dc
896 3751 1016 3814 dignitate
1032 3753 1162 3815 agto—
1181 3754 1292 3800 semrom
1309 3749 1330 3797 V
1348 3771 1375 3786 -
1395 3749 1485 3811 qm‘da
1505 3775 1532 3786 -
1551 3750 1575 3811 5,
1594 3749 1621 3799 id
1636 3762 1690 3799 om.
1711 3751 1739 3807 t3

420 3827 439 3877 i.
459 3825 516 3888 (sic)
533 3824 564 3886 b,
582 3826 649 3875 idem
664 3836 706 3887 ag
722 3847 749 3859 -
768 3837 818 3874 oon
833 3825 906 3874 modo
922 3838 972 3875 noc
989 3826 1106 3889 Vahg:
1129 3837 1179 3874 non
1196 3825 1269 3874 modo
1285 3826 1337 3884 t0,
1357 3836 1410 3874 nou
1426 3825 1489 3874 item
1505 3823 1536 3885 V,
1554 3827 1585 3874 ut
1601 3822 1666 3876 laiso
1683 3828 1741 3875 tra-

402 3902 478 3954 'didit
494 3901 626 3952 Garatoni.
645 3926 674 3938 -
692 3900 768 3950 otium
783 3901 900 3962 edoctam
916 3901 951 3950 V:
970 3901 1046 3950 ctiam
1062 3913 1115 3951 om.
1135 3913 1165 3957 a;
1183 3904 1301 3962 oppetam
1317 3900 1393 3948 stiam
1410 3898 1473 3962 bgt
1489 3925 1517 3936 -
1539 3899 1564 3948 o.
1581 3899 1629 3962 soci
1645 3911 1742 3960 ssnrpsr

411 3979 471 4027 dum
487 3977 508 4027 D
528 4003 555 4014 -
575 3975 676 4035 quodod
691 3973 749 4038 V¹g
763 4001 790 4012 —
809 3975 833 4026 t.
852 3989 947 4026 neccsse
963 3981 998 4026 est
1014 3979 1090 4025 etiem
1107 3977 1167 4025 i)-
1187 3974 1304 4024 malbosc
1314 3975 1352 4034 V;
1369 3975 1505 4024 mamimus
1520 3973 1559 4023 bt
1577 4000 1604 4010 -
1624 3975 1648 4024 8.
1661 3975 1742 4024 mrim

411 4051 549 4113 animisque
565 4050 603 4099 V:
623 4048 715 4098 artinis
730 4049 857 4110 amnisque
873 4050 938 4108 θος
957 4050 990 4100 cl.
1010 4063 1050 4102 or.
1068 4051 1099 4108 X,
1118 4050 1132 4113 5
1150 4051 1196 4100 st:
1214 4052 1308 4112 irrupit
1322 4051 1350 4100 in
1366 4050 1490 4111 Galliam
1508 4062 1584 4112 quom
1599 4049 1645 4099 sibi
1661 4050 1741 4098 ansis

411 4127 549 4187 animisque
565 4125 680 4189 insmtcm
694 4123 871 4188 inimicamque
886 4127 1009 4189 coguovit.
1031 4127 1130 4176 Nouius
1148 4139 1174 4189 p.
1193 4125 1241 4176 285
1259 4126 1351 4176 aliert:
1375 4139 1451 4187 quam
1471 4137 1503 4174 as
1524 4124 1633 4174 senicm
1650 4124 1741 4174 onmis

411 4203 537 4262 annisque
558 4199 695 4250 decmbere.
716 4226 743 4238 -
766 4201 882 4251 decem
900 4203 924 4250 V
943 4227 970 4238 -
994 4202 1020 4251 di
1035 4203 1072 4250 V:
1095 4203 1131 4250 dii
1151 4202 1202 4252 Do
1231 4227 1258 4238 -
1281 4202 1342 4251 inm.
1362 4203 1445 4264 gt-
1469 4201 1493 4250 9.
1512 4213 1583 4263 oppr.
1600 4199 1686 4249 orben
1702 4200 1738 4247 V:

411 4277 497 4327 orbern
513 4289 584 4338 oppr.
601 4275 653 4325 D0
672 4301 700 4310 -
719 4274 760 4324 ⁴0.
776 4281 850 4337 pctus
866 4277 909 4326 ssd
925 4275 946 4322 V
960 4303 987 4313 --
1007 4283 1098 4328 moeret
1115 4279 1136 4327 b
1152 4304 1179 4315 —
1198 4278 1240 4327 tt.
1256 4277 1411 4339 pereundus
1427 4282 1496 4339 erat,
1513 4275 1616 4337 reliquis
1630 4275 1738 4339 scripsi:

409 4351 558 4415 permmdem
573 4349 677 4412 reliquis
693 4349 727 4407 V;
744 4350 899 4412 pereundam
914 4351 1019 4412 reliquis
1035 4351 1111 4410 abt;
1127 4352 1282 4414 pereundum
1297 4351 1400 4413 rdicula
1416 4355 1475 4401 essct
1491 4350 1553 4411 gio
1567 4376 1593 4386 -
1612 4349 1741 4400 ocmssio-

411 4425 553 4476 nemv-
572 4424 612 4474 ts.
630 4423 961 4488 oosesssprincipssg-
982 4426 1263 4488 ctipmndcmssa-
1283 4424 1620 4488 ttpoputtromcmv-
1638 4424 1741 4474 idom

413 4514 467 4551 om.
486 4502 507 4551 D
527 4525 554 4536 -·
575 4499 615 4549 li.
632 4497 697 4562 baie]
715 4499 760 4549 boc
776 4501 787 4548 t
806 4524 833 4535 -
853 4499 894 4549 ⁴8.
911 4500 1041 4563 [mendam
1057 4513 1108 4551 eras
1123 4502 1255 4552 Muretus:
1273 4497 1372 4564 [mendi
1390 4500 1741 4563 V3mmsmmdcm1itss-

412 4576 518 4625 rendam
534 4573 554 4624 0
574 4599 601 4612 ·-
627 4573 667 4624 te.
686 4574 773 4625 antoni
791 4573 812 4624 V
829 4600 856 4610 ·-
879 4576 957 4625 nostis
972 4577 1067 4626 amicos
1082 4589 1135 4628 om.
1154 4580 1165 4626 t
1183 4603 1210 4614 -
1233 4581 1311 4625 totam
1326 4576 1350 4625 V
1366 4574 1408 4626 bis
1424 4574 1515 4626 habet.
1536 4600 1563 4610 -
1586 4575 1627 4625 20.
1644 4573 1740 4636 inparis

413 4648 719 4713 inpudgt-ebrirV
738 4677 765 4686 -
784 4656 1106 4715 eommsmnmcag-
1125 4652 1373 4703 aromo-rt.
1392 4649 1740 4713 dinzdiiO-imu-

412 4725 551 4776 ctomt-
573 4723 797 4774 summumv-
821 4723 1264 4789 iicompostqucmomm-
1290 4725 1739 4778 smisamusV-bd.otdserer

416 4828 443 4839 -
461 4801 502 4850 to.
521 4799 671 4852 stcha:
695 4804 719 4850 ct
737 4797 801 4862 bgt
823 4826 850 4836 —
876 4801 917 4852 ii.
937 4801 1091 4852 nantismV
1109 4828 1136 4839 -
1163 4802 1205 4853 28.
1223 4801 1362 4852 onmer:
1388 4815 1472 4853 onmes
1490 4802 1544 4852 iem
1565 4802 1631 4861 ΒΟ,
1653 4800 1738 4851 sedo

414 4874 484 4942 [iam]
504 4901 531 4912 -
547 4874 703 4938 patefaciunt
719 4885 779 4924 uos:
802 4876 956 4940 patefacient
970 4878 1082 4940 fecerunt
1098 4877 1134 4938 V,
1154 4878 1204 4929 sed
1221 4879 1318 4941 faeiem
1334 4891 1371 4928 m.
1388 4879 1404 4928 i
1421 4880 1595 4942 expunctum:
1616 4879 1738 4940 rabsace

413 4957 474 5002 rom
492 4953 516 5010 t;
541 4950 710 5014 patefecerunt
730 4948 836 5013 abgo.
869 4951 936 5002 Cum
953 4954 1104 5017 oppositum
1122 4954 1156 5003 sit
1177 4954 1284 5003 remmus
1299 4954 1360 5016 quid
1375 4953 1531 5014 mabsam,
1557 4952 1614 5002 iere
1630 4953 1739 5015 apparet

412 5025 580 5090 potascciunt,
598 5037 650 5075 non
667 5022 739 5075 illam
755 5023 866 5075 alteram
882 5025 1023 5078 lectionem
1041 5029 1183 5092 genuinam
1200 5041 1270 5079 asse.
1285 5055 1312 5066 -
1327 5031 1386 5090 qnid
1401 5031 1490 5079 sentiat
1501 5029 1562 5090 quid
1576 5027 1636 5078 sciit
1645 5027 1668 5076 V
1678 5026 1737 5076 tort.

415 5105 502 5162 recte,
524 5103 554 5151 ut
574 5101 730 5165 cogitatmus
751 5099 875 5166 suppleas
893 5104 1009 5165 quisqam
1032 5103 1065 5153 ci.
1084 5103 1118 5152 de
1141 5101 1219 5154 simili
1236 5116 1286 5153 usu
1303 5103 1349 5153 Tb.
1369 5105 1516 5154 Mommsen
1532 5103 1572 5153 dic
1587 5101 1740 5152 &mombis

415 5191 465 5228 oon
481 5177 602 5241 sstpeaa
621 5177 673 5226 und
693 5176 797 5227 Malaca
818 5190 844 5241 p.
863 5174 919 5227 tet.
941 5204 968 5214 -
992 5179 1033 5227 29.
1051 5179 1094 5228 scd
1110 5178 1145 5224 V:
1169 5191 1222 5228 nm.
1240 5179 1301 5228 o0.
1330 5178 1509 5229 Relerendum
1530 5180 1572 5229 est
1587 5177 1630 5228 scd
1645 5177 1680 5227 ad
1695 5189 1738 5226 vv.

418 5254 553 5304 admodom
566 5253 655 5317 pauci,
673 5265 736 5304 cum
752 5251 787 5303 sit
802 5253 945 5304 sententia:
964 5256 1025 5303 sunt
1041 5253 1114 5318 impii
1126 5252 1210 5315 cives,
1228 5252 1291 5315 sed,
1310 5265 1472 5318 quamquam
1483 5265 1532 5318 pro
1544 5252 1651 5304 caritate
1663 5252 1739 5316 reip.
