4009 6159
683 511 757 577 cn.
778 510 960 578 ναι-αα.
987 508 1035 595 ςς
1057 506 1206 576 ls-sa.
1544 507 1607 576 sas

285 681 553 766 Sestiuslseoutus
573 702 631 766 pro
653 702 724 747 mea
744 681 863 758 salute,
885 703 942 766 pro
960 690 1066 746 vestra
1078 673 1358 769 auctoritate,(pro
1373 688 1456 747 statu
1470 684 1606 748 civitatis

283 777 384 842 nullas
406 775 467 840 sibi
489 775 688 852 inimicitias,
710 777 829 842 nullam
851 778 932 852 vim,
953 776 1060 840 nullos
1081 776 1237 860 impetus,
1258 777 1382 840 nullum
1396 778 1480 841 vitae
1496 777 1606 840 diseri-

282 890 352 934 men
372 869 537 962 utendum
557 891 708 954 umquam
729 855 880 954 putavitb
893 870 950 954 qui
971 890 1100 934 oausam
1121 877 1250 935 senatus
1272 871 1463 953 exagitatam
1484 872 1607 935 contio·
1669 945 1689 970 α
1701 901 1752 981 «L

282 964 373 1028 mons
395 963 613 1046 improborum
635 965 681 1028 sio
702 985 761 1028 soa
782 963 946 1047 diligentia
972 964 1166 1028 multitudini
1189 965 1434 1039 commendarit,
1463 974 1500 1029 ut
1525 964 1606 1028 nihil

280 1064 340 1120 um
362 1056 517 1142 populare
539 1076 633 1140 quem
656 1064 796 1122 vestrum
818 1040 1054 1162 nomen‚(nibil
1072 1066 1135 1122 tam
1150 1059 1298 1122 omuibus
1313 1079 1420 1122 earum
1434 1059 1633 1143 aliquandos
1713 1115 1794 1185 ἣν

280 1171 373 1234 quam
401 1158 506 1216 vestra
532 1153 704 1216 auotoritas
733 1139 919 1308 videretur)¹
940 1153 994 1237 qui
1017 1174 1067 1217 me
1091 1173 1162 1217 eum
1183 1153 1329 1216 omnibus
1349 1152 1461 1226 rebus,
1491 1151 1607 1236 quibus
1684 1178 1757 1238 >tw

280 1245 423 1308 tribunus
444 1245 488 1327 pl.
503 1245 616 1329 potuit,
639 1244 791 1321 defendit,
814 1252 880 1309 tum
919 1245 1037 1329 eliquis
1059 1245 1184 1322 officiis,
1209 1246 1300 1309 iuxta
1314 1265 1351 1309 ao
1365 1247 1393 1308 si
1409 1245 1608 1311 meusirater

279 1344 379 1414 esset,
402 1339 607 1403 sustentavit:
630 1339 721 1403 ouius
745 1357 804 1422 ego
827 1339 1013 1414 clientibus,
1035 1339 1174 1415 libertis,
1197 1339 1332 1414 familia,
1354 1340 1470 1423 copiis,
1492 1339 1607 1404 litteris

277 1433 321 1496 ita
342 1453 414 1496 sum
435 1440 648 1508 sustentatus,
669 1439 706 1496 ut
727 1453 817 1496 meae
832 1433 1021 1497 calamitatis
1036 1455 1100 1498 non
1115 1435 1242 1497 adiutor
1256 1433 1369 1510 solnm,
1389 1435 1606 1498 verumetiam

277 1528 384 1592 soeiue
398 1525 569 1591 videretur.
612 1523 663 1591 it.
679 1528 746 1590 lam
761 1535 938 1592 ceterorum
953 1525 1058 1591 officia
1072 1547 1110 1591 ao
1122 1528 1229 1591 studia
1241 1526 1384 1592 uidistist
1408 1547 1504 1612 quam
1519 1526 1645 1610 cupi-ao

277 1621 335 1685 dus
357 1619 423 1684 mei
445 1621 479 1684 (l.
503 1621 665 1698 cestibus,
689 1641 784 1705 quam
806 1621 967 1685 studiosus
989 1621 1103 1697 vestri,
1125 1641 1222 1705 qnam
1242 1641 1308 1683 nou
1326 1622 1434 1685 varius
1454 1620 1552 1685 fuerit
1573 1621 1608 1682 in

277 1733 383 1779 eausa.
419 1714 506 1791 Quid
534 1717 576 1780 bl.
600 1715 748 1799 Cispius?
781 1716 832 1779 oui
861 1734 920 1798 ego
951 1714 1032 1798 ipsi,
1064 1715 1187 1802 parenti
1209 1715 1362 1800 fratrique
1386 1715 1469 1790 eins,
1501 1715 1606 1777 sentio

277 1815 431 1894 quantum
464 1809 614 1874 debeam:
649 1811 722 1894 qui,
751 1830 821 1874 oum
850 1830 869 1873 a
896 1831 947 1874 me
976 1809 1122 1873 voluntas
1151 1829 1262 1873 eorum
1283 1810 1318 1872 in
1339 1810 1464 1893 privato
1485 1809 1607 1873 iudicio

278 1911 362 1968 esset
382 1903 514 1979 offensa,
536 1904 658 1988 publici
679 1905 743 1968 mei
764 1904 910 1968 beneficii
933 1905 1084 1968 memoria
1104 1905 1261 1986 privatum
1282 1903 1493 1967 offensionem
1514 1902 1609 1966 oblit-

276 2005 469 2063 teraverunt.
489 1987 579 2094 (lam
607 1999 643 2060 Τ.
665 1998 800 2073 Fadius,
831 1999 887 2083 qui
914 1997 991 2061 mibi
1013 2007 1165 2082 quaestor
1184 1997 1260 2074 init,
1281 2001 1325 2062 ld.
1348 1997 1491 2072 Curuus,
1517 1997 1645 2068 euiusu

274 2113 334 2177 ego
361 2089 446 2177 patri
474 2100 625 2178 quaestor
652 2091 715 2168 lui,
750 2093 873 2168 studio,
904 2113 1028 2167 amore,
1058 2093 1165 2156 animo
1193 2092 1270 2156 buio
1290 2089 1521 2157 necessitudini
1542 2109 1608 2154 non
1642 2160 1647 2171 .

274 2183 467 2286 debuerunt.)
488 2186 589 2252 Multa
610 2187 650 2250 de
672 2206 722 2250 me
745 2188 779 2250 C.
802 2188 938 2252 Messius
967 2193 999 2250 et
1026 2186 1183 2250 amioitiae
1213 2195 1246 2250 et
1278 2187 1324 2252 rei
1345 2186 1490 2271 publicae
1511 2204 1609 2248 eausa
1673 2195 1757 2251 -ae

276 2282 359 2347 dixit
367 2275 383 2359 ς’
399 2280 502 2364 legem
524 2281 693 2364 separatim
715 2282 808 2346 initio
830 2282 869 2345 de
892 2283 993 2346 salute
1016 2301 1087 2345 mea
1107 2280 1331 2365 promulgarit.
1374 2277 1425 2344 it.
1445 2279 1485 2355 Q.
1499 2280 1608 2343 Fabri-

274 2379 343 2444 cius
367 2376 411 2451 si,
444 2395 526 2460 quae
549 2376 588 2439 de
610 2396 661 2440 me
683 2396 775 2459 agere
798 2383 929 2440 conatus
952 2383 1017 2452 est,
1044 2395 1083 2439 ea
1104 2382 1213 2440 contra
1234 2377 1298 2439 vim
1320 2383 1352 2439 et
1373 2374 1492 2439 ferrum
1513 2375 1609 2461 perfi-

275 2493 347 2539 eere
376 2471 551 2555 potuisset,
578 2491 688 2534 mense
717 2471 863 2535 Ianuario
886 2478 1031 2534 nostrum
1053 2477 1170 2534 statum
1200 2471 1482 2555 reciperassemus:
1511 2493 1645 2556 quemso

273 2569 315 2633 ad
337 2567 474 2632 salutem
496 2585 600 2629 meam
621 2566 768 2630 voluntas
789 2564 930 2648 impulit,
958 2566 1007 2628 vis
1028 2565 1213 2641 retardavit,
1240 2566 1412 2629 auotoritas
1433 2573 1538 2629 vestra
1558 2586 1609 2629 re·

273 2663 410 2726 vocant.
455 2661 512 2723 IX.
533 2660 600 2723 lam
621 2679 698 2724 vero
725 2668 886 2743 praetores
909 2679 972 2744 quo
995 2660 1102 2724 auimo
1123 2660 1158 2721 in
1180 2680 1230 2724 me
1251 2659 1389 2736 luerim,
1418 2681 1476 2723 vos
1499 2662 1609 2725 existi·

273 2774 363 2822 mare
391 2753 556 2837 potuistis,
584 2774 656 2817 cum
681 2756 716 2818 L.
740 2754 895 2818 Caecilius
917 2754 1063 2838 privatim
1085 2773 1136 2816 me
1160 2754 1227 2818 suis
1250 2754 1397 2819 omnibus
1418 2757 1521 2839 copiis
1543 2763 1608 2818 stu·

274 2851 383 2914 (luerit
403 2854 581 2912 sustentare
587 2893 597 2924 ,
619 2848 746 2932 publice
769 2849 979 2931 promulgarit
1000 2849 1040 2912 de
1061 2868 1132 2912 mea
1153 2849 1256 2912 salute
1271 2869 1344 2913 oum
1359 2850 1489 2934 collegis
1504 2870 1606 2936 paene

274 2944 437 3016 omnibus,
465 2942 677 3025 direptoribus
708 2950 814 3006 autem
835 2942 992 3005 bonorum
1015 2962 1157 3007 meorum
1178 2944 1213 3005 in
1234 2944 1286 3007 ius
1307 2944 1447 3008 adeundi
1468 2953 1646 3029 potesta-ss

273 3049 339 3105 tem
372 3058 439 3102 nou
465 3035 583 3099 feeerit
627 3038 669 3101 it.
701 3043 808 3100 autem
837 3037 978 3100 Calidius
1005 3037 1112 3101 statim
1142 3037 1326 3120 designatus
1353 3040 1512 3103 sententie
1534 3060 1606 3116 sua,

275 3153 375 3218 quam
397 3140 482 3196 esset
504 3148 576 3194 cara
598 3130 658 3194 sibi
680 3149 751 3194 maa
772 3131 875 3205 salus,
897 3129 1079 3196 declaravit
1123 3127 1174 3193 23.
1197 3130 1312 3196 Omnia
1334 3131 1438 3197 officia
1454 3133 1488 3196 C.
1502 3134 1607 3218 Septi-

273 3227 347 3303 mii,
371 3225 410 3302 Q.
424 3225 562 3300 Valerii,
583 3227 617 3290 P.
634 3227 754 3302 Crassi,
777 3227 852 3290 Sex.
868 3224 1031 3303 Quintilii,
1054 3225 1088 3289 G.
1104 3225 1235 3289 Cornuti
1257 3246 1380 3293 summa
1402 3234 1434 3292 et
1453 3228 1488 3291 iu
1509 3239 1607 3294 meet

272 3321 308 3384 in
329 3339 397 3384 rem
418 3320 580 3404 publicam
603 3321 819 3385 constiterunt.

360 3414 450 3490 Quae
481 3433 554 3478 cum
581 3414 718 3478 libenter
746 3435 975 3491 commemoro,
1004 3421 1072 3478 tum
1094 3434 1159 3477 non
1181 3415 1300 3478 invitus
1322 3415 1551 3480 nonnullorum
1573 3419 1644 3490 inan

339 3621 364 3671 4.
382 3620 475 3671 &dau
491 3621 561 3671 mei:
580 3620 681 3672 wtios
697 3622 717 3671 0
736 3648 763 3658 -
781 3625 877 3672 mutus
893 3621 964 3672 estE
984 3620 1259 3684 -proeouroti-
1277 3622 1303 3672 i.
1320 3621 1433 3672 ottoein
1449 3623 1466 3672 S
1483 3635 1542 3689 sup.
1559 3621 1605 3675 liu.

271 3697 336 3748 ante
351 3697 490 3747 atmodum
510 3722 539 3732 -
557 3696 582 3748 3.
599 3697 754 3748 emtionibus
770 3699 856 3749 Pus:
875 3696 1066 3762 ooqltotwoibao
1081 3696 1145 3756 Εἲς
1162 3695 1351 3747 musteo
1370 3719 1398 3734 -
1417 3697 1443 3747 8.
1461 3710 1507 3761 epo
1517 3710 1572 3748 om.
1586 3701 1607 3748 G

272 3797 299 3808 -
321 3771 346 3822 9.
364 3784 419 3822 etus
436 3773 455 3823 P
472 3785 531 3836 sup.
549 3771 593 3824 lin.
612 3772 695 3824 babet
711 3787 725 3822 a
743 3785 778 3824 m.
798 3786 867 3832 see.;
895 3774 1000 3824 videtur
1016 3773 1107 3823 tamen
1124 3773 1212 3836 potius
1228 3768 1259 3822 ai
1277 3775 1339 3823 aute
1355 3778 1506 3824 sumtum
1523 3785 1605 3836 quam

269 3848 333 3911 post
348 3844 480 3910 syllabam
496 3851 536 3898 ao
549 3845 770 3912 praetermissum
787 3861 857 3900 esse.
869 3873 899 3885 -
917 3848 958 3898 40.
977 3851 1061 3898 cetero
1072 3847 1090 3896 S
1103 3871 1131 3884 -
1151 3846 1235 3910 effluo
1251 3859 1283 3897 oo
1298 3848 1383 3898 moto
1399 3861 1465 3900 uos:
1484 3861 1516 3898 oe
1531 3849 1608 3899 omit-

270 3923 332 3972 tunt
347 3921 470 3982 oodioes;
489 3923 573 3986 officio
588 3923 719 3986 eandoem
730 3924 758 3972 0.
784 3922 939 3974 Emendatio
956 3920 1008 3972 loci
1025 3923 1066 3972 est
1082 3923 1201 3982 ineerte;
1221 3935 1285 3974 nam
1300 3925 1390 3986 potest
1400 3925 1482 3976 etium
1493 3921 1607 3975 alterum

270 3995 470 4050 substantivum
492 3996 600 4050 alterius
619 3999 801 4062 interpretatio
819 4011 889 4050 esse.
909 4022 936 4033 -
962 3998 1003 4046 44.
1023 3997 1134 4047 Qubus
1150 3997 1266 4048 uuis:
1290 3997 1411 4049 ceettlttos
1426 4002 1461 4061 Gi
1488 3999 1609 4050 Seotiliass

270 4071 365 4126 lamb.
385 4097 414 4108 —
433 4073 474 4126 ti.
492 4075 528 4125 it.
547 4074 644 4138 Cispius
660 4075 680 4125 Ε
697 4076 725 4125 et
741 4072 794 4125 Pal.
807 4075 857 4126 lli:
872 4075 983 4136 otoepitu
999 4075 1033 4133 P;
1050 4073 1087 4123 ll.
1100 4074 1200 4136 nopae
1216 4074 1246 4134 S;
1266 4087 1301 4124 m.
1315 4076 1399 4137 oepius
1414 4079 1436 4126 G
1452 4078 1480 4127 et
1496 4077 1536 4127 sie
1552 4073 1608 4140 ple·

269 4151 348 4214 rique
365 4150 455 4214 ιαμ,
474 4161 589 4214 quorum
606 4148 692 4202 nullus
707 4161 799 4202 veram
817 4148 961 4201 lectionem
971 4149 1101 4206 seranum
1120 4148 1154 4200 ei.
1167 4163 1207 4200 or.
1220 4162 1248 4214 p.
1261 4150 1346 4201 Sestio
1364 4150 1434 4214 gie.
1447 4174 1478 4188 -
1497 4149 1537 4200 43.
1550 4163 1608 4200 uae

270 4239 288 4276 α
303 4237 344 4276 me
360 4225 424 4275 PE:
442 4238 501 4276 auu
515 4238 573 4276 meo
589 4228 623 4285 u;
641 4239 699 4276 eom
713 4225 774 4274 miti
791 4225 824 4284 ὃς
843 4237 900 4276 een
914 4223 1294 4287 momumiabsgdtm
1311 4223 1605 4289 oenomretttsgg.

271 4325 298 4340 -
321 4299 362 4352 ti.
376 4299 484 4363 nuum
498 4301 559 4350 mae
575 4300 695 4364 boemie
710 4299 763 4350 Eri.
783 4326 811 4336 -
837 4301 985 4351 mannum
1000 4301 1021 4350 E
1040 4325 1067 4336 -
1087 4299 1291 4350 oblitterweamt
1311 4301 1367 4352 mei
1387 4298 1446 4362 (sed
1465 4300 1484 4350 P
1504 4310 1545 4362 pr.
1567 4313 1604 4350 m.

270 4373 490 4438 obliteroommtl:
509 4373 673 4428 obliterarmu
689 4375 709 4425 O
728 4401 756 4410 —-
775 4375 815 4425 tlt.
836 4375 861 4425 T.
880 4375 953 4426 odius
970 4377 991 4425 G
1009 4401 1037 4410 -·
1055 4374 1092 4424 ti.
1105 4375 1206 4426 Curtius
1221 4375 1294 4425 mei:
1311 4375 1357 4426 Μ’.
1372 4375 1534 4426 CurttoLO.
1552 4377 1606 4426 No-

270 4463 335 4502 men
353 4450 444 4502 θιατίαα
460 4451 502 4502 est
518 4449 547 4500 iu
561 4448 661 4513 aliquot
677 4448 755 4502 codd.
775 4449 851 4510 dett.¹
871 4451 901 4500 ut
915 4451 943 4500 in
959 4449 975 4500 3
992 4449 1094 4501 Oxonn.
1113 4453 1141 4502 et
1156 4451 1184 4500 in
1200 4451 1215 4499 7
1233 4452 1327 4514 laets-t
1346 4452 1374 4501 at
1390 4449 1491 4501 babent
1507 4450 1606 4502 uotam

271 4522 352 4576 codd.
376 4525 457 4576 etiam
480 4525 506 4575 iu
524 4537 566 4589 ep.
585 4524 620 4576 ed
637 4525 726 4586 Quint.
744 4523 802 4576 irat.
822 4526 846 4587 1,
865 4524 890 4587 l,
909 4524 933 4575 3.
959 4524 998 4576 cl.
1012 4537 1040 4589 p.
1052 4524 1146 4577 Flacco
1162 4525 1179 4590 ἓ
1196 4525 1237 4576 30.
1251 4552 1280 4562 -
1298 4526 1339 4576 46.
1358 4529 1533 4590 eqoqaoestor
1545 4527 1607 4588 pori

269 4631 409 4698 paes-
426 4629 469 4679 at.
486 4595 533 4679 eil
548 4629 651 4680 maun
666 4629 728 4688 niu
747 4629 774 4679 o.
792 4629 923 4680 nasetur
939 4631 958 4679 t
976 4654 1003 4665 -
1030 4629 1070 4681 is.
1088 4631 1224 4693 maruan
1241 4628 1315 4681 sou:
1333 4634 1479 4693 suenum
1495 4629 1530 4689 s;
1548 4643 1605 4696 sps-

269 4707 350 4758 rotim
365 4707 401 4764 P;
417 4704 545 4766 ussum
561 4705 607 4755 GS
624 4708 651 4755 et
668 4702 746 4754 codd.
764 4701 894 4768 plerique.
915 4731 942 4741 -
962 4704 1003 4755 49,
1022 4717 1053 4755 eo
1069 4717 1122 4756 om.
1136 4706 1154 4755 S
1171 4731 1199 4741 -
1217 4705 1259 4755 20.
1276 4711 1386 4756 oestnen
1402 4710 1496 4756 swtteo
1512 4706 1560 4757 EF
1577 4709 1605 4758 et

269 4785 286 4836 t
304 4783 400 4845 lagg.;
417 4783 524 4830 veterae
538 4784 631 4831 stom
645 4790 833 4842 exuperatum
843 4779 913 4830 coni.
926 4781 1060 4830 Garatoni.
1075 4805 1103 4817 -
1121 4780 1324 4844 reeipirossemus
1339 4782 1373 4840 1²3
1391 4795 1606 4844 recuperemus

270 4858 334 4918 θος
350 4867 512 4919 measse
527 4855 548 4905 rt
564 4855 596 4914 F;
612 4859 783 4918 recuperasset
799 4854 820 4903 et
836 4855 872 4912 E;
890 4855 1087 4917 reoperosets
1101 4881 1128 4890 -
1146 4856 1188 4905 at,
1201 4856 1321 4904 sostrati
1335 4881 1359 4894 ·-
1380 4856 1421 4906 23.
1433 4856 1511 4919 ooptis
1527 4858 1606 4907 ornet·

270 4929 1212 4994 oue-tt.prumuoaoqu-promeoE-amom.e-
1234 4929 1601 4994 ibautemlootlietilrt.

271 5021 358 5069 oorr.;
381 5007 449 5058 euius
465 5005 518 5056 Eri.
537 5017 573 5055 m.
593 5006 617 5054 4.
638 5029 665 5041 -
690 5003 939 5054 bmmmmeonms
956 5004 1027 5054 mel:
1049 5017 1162 5055 mennon
1178 5003 1234 5055 boo.
1253 5006 1273 5055 0
1293 5031 1320 5040 -
1345 5006 1386 5056 st.
1405 5019 1469 5056 soro
1485 5005 1604 5058 dbtmeo

267 5083 334 5136 i’li:
351 5081 630 5139 eiMcorameotlffl
647 5079 693 5130 sibl
708 5091 765 5130 mea
782 5092 845 5130 eoru
862 5080 956 5131 Eri-
976 5079 1079 5142 senam
1096 5079 1116 5130 E
1133 5081 1303 5145 ethr.m.
1319 5105 1346 5116 -
1365 5081 1406 5132 28.
1426 5081 1602 5132 consulti

273 5163 438 5220 -etre.p.
460 5157 868 5208 e-ua.ooutiaur1mtE-
893 5155 1602 5220 annumerabimus-cosummat

268 5236 347 5301 Ppr.
365 5245 402 5288 m.
421 5235 624 5300 (emmenum
638 5233 796 5287 dometur
811 5233 988 5286 semotum
1004 5233 1042 5296 s).
1062 5257 1089 5270 -·
1107 5232 1223 5284 bosam
1237 5233 1266 5282 P.
