4009 6159
426 560 510 629 ⁴392
836 562 988 630 caeno
1009 564 1233 634 emmeles
1252 562 1337 633 xm.

423 731 526 797 iacere
551 729 668 795 andeti
696 749 801 815 neque
826 730 913 797 illius
939 732 1005 797 diei
1026 734 1207 799 memoriam
1235 732 1463 818 perhorrescit,
1490 754 1555 819 quo
1577 754 1673 800 ausus
1694 742 1743 801 est

425 826 554 890 obrutus
580 823 671 899 rino,
699 827 871 908 unguentis
899 826 1030 902 oblitus,
1060 829 1164 893 nudus
1191 837 1367 913 gementem
1396 828 1545 913 populum
1567 830 1741 894 Romanum

423 918 465 983 ad
494 920 675 984 servitutem
704 919 883 984 cohortari?
911 923 1194 987 Veteranorum
1224 922 1421 997 colonias,
1446 923 1630 989 deductas
1657 924 1741 1008 lege

424 1020 461 1077 et
482 1016 642 1077 senatus
664 1013 856 1090 consulto,
879 1015 1110 1080 sustulistis.
1146 1018 1211 1079 Nos
1233 1016 1433 1093 sustulimus,
1455 1036 1496 1080 an
1512 1024 1620 1082 contra
1639 1017 1740 1101 legem

399 1107 554 1171 ccomitiis
582 1106 765 1169 centuriatis
791 1106 886 1173 latam
913 1110 1099 1174 sanximus?
1127 1109 1208 1173 Vide
1235 1129 1275 1173 ne
1303 1116 1336 1173 tu
1358 1116 1523 1175 veteranos
1548 1116 1653 1175 tamen
1674 1130 1740 1186 eos,

423 1201 478 1285 qui
505 1207 594 1289 amnt
613 1199 762 1283 perditi,
777 1201 953 1285 perdideris
981 1203 1014 1265 in
1037 1224 1173 1287 eumque
1195 1203 1299 1267 locum
1321 1202 1507 1279 deduxeris,
1533 1222 1574 1267 ex
1595 1224 1658 1289 quc
1678 1204 1741 1287 ipsi

420 1294 485 1357 iam
511 1294 651 1357 sentiunt
680 1312 714 1357 se
735 1313 907 1379 numquam
929 1295 1081 1360 exituros.
1123 1293 1516 1377 itihiassiiiensicus
1543 1298 1625 1361 iure
1647 1298 1741 1361 belli

421 1386 598 1471 adempta
616 1386 846 1453 reddituros
867 1410 935 1454 vos
954 1390 1214 1475 pollicemini.
1238 1390 1323 1453 Nihil
1338 1392 1463 1475 disputo
1479 1392 1519 1455 de
1533 1392 1601 1456 inre
1614 1392 1741 1457 belli-

421 1479 520 1563 magis
540 1480 642 1545 facilis
665 1480 835 1566 disputatio
857 1491 905 1547 est
927 1468 1022 1569 huam
1043 1484 1220 1549 necessaria
1241 1506 1299 1548 -ε
1321 1484 1400 1549 illud
1422 1492 1526 1550 umen
1548 1483 1742 1549 animadver-

261 1553 289 1661 ζ
383 1576 494 1650 solite,
515 1582 619 1659 patres
641 1575 825 1659 conscripti,
848 1597 942 1662 quam
964 1579 1006 1641 sit
1024 1579 1098 1643 huic
1119 1578 1166 1642 rei
1188 1579 1332 1664 publicae
1352 1586 1444 1643 natus
1458 1579 1560 1657 hostis
1573 1581 1740 1655 Antonius,

421 1670 476 1755 qui
496 1676 582 1734 tanto
604 1689 700 1754 opere
721 1689 791 1734 eam
812 1670 970 1734 civitatem
992 1672 1112 1748 oderit,
1136 1691 1232 1756 wem
1254 1674 1313 1736 scit
1333 1672 1407 1736 huic
1428 1674 1473 1737 rei
1495 1674 1639 1757 publicae
1659 1694 1741 1738 sem·

418 1784 475 1848 per
495 1764 593 1829 fuisse
614 1764 845 1828 amicissimam.
888 1765 972 1829 XVI.
992 1766 1196 1829 Neminem
1226 1767 1515 1850 Pompeianum,
1537 1770 1604 1852 qui
1626 1769 1740 1842 vivat,

419 1859 542 1924 teneri
564 1858 649 1941 lege
670 1858 804 1923 llirtia
825 1856 1031 1924 dictitatis.
1069 1860 1165 1937 Quis,
1188 1879 1323 1944 quaeso,
1344 1860 1407 1924 iam
1428 1860 1506 1945 legis
1520 1860 1638 1925 Hirtiae
1652 1881 1740 1925 men·

418 1954 536 2017 tionem
563 1952 662 2016 faciti
690 1951 780 2015 cuins
807 1971 871 2017 non
899 1952 1003 2017 minus
1030 1953 1164 2018 arbitror
1193 1953 1325 2017 latorem
1350 1953 1454 2038 ipsum
1477 1973 1572 2039 quam
1594 1974 1667 2029 eos,
1698 1956 1739 2019 de

271 2044 308 2171 lp
381 2048 534 2131 atquibus
559 2046 623 2111 lata
652 2052 715 2122 est,
744 2046 915 2131 paenitere.
952 2046 1090 2112 Omnino
1112 2066 1182 2110 mea
1205 2045 1333 2130 quidem
1355 2048 1509 2112 sententia
1530 2049 1630 2131 legem
1651 2048 1737 2112 illam

418 2140 579 2223 appellare
599 2139 646 2204 ias
668 2159 734 2204 non
756 2147 820 2217 est,
848 2147 895 2217 et,
922 2147 958 2203 ut
986 2140 1027 2205 sit
1053 2142 1122 2217 lex,
1152 2159 1218 2204 non
1240 2139 1389 2204 debemus
1411 2139 1500 2204 illam
1520 2140 1614 2205 Hirtii
1635 2134 1738 2224 lege'm

417 2242 540 2317 putare.
574 2234 788 2318 Apuleiana
807 2234 974 2319 pecunia
995 2228 1154 2299 Brutuni
1174 2233 1429 2298 subornastis.
1466 2232 1575 2310 ouius
1596 2236 1623 2299 si
1637 2236 1738 2300 omni·

417 2326 478 2390 hus
506 2329 571 2393 suis
599 2329 700 2412 copiis
729 2329 934 2394 excellentem
955 2328 1058 2393 rhum
1080 2348 1130 2393 res
1152 2326 1279 2412 publica
1299 2335 1466 2403 armasset,
1494 2347 1588 2412 wem
1610 2329 1737 2394 tandem

416 2419 535 2485 bonum
555 2422 750 2506 paeniteret?
771 2443 830 2486 nec
849 2423 932 2487 enim
955 2422 1023 2486 sine
1045 2422 1180 2507 pecunia
1201 2424 1375 2486 exercitum
1390 2421 1475 2486 alere
1489 2440 1549 2485 nec
1563 2422 1633 2487 sino
1648 2442 1737 2486 exer-

229 2539 323 2645 ist
378 2515 481 2579 accitu
501 2514 627 2581 fratrem
650 2524 738 2581 tuum
764 2536 876 2601 capere
898 2516 1064 2600 potuisset.
1107 2512 1324 2609 33.(Securi
1351 2534 1557 2603 percussos
1585 2516 1736 2580 Petrum

294 2611 298 2622 '
417 2618 454 2674 et
474 2610 755 2686 Menedemum,
783 2611 949 2675 civitate
971 2609 1134 2693 donatos
1164 2618 1202 2673 et
1223 2609 1404 2693 hospites
1428 2600 1633 2710 Caesaris)
1661 2610 1737 2675 lan·
1847 2627 1859 2642 ’

416 2702 553 2767 dastis.
588 2707 658 2769 Non
679 2705 891 2780 laudavimus,
914 2704 1000 2789 quod
1012 2690 1062 2767 uc
1078 2703 1254 2767 audivimus
1270 2702 1418 2787 quidem;
1440 2702 1532 2766 valde
1546 2704 1629 2768 enim
1644 2706 1736 2769 nobis

413 2797 447 2859 in
468 2805 556 2861 tanta
578 2799 812 2884 perturbatione
829 2798 876 2864 rei
899 2798 1047 2881 publicae
1070 2798 1109 2861 de
1133 2796 1257 2861 duobus
1279 2798 1479 2881 nequissimis
1502 2797 1662 2861 Graeculis
1684 2818 1737 2862 co-

414 2892 576 2977 gitandum
602 2893 671 2957 fuit.
714 2893 1018 2976 Theopompum,
1044 2890 1193 2954 nudum
1228 2890 1437 2976 expulsum
1468 2911 1487 2954 a
1513 2890 1745 2973 Trebonio„

375 2987 634 3070 soconfugere
663 2985 952 3049 Alexandriam
973 2984 1233 3070 neglexistis.
1276 2986 1424 3067 Magnum
1447 2985 1567 3047 crimen
1589 2985 1734 3049 senatusl

294 3068 319 3170 d,
413 3082 460 3146 De
482 3081 705 3163 Theopompo,
727 3101 847 3145 summo
870 3080 1013 3173 homine,
1035 3079 1249 3163 negleximus,
1272 3079 1325 3163 qui
1341 3078 1396 3142 ubi
1411 3086 1562 3142 terrarum
1579 3079 1633 3153 sit,
1656 3078 1734 3163 quid

413 3182 499 3258 agat,
521 3176 605 3238 vivat
626 3174 766 3258 denique
787 3195 827 3239 an
849 3181 990 3238 mortuus
1013 3175 1069 3248 sit,
1092 3173 1163 3257 quis
1184 3178 1239 3234 aut
1259 3173 1320 3235 scit
1340 3180 1395 3235 aut
1417 3176 1527 3236 curati
1554 3173 1733 3237 Servium

414 3268 571 3333 Galbam
592 3266 732 3333 eodem
754 3268 928 3351 pugione
950 3267 1201 3330 succinctum
1223 3266 1263 3330 in
1287 3267 1437 3333 castris
1458 3265 1626 3331 videtis.
1648 3266 1733 3331 Nihil

273 3348 301 3469 J
412 3362 470 3427 tihi
491 3362 532 3426 de
553 3362 651 3427 Galba
672 3360 866 3447 respondeo,
886 3360 1059 3425 fortissimo
1079 3367 1110 3423 et
1124 3358 1376 3424 constantissimo
1390 3359 1469 3455 ciuis
1491 3378 1596 3425 coram
1612 3359 1732 3437 aderit;

410 3691 547 3744 Ferrarius
563 3685 621 3740 coll.
634 3688 718 3740 Dione
734 3686 775 3749 44,
787 3688 817 3737 T:
838 3679 895 3737 κάκ
911 3680 1016 3738 τούτου
1032 3686 1082 3737 ναί
1098 3680 1300 3757 πενταετηρίδα
1316 3682 1348 3736 oi
1362 3680 1402 3749 ὡς
1418 3674 1505 3759 ἥρωι,
1524 3684 1686 3760 ἱεροποιούς
1701 3702 1732 3741 rs

410 3766 442 3831 ἐς
456 3758 509 3829 τὰς
523 3759 576 3816 τοῦ
593 3756 692 3826 Πανὸς
706 3760 927 3829 γυμνοπαιδίας,
945 3764 1042 3834 τρίτην
1057 3756 1121 3812 τινὰ
1138 3759 1264 3832 ἑταιρίαν
1280 3756 1317 3827 ἢν
1330 3754 1451 3813 Ἰουλίαν
1467 3758 1625 3831 ὠνόμασαν
1637 3768 1689 3818 cet.
1701 3794 1728 3805 -

410 3843 519 3895 t.osdit
535 3854 592 3891 a·-
611 3839 635 3891 3.
653 3840 766 3890 coartari
782 3839 816 3891 et
834 3865 861 3875 -
880 3838 905 3891 4.
923 3843 947 3888 ct
963 3851 983 3888 s.
1001 3851 1023 3888 c.
1043 3835 1122 3887 abt:
1140 3837 1299 3899 atomio,
1318 3837 1730 3902 quamlectionemveram'esse

409 3916 487 3983 longa
507 3915 683 3982 disputatione
705 3913 828 3964 Garatoni
852 3912 967 3978 probare
988 3914 1099 3963 conatus
1120 3913 1169 3966 est.
1197 3913 1230 3962 st
1246 3911 1336 3976 quidni
1354 3913 1456 3965 diceret
1472 3916 1598 3967 Antonius
1615 3915 1730 3969 colonias

409 3992 467 4058 lege
485 3994 513 4044 et
527 4004 550 4044 s.
569 3988 688 4043 consulto
710 3986 838 4039 deductas
854 4000 927 4047 esso,
951 4000 984 4036 ec
1001 3984 1059 4037 scil.
1078 3984 1150 4049 quod
1169 3986 1226 4050 ipsc
1243 3985 1364 4037 lecerat‘t
1386 3989 1452 4039 Nam
1469 3989 1492 4040 si
1509 3990 1664 4041 ciceronem
1681 4003 1730 4041 au-

409 4067 479 4130 dies,
497 4080 532 4118 ne
549 4062 661 4131 populus
677 4062 786 4127 quidem
803 4075 863 4114 eam
879 4060 965 4127 legem
983 4061 1098 4127 ecceptt;
1117 4074 1141 4111 v.
1160 4073 1200 4111 or.
1218 4060 1249 4126 V,
1268 4061 1283 4127 5
1300 4062 1324 4114 7.
1345 4090 1372 4099 -
1397 4064 1421 4114 t.
1440 4066 1534 4116 emath
1551 4080 1566 4116 a
1587 4095 1614 4105 -
1632 4067 1687 4118 tcto
1704 4070 1726 4125 t;

409 4143 476 4194 ictos
490 4156 521 4204 a;
538 4142 591 4207 lopo
601 4164 639 4179 ··
650 4140 705 4191 istc
720 4140 788 4192 coni.
808 4140 956 4198 Ferrarius,
974 4138 1038 4200 lepos
1048 4163 1085 4177 -·
1096 4136 1162 4187 ictus
1177 4136 1269 4188 maluit
1279 4138 1402 4190 Garatoni
1414 4165 1443 4178 -
1460 4145 1544 4191 tomes
1560 4140 1639 4193 abt:
1657 4143 1728 4192 troni
1775 4190 1777 4195 .

411 4244 439 4255 -
456 4218 481 4269 7.
498 4219 551 4269 icoo
565 4216 614 4280 ipsi
629 4216 638 4264 i
655 4240 683 4252 -
702 4214 728 4265 8.
745 4214 845 4276 desputo
861 4215 872 4263 t
890 4240 916 4250 -
938 4213 962 4263 9.
981 4212 1101 4262 mentite
1117 4210 1160 4262 ed.
1178 4212 1244 4263 Ven.
1263 4211 1335 4263 4474.
1355 4238 1383 4249 -
1403 4212 1443 4263 40.
1462 4216 1547 4279 pacm]
1565 4230 1589 4279 q.
1609 4218 1635 4275 t;
1654 4217 1728 4279 poia

408 4291 444 4344 bi
461 4318 489 4329 -
506 4293 539 4342 sit
553 4296 581 4341 ut
596 4290 652 4340 heic
666 4288 726 4339 b-
744 4288 932 4338 betuniensis
949 4288 1026 4349 reip.
1039 4299 1093 4337 om.
1112 4288 1123 4336 t
1141 4313 1168 4323 -
1189 4286 1228 4336 tt.
1241 4286 1298 4336 istc
1311 4298 1363 4337 om.
1377 4299 1392 4336 a
1406 4314 1433 4325 -
1451 4290 1491 4339 44.
1508 4289 1584 4354 {uam
1599 4289 1726 4353 καμπὴ

407 4380 503 4431 semper
518 4379 572 4417 om.
590 4365 608 4415 b
627 4390 655 4401 -
675 4361 715 4413 43.
733 4364 810 4414 tecet
825 4364 877 4426 ispe
892 4363 976 4413 iistis
991 4362 1109 4413 dbtitctis
1126 4360 1204 4412 Orelli
1222 4362 1256 4425 (in
1274 4360 1359 4423 adal:
1383 4364 1460 4413 tanei
1476 4364 1528 4429 teca
1543 4363 1628 4426 bursis
1645 4364 1728 4429 dipsi-

407 4442 466 4492 tctis
481 4442 508 4503 t3
530 4446 611 4493 tam
630 4439 682 4503 teos
702 4438 779 4489 hirtio
796 4437 896 4503 (bireta)
913 4438 1041 4501 dipsbmis
1057 4436 1113 4498 ab;
1137 4441 1218 4486 ίονενο
1237 4436 1289 4500 ispa
1304 4437 1388 4487 Hirtio
1404 4438 1534 4503 dicacitates
1550 4438 1603 4499 40,
1624 4437 1673 4489 scd
1690 4439 1725 4487 0:

407 4522 425 4582 †
441 4522 523 4569 tem
538 4542 567 4553 -
585 4516 652 4580 qun,
670 4527 761 4576 quaeso
777 4515 830 4567 iuro
846 4513 907 4565 cod.
925 4514 1027 4565 Ursini:
1046 4512 1101 4575 quia
1118 4510 1169 4574 (qui
1186 4508 1238 4572 b²i)
1257 4512 1328 4573 qussi
1344 4510 1398 4565 iam
1413 4509 1486 4572 bti;
1505 4512 1727 4575 adaquametiam

407 4605 438 4650 a;
456 4592 513 4654 coi,
531 4603 635 4654 quaeso,
652 4590 705 4641 iam
721 4591 741 4640 0
758 4603 821 4641 cum
837 4588 969 4647 ferrario,
987 4586 1021 4637 ci.
1039 4585 1105 4636 inira
1121 4584 1154 4635 ad
1172 4584 1187 4647 5
1204 4583 1244 4636 44,
1256 4612 1289 4625 -
1306 4586 1345 4637 43.
1360 4586 1471 4648 penitere
1487 4587 1557 4647 mei;
1572 4598 1644 4649 poso.
1658 4586 1687 4646 0,
1700 4587 1727 4635 et

406 4670 446 4722 sic
462 4668 526 4718 item
542 4664 646 4716 intrav.
659 4664 699 4714 43.
713 4690 740 4699 -
755 4664 854 4725 usuam
868 4676 925 4713 osec
941 4664 963 4724 i;
981 4676 1040 4713 msc
1056 4662 1154 4725 quidm
1170 4664 1205 4710 cst
1220 4659 1239 4710 b
1253 4688 1280 4697 -
1299 4661 1340 4712 46.
1352 4661 1395 4712 lac
1410 4675 1460 4712 ooo
1476 4666 1520 4712 cst.
1538 4660 1658 4711 Debernsss
1673 4660 1723 4709 t-

405 4745 447 4796 43.
463 4741 603 4804 Apuleiana
618 4738 681 4789 abt
697 4736 840 4802 (cpubimai
854 4735 962 4802 paeonici
978 4739 1012 4800 tl:
1029 4736 1186 4799 Appuleiam
1201 4736 1239 4787 40
1257 4762 1284 4773 -
1304 4736 1456 4788 submtis
1472 4750 1525 4787 om.
1544 4738 1569 4795 t;
1587 4736 1727 4787 ευῠοηιαίίε

405 4818 537 4870 llanutius
555 4840 582 4852 -
600 4814 640 4864 40.
658 4815 757 4865 Petaso
773 4814 843 4865 mei:
860 4814 963 4865 Postscn
979 4812 999 4862 0
1016 4823 1078 4862 cum
1095 4809 1138 4860 ed.
1154 4810 1238 4869 innt.;
1256 4810 1386 4860 Petraeum
1402 4808 1573 4876 probabiliter
1588 4810 1623 4863 hl.
1636 4810 1726 4874 Haup-

406 4894 457 4946 tins
474 4894 502 4944 et
517 4891 560 4943 hic
577 4890 605 4939 et
614 4888 641 4938 in
653 4889 729 4939 Caes.
742 4888 769 4942 h.
782 4890 832 4939 civ.
845 4888 892 4949 444,
910 4887 951 4949 33,
964 4888 995 4945 4;
1013 4899 1039 4935 ν.
1052 4882 1193 4950 Nipperdei
1210 4889 1304 4947 φωναί.
1317 4884 1387 4935 coes.
1404 4898 1432 4949 p.
1447 4884 1494 4935 468
1505 4897 1546 4949 sq.
1560 4910 1588 4921 -
1606 4884 1647 4934 44.
1665 4882 1725 4933 ίαν-

405 4966 520 5018 dccimos
535 4961 690 5015 Lambinus:
713 4964 840 5013 laudm
856 4965 881 5021 t;
905 4962 1038 5011 nummu
1053 4958 1142 5011 ablO
1164 4957 1243 5021 (quod
1259 4956 1337 5009 Orelli
1354 4961 1381 5010 in
1397 4958 1454 5010 Vol.
1472 4960 1515 5022 lv,
1533 4959 1562 5020 4,
1580 4972 1606 5025 p.
1625 4958 1668 5009 594
1691 4970 1723 5008 ex

405 5055 422 5092 a
437 5038 527 5093 retulit
541 5037 670 5102 deceptus
686 5049 733 5089 sua
747 5036 898 5098 collatione,
921 5034 1017 5086 laisum
1033 5034 1081 5097 est)
1101 5059 1128 5071 -
1147 5034 1263 5084 cadmus
1278 5035 1290 5083 t
1307 5059 1334 5070 -
1353 5032 1394 5085 43.
1411 5032 1522 5099 mundis
1538 5032 1556 5085 b
1575 5060 1602 5071 -
1621 5032 1660 5085 44.
1672 5046 1722 5082 nu-

405 5118 465 5167 dum
478 5128 530 5166 uos
545 5109 583 5179 (si)
594 5111 724 5176 sapuisses
744 5110 821 5169 abts
843 5111 949 5162 videtur
963 5110 990 5161 in
1006 5122 1057 5160 sos
1073 5120 1171 5159 nomen
1186 5106 1236 5159 loci
1254 5107 1344 5160 latere.
1365 5134 1392 5146 -
1415 5108 1456 5159 47.
1475 5110 1530 5171 quis
1545 5112 1590 5159 urst
1605 5108 1649 5158 cett
1665 5118 1719 5158 om.

405 5190 634 5242 a-senstssot:
656 5187 793 5239 samo·-
815 5185 1084 5238 ibisccstistat-
1103 5182 1649 5249 itt.rssposdcboaliquotccdd.dett.·-
1670 5180 1720 5231 etri

406 5264 484 5317 abt:
501 5266 554 5318 etos
568 5264 616 5316 it).
