4009 6159
647 583 720 649 cn.
743 583 1029 649 xxm-xxm.
1058 583 1104 669 sp
1126 583 1276 649 44-44.
1542 583 1625 654 ross

297 755 360 821 hoc
382 756 527 820 meritum
548 755 623 819 huic
644 762 688 830 et,
717 763 752 820 ut
779 775 799 818 a
826 755 982 839 principio
1012 755 1096 832 dixi,
1125 756 1241 820 iustam
1271 760 1305 819 et
1332 755 1472 822 debitam
1493 760 1626 842 gratiam

297 848 401 913 refero
429 869 605 932 speroque,
638 850 772 924 iudices,
805 858 841 912 ut
867 869 939 924 eos,
972 852 1028 934 qni
1058 853 1216 935 principes
1238 850 1368 916 fuerunt
1389 854 1626 920 conservandae

202 933 206 942 ’
298 943 409 1007 solutis
431 949 486 1008 aut
507 943 666 1026 dignitatis
688 963 793 1018 meae,
823 944 954 1026 diligitis
976 954 1009 1008 et
1029 965 1119 1009 ceros
1140 945 1280 1020 habetis,
1311 947 1373 1021 sic,
1398 966 1481 1031 quae
1502 947 1542 1010 ab
1564 947 1625 1012 hoc

297 1049 356 1119 pro
376 1033 524 1102 facultate
545 1039 655 1114 huius,
679 1059 736 1122 pro
758 1040 828 1103 loco
849 1038 930 1102 tacta
952 1046 1042 1114 sunt,
1065 1047 1098 1101 et
1118 1047 1205 1122 grata
1227 1059 1297 1102 esse
1319 1041 1410 1104 vobis
1432 1048 1464 1104 st
1484 1041 1625 1124 probata

296 1134 367 1196 Non
394 1131 492 1214 igitur
519 1134 644 1208 asnis,
674 1153 753 1216 quos
782 1133 888 1196 nullos
910 1132 1021 1207 hahet,
1053 1135 1319 1209 sedunorum,
1349 1136 1404 1218 qui
1427 1135 1572 1200 etmulti
1595 1143 1649 1205 ets

296 1231 443 1309 potentes
458 1235 541 1301 sunt,
564 1234 717 1309 urguetur
730 1228 883 1292 inimicis:
906 1247 987 1310 quos
1003 1227 1134 1311 quidem
1151 1228 1302 1291 hesterno
1318 1228 1369 1292 die
1385 1229 1442 1292 Gn.
1456 1232 1625 1314 Pompeius

297 1320 427 1402 copiosa
448 1321 588 1386 oratione
610 1331 641 1386 et
662 1323 748 1405 gravi
771 1341 892 1395 secum,
919 1324 945 1384 si
967 1321 1101 1396 vellent,
1124 1322 1315 1386 contendere
1337 1323 1480 1398 iubebat,
1502 1323 1541 1384 nlt
1562 1322 1625 1386 hos

295 1414 410 1498 impari
433 1419 604 1480 certamine
626 1425 721 1501 atque
743 1417 860 1480 iniusta
878 1416 1082 1480 contentione
1097 1418 1259 1481 avocabat.
1292 1416 1626 1482 nuisement

297 1529 401 1594 aequa
421 1512 475 1574 lox
497 1518 529 1574 et
550 1512 659 1586 nobis,
682 1511 818 1586 iudices,
841 1518 935 1593 atque
958 1511 1122 1586 omnibus,
1145 1511 1200 1594 qui
1222 1512 1339 1576 nostris
1359 1512 1625 1577 familiaritatibus

296 1605 514 1690 implicantur,
544 1606 748 1670 vehementer
768 1605 870 1679 utilis,
899 1611 934 1668 nt
955 1614 1080 1669 nostras
1102 1604 1289 1669 inimicitias
1306 1606 1367 1690 ipsi
1388 1609 1549 1671 internos
1572 1626 1664 1689 gre-to

298 1720 419 1775 ramus,
441 1700 550 1764 amicis
573 1707 753 1764 nostrorum
775 1700 972 1763 inimicorum
995 1707 1216 1783 temperemus.
1250 1703 1296 1763 Ac
1317 1701 1346 1763 si
1367 1721 1439 1764 mea
1455 1701 1627 1765 auctoritas

298 1795 374 1860 setis
403 1793 487 1877 apud
515 1793 588 1858 illos
613 1795 783 1857 inhaere
805 1795 955 1877 ponderis
975 1794 1122 1868 haberet,
1150 1815 1222 1858 curn
1243 1815 1294 1858 me
1316 1797 1499 1879 praesertim
1521 1813 1626 1858 rerum

297 1891 447 1954 tanente
469 1898 565 1972 etque
586 1909 646 1952 usu
668 1889 740 1972 ipso
762 1891 823 1952 ianr
845 1889 1032 1970 perdoctum
1053 1889 1215 1963 viderent,
1238 1890 1332 1952 etiam
1354 1890 1394 1952 ab
1413 1890 1476 1953 illis
1491 1910 1547 1954 eos
1561 1909 1627 1970 ma·

296 1985 417 2049 ioriltus
439 1983 606 2047 discordiis
628 2001 802 2048 evocarem.
843 1984 968 2046 Etenim
991 1983 1181 2046 contendere
1203 1983 1244 2046 de
1264 2004 1300 2046 re
1326 1984 1472 2068 publica,
1499 2005 1571 2049 curn
1591 1987 1625 2049 id

298 2079 467 2154 delendus,
489 2078 575 2161 quod
599 2099 668 2142 esse
690 2079 843 2162 optimum
866 2077 998 2152 sentias,
1022 2084 1054 2139 et
1074 2076 1203 2140 fortium
1224 2077 1364 2141 virorum
1387 2084 1419 2142 et
1440 2099 1625 2164 magnorum
1635 2101 1663 2148 ss

296 2175 463 2242 hominum
492 2191 619 2256 semper
645 2173 771 2257 putavi,
801 2191 905 2255 neque
934 2172 1008 2235 huic
1029 2191 1180 2255 umquam
1202 2171 1322 2247 labori,
1350 2171 1474 2248 officio,
1502 2178 1626 2240 muneri

297 2268 395 2335 delui.
433 2269 495 2332 Sed
519 2269 680 2332 contentio
704 2263 844 2331 tamdiu
867 2267 995 2350 sapiens
1018 2273 1082 2340 est,
1104 2287 1200 2348 quam
1223 2265 1279 2329 diu
1297 2274 1353 2331 aut
1366 2265 1491 2351 prolicit
1505 2269 1625 2354 aliquid

297 2374 366 2440 aut,
397 2367 424 2430 si
453 2383 517 2428 non
548 2363 688 2446 proficit,
719 2382 783 2426 non
806 2362 896 2426 obest
918 2360 1048 2423 civitati.
1093 2356 1335 2425 ottonianus
1358 2363 1529 2447 quaedam,
1552 2383 1626 2428 oon·

297 2459 471 2532 tendimus,
501 2458 622 2542 experti
645 2475 770 2520 sumus:
800 2457 929 2520 obtenta
951 2475 1015 2518 non
1037 2464 1120 2519 sunt.
1162 2454 1313 2518 Dolorem
1333 2457 1403 2532 ulii,
1424 2476 1484 2521 nos
1506 2459 1626 2524 lnctnm

257 2553 261 2565 '
298 2571 539 2635 maeroremque
562 2553 770 2634 suscepimus.
805 2551 868 2615 Cur
889 2570 942 2625 ea,
965 2570 1048 2633 quae
1069 2557 1191 2613 mutare
1212 2569 1278 2612 non
1299 2570 1479 2634 possumus,
1501 2553 1664 2623 consol-so

299 2648 362 2710 lere
384 2647 542 2709 malumus
557 2665 652 2730 quam
674 2647 778 2708 tuerit
803 2647 836 2708 G.
853 2646 1020 2708 Gaesarem
1040 2652 1168 2708 senatus
1183 2651 1216 2707 et
1228 2644 1344 2727 'genere
1358 2645 1627 2729 supplicationum

299 2741 491 2826 amplissimo
522 2741 648 2804 ornavit
676 2747 708 2802 et
734 2760 866 2804 numero
896 2740 1019 2803 dierum
1045 2758 1140 2801 novo.
1175 2739 1264 2801 Idem
1285 2739 1319 2801 in
1340 2740 1494 2822 angustiis
1515 2741 1628 2804 aerarii

300 2837 449 2900 rictorem
472 2835 646 2899 exercitum
669 2836 827 2918 stipendio
849 2835 967 2908 affecit,
997 2833 1181 2916 imperatori
1205 2831 1314 2896 docem
1335 2836 1457 2917 legatos
1478 2834 1626 2910 decrevit,

299 2932 367 3013 lege
391 2930 578 3014 Sempronia
600 2929 833 2994 succedendum
855 2949 921 2992 non
943 2931 1076 2993 censuit.
1120 2929 1239 2991 Harum
1266 2947 1324 3012 ego
1347 2929 1573 2993 sententiarum
1594 2936 1627 2992 et

297 3026 444 3110 princeps
468 3030 499 3087 et
521 3031 630 3088 auctor
649 3024 714 3100 fui,
741 3043 846 3108 neque
868 3043 918 3085 me
941 3023 1132 3088 dissensioni
1154 3043 1242 3088 meae
1263 3025 1416 3107 pristinae
1437 3023 1546 3107 putavi
1567 3041 1664 3108 pore

297 3121 359 3184 tius
382 3119 529 3183 assentiri
555 3139 650 3202 quam
680 3119 900 3201 praesentibus
922 3118 969 3181 rei
999 3117 1145 3201 publicae
1167 3119 1364 3202 temporibus
1386 3125 1418 3182 et
1438 3118 1625 3182 concordiae

297 3213 477 3277 convenire.
511 3215 581 3276 Non
603 3214 687 3276 idem
709 3212 778 3275 aliis
799 3213 940 3288 videtum
969 3220 1043 3277 sunt
1063 3213 1197 3277 fortusse
1228 3213 1261 3276 in
1284 3215 1440 3277 sententio
1462 3210 1624 3278 firmiores.

297 3307 508 3390 Reprehendo
535 3311 708 3382 neminem,
739 3307 795 3370 sed
824 3309 980 3371 assentior
1009 3327 1074 3371 non
1104 3307 1265 3383 omnibns,
1297 3327 1400 3392 neque
1422 3325 1492 3371 esse
1513 3308 1626 3372 incon·

298 3403 409 3467 stnntls
430 3409 508 3485 puto
531 3405 718 3466 sententiam
740 3407 912 3486 tamquam·
923 3402 1054 3485 aliquod
1077 3403 1239 3485 navigium
1262 3410 1358 3486 atque
1375 3419 1503 3466 cursum
1517 3421 1558 3465 ex
1580 3403 1625 3466 rei

297 3495 443 3582 publicae
466 3503 654 3579 tempestato
676 3496 840 3560 moderari.
884 3493 935 3559 62.
960 3496 1022 3559 Sed
1046 3497 1072 3559 si
1098 3498 1258 3581 quisunt,
1281 3496 1397 3580 quibus
1412 3493 1570 3560 infinitum
1585 3496 1663 3563 sileo

298 3591 422 3664 odium,
444 3590 478 3652 in
501 3611 581 3674 quos
604 3592 701 3654 semel
725 3597 906 3676 susceptum
929 3597 994 3665 est,
1018 3611 1098 3674 quos
1121 3591 1213 3654 video
1237 3610 1306 3654 esse
1328 3611 1392 3654 non
1414 3590 1531 3666 nullos,
1553 3611 1624 3655 cum

298 3684 432 3748 ducibus
453 3685 545 3769 ipsis,
567 3705 631 3750 non
654 3707 726 3750 cum
742 3689 892 3750 comitatu
907 3686 1215 3770 assectatoribusque
1229 3681 1407 3770 oonlligant.
1434 3685 1525 3749 Illam
1539 3687 1625 3749 enim

297 3778 433 3842 tortasse
455 3781 658 3862 pertinaciam
678 3801 744 3844 non
766 3781 863 3855 nulli,
884 3781 1034 3844 virtutem
1048 3779 1101 3843 alii
1125 3780 1297 3863 putabunt:
1319 3780 1401 3845 hanc
1417 3800 1491 3844 vcro
1506 3779 1625 3864 iniqui-

298 3880 394 3938 tatem
416 3893 525 3938 omnes
548 3895 617 3938 cum
640 3875 746 3958 aliqua
769 3876 955 3938 crudelitate
978 3875 1188 3938 coniunctam.
1221 3875 1284 3937 Sed
1307 3875 1333 3937 sl
1349 3881 1506 3939 certorum
1523 3875 1625 3939 honri·

298 3989 375 4034 num
397 3977 518 4034 mentes
540 3969 628 4034 nulla
649 3969 789 4045 ratione,
817 3969 955 4045 iudices,
985 3967 1110 4052 placare
1138 3988 1322 4053 possumus,
1352 3974 1474 4034 vestros
1497 3970 1661 4054 quidemst

363 4251 515 4314 444444]
534 4252 687 4312 etutetP;
709 4253 826 4309 utetG3
845 4250 944 4300 etE-
965 4245 1115 4299 444444441-
1136 4248 1160 4297 3.
1179 4246 1624 4312 dittpentisP-sicpueethpus

300 4325 326 4377 P¹
345 4353 373 4363 -
392 4325 417 4378 l.
432 4340 482 4389 pro
499 4340 553 4378 om.
573 4326 623 4376 GE
643 4353 669 4362 -
688 4325 768 4390 lotos]
786 4325 838 4376 eius
855 4326 888 4380 t.;
907 4322 1052 4374 delendum
1069 4323 1172 4374 censuit
1188 4323 1351 4372 Garatonius.
1365 4349 1393 4359 -
1413 4325 1438 4374 6.
1456 4323 1540 4374 444444
1555 4327 1575 4375 P
1594 4352 1619 4363 -

277 4419 283 4432 ·
297 4401 322 4452 6.
340 4405 463 4466 urpuetor
479 4404 522 4452 P¹:
540 4406 644 4466 urpetur
660 4397 768 4452 P²GEO
782 4429 809 4438 -
827 4401 932 4462 puidam
949 4401 1007 4449 P—
1029 4398 1162 4452 atestemo
1179 4398 1241 4446 G-
1256 4396 1356 4459 pompei
1373 4396 1432 4447 G¹E
1446 4425 1473 4434 -
1493 4399 1517 4448 4.
1535 4400 1625 4464 pressis

298 4472 365 4526 1²¹-
385 4476 408 4527 8.
427 4477 521 4538 impari
533 4477 591 4527 GE:
609 4477 700 4538 imperi
716 4479 757 4537 P¹;
775 4477 889 4538 imperito
906 4469 935 4527 1³²
948 4502 974 4511 -
993 4473 1101 4524 4444644
1117 4476 1176 4524 P-
1196 4473 1219 4522 9.
1238 4473 1308 4522 uobis
1324 4473 1344 4524 C
1365 4501 1391 4509 -
1411 4474 1451 4523 46.
1471 4473 1625 4537 inplicantur

297 4553 357 4603 P-
378 4551 416 4602 43.
435 4553 492 4603 usos·
509 4551 567 4602 G¹E
585 4578 611 4586 —
631 4552 678 4614 ipsi
694 4549 726 4602 El
739 4578 765 4586 -
785 4551 824 4602 44.
843 4551 932 4601 etenim
947 4551 1092 4600 contendere
1108 4551 1137 4599 do
1152 4562 1217 4611 rep..
1234 4562 1293 4598 4444
1307 4547 1498 4600 tsnbremius:
1516 4550 1544 4598 id
1559 4550 1625 4601 enirn

297 4619 444 4678 44444444νό
463 4628 493 4678 de
507 4640 536 4677 re
554 4628 589 4677 .P.
601 4639 657 4676 cunt
674 4626 700 4674 id
712 4627 746 4683 C;
765 4627 803 4676 tto
819 4625 884 4676 44444
899 4625 1043 4676 contendere
1060 4625 1090 4674 de
1105 4624 1262 4686 republica,
1279 4627 1308 4673 44
1324 4623 1350 4673 id
1364 4623 1393 4673 Ο.
1412 4623 1451 4674 Cl.
1465 4621 1623 4688 Madvigium

298 4718 324 4768 p.
343 4703 359 4754 8
377 4715 418 4766 sq.
440 4729 466 4738 -
486 4703 526 4752 46.
541 4701 631 4764 potest
647 4703 676 4752 P¹
692 4729 719 4738 -
739 4701 779 4751 44.
796 4701 862 4763 dotus·
878 4706 913 4752 ret
930 4694 1034 4764 P‘corr.
1054 4715 1088 4752 ex
1104 4701 1218 4762 defuisset
1236 4726 1263 4736 -
1282 4696 1428 4750 44444444)1
1445 4725 1472 4735 -
1493 4701 1625 4765 proficitur

299 4779 327 4828 P¹
344 4777 403 4841 (bis)
422 4803 450 4814 -
469 4777 508 4828 48.
528 4779 641 4828 colurnus
658 4779 706 4828 GE
722 4805 747 4813 -
767 4778 808 4828 49.
827 4783 926 4840 optenta
943 4779 1002 4827 P-
1022 4777 1075 4839 olis]
1093 4777 1139 4827 elit
1150 4779 1185 4834 G3
1203 4781 1248 4826 oret
1265 4777 1325 4826 E-
1345 4775 1569 4839 moeroresque
1584 4777 1622 4836 P²;

297 4851 523 4916 444444444444441
541 4880 567 4888 —
591 4855 632 4904 44.
650 4855 825 4917 supplicatum
841 4849 870 4905 1³¹
889 4881 916 4889 -
939 4855 979 4904 44.
999 4853 1150 4916 amplissimo
1167 4864 1221 4902 om.
1240 4850 1289 4902 GE
1308 4878 1334 4887 -
1362 4853 1462 4902 ornauit
1482 4864 1536 4902 om.
1555 4855 1576 4902 G
1595 4879 1622 4889 -

298 4943 362 4980 novo
379 4930 407 4979 P.
425 4929 571 4980 llenutius:
589 4943 678 4980 nouem
694 4931 726 4990 P;
751 4941 806 4979 vnn
822 4931 851 4978 G.
878 4927 980 4979 llelmio
996 4942 1085 4978 novem
1101 4926 1233 4991 glossema
1251 4927 1368 4986 videtum
1389 4927 1423 4979 ol.
1441 4941 1468 4992 p.
1488 4927 1562 4988 4984,
1581 4927 1622 4977 48.

302 5032 328 5042 -
350 5003 437 5054 wari
453 5005 472 5052 P
492 5029 518 5038 -
541 5004 584 5054 43.
602 5005 691 5067 adfecit
707 5007 726 5054 P
745 5031 772 5040 -
791 5003 830 5056 44.
848 5004 901 5068 epo]
918 5009 955 5054 eto
973 5001 1000 5054 P¹
1015 5029 1042 5040 -
1060 5005 1101 5054 46.
1119 5001 1166 5067 me]
1183 5015 1254 5053 nosce
1269 5004 1298 5053 P¹
1318 5028 1346 5038 -
1364 5003 1406 5053 46.
1425 5002 1546 5053 emetiri
1561 5003 1580 5052 P
1593 5027 1620 5037 -

298 5079 339 5130 47.
359 5077 407 5127 atie
423 5076 492 5127 1³¹-
511 5078 553 5128 46.
570 5081 691 5141 reprendo
708 5080 727 5129 P
742 5107 769 5118 -
788 5081 913 5131 adsentior
930 5081 987 5129 P-
1008 5080 1050 5129 49.
1066 5077 1136 5141 puto]
1151 5083 1211 5140 puto
1227 5079 1254 5128 in
1272 5079 1291 5130 C
1311 5106 1338 5116 —
1356 5077 1502 5130 sententium
1519 5075 1552 5127 C:
1571 5087 1624 5126 sert·

298 5155 401 5206 4444444
422 5151 550 5219 [44444444]
569 5155 589 5204 0
608 5180 635 5190 -
660 5154 700 5207 34.
719 5167 767 5217 quo
784 5156 856 5206 senet
872 5158 891 5206 P
911 5181 937 5191 -
956 5160 1094 5218 4444444444
1111 5154 1130 5205 C
1149 5180 1177 5191 -
1195 5159 1231 5205 est
1247 5168 1311 5207 nos:
1329 5154 1361 5205 rit
1378 5155 1427 5206 CO
1446 5180 1472 5190 -
1491 5149 1624 5203 4444444444

298 5228 328 5281 P²
346 5253 374 5267 —
393 5229 433 5282 34.
453 5228 761 5296 erpeiamcurtem
780 5229 1021 5296 oportunioresque
1037 5224 1117 5283 P²GE
1129 5255 1157 5265 -
1176 5230 1312 5297 4444444444
1328 5231 1348 5282 C
1362 5256 1389 5269 -
1409 5228 1450 5280 39.
1459 5226 1623 5293 pertinatiam

299 5307 359 5357 P-
377 5305 418 5357 35.
432 5307 535 5376 placere
550 5303 589 5359 P¹.
