4009 6159
749 568 824 633 cn.
845 567 968 633 r-m.
996 565 1042 651 §s
1065 563 1168 632 t-c.
1531 567 1614 635 tta:

294 736 438 824 augenda
458 757 494 800 re
514 757 579 801 non
601 737 750 801 avaritiae
771 738 936 821 praedam,
964 737 1021 800 sed
1043 736 1286 801 instrumentum
1306 735 1437 804 bonitati
1460 760 1613 824 quaerere

294 834 465 897 rideretur.
501 829 532 893 i.
554 831 623 893 lloc
643 830 698 894 ille
720 838 829 906 natus,
851 831 1034 915 †quamvis
1054 839 1173 915 patrem
1190 851 1281 894 suum
1297 851 1468 915 numquam
1483 834 1613 908 uiderat,

293 933 401 990 mmen
422 932 455 990 et
475 932 586 989 natura
607 925 677 1008 ipsa
699 924 797 999 duce,
829 944 910 1009 quae
935 926 1101 1008 plurimum
1124 924 1223 1000 valet,
1254 932 1285 989 et
1306 926 1443 989 assiduis
1465 927 1615 990 domesti-

295 1040 403 1083 corum
429 1019 628 1082 sermonibus
655 1017 687 1081 in
712 1027 861 1102 paternae
882 1018 965 1082 vitae
988 1018 1226 1083 similitudinem
1248 1019 1400 1083 deductus
1422 1026 1479 1084 est
1515 1021 1615 1084 Multa

296 1100 408 1199 gessit,
438 1113 537 1175 multa
558 1113 727 1186 contraxit,
758 1131 886 1194 magnas
908 1119 1013 1194 partes
1034 1111 1146 1175 babuit
1167 1111 1380 1195 publicorum:
1403 1112 1537 1176 credidit
1557 1129 1638 1197 pta-s

294 1207 393 1290 pulis,
415 1207 449 1270 in
470 1206 615 1290 pluribus
636 1206 808 1289 provinciis
830 1204 898 1268 eius
913 1213 1038 1269 versata
1060 1225 1109 1269 res
1124 1214 1189 1281 est:
1212 1205 1300 1271 dedit
1314 1227 1349 1271 se
1364 1207 1457 1270 etiam
1472 1207 1614 1290 regibus:

294 1300 368 1364 huic
389 1299 452 1384 ipsi
473 1299 688 1362 Alexandrino
711 1297 859 1381 grandem
883 1298 945 1361 iam
961 1307 1054 1362 antea
1068 1291 1234 1383 pecuniam
1250 1300 1399 1378 credidit;
1421 1322 1480 1365 nec
1494 1301 1616 1364 interea

295 1394 490 1478 locupletare
511 1393 629 1455 amicos
651 1411 800 1473 umquam
823 1413 897 1456 suos
913 1393 1047 1468 destitit,
1070 1394 1192 1457 mittere
1207 1394 1240 1456 in
1255 1395 1433 1477 negotium,
1456 1393 1531 1458 dare
1545 1413 1617 1475 par·

294 1496 358 1563 tes,
387 1507 502 1570 augere
524 1507 574 1560 rc,
603 1482 666 1548 lide
688 1492 874 1548 sustentare.
914 1486 997 1563 Quid
1022 1487 1140 1550 multal
1171 1507 1241 1551 oum
1264 1488 1479 1571 magnitudine
1501 1488 1615 1562 animi,

295 1588 362 1644 tum
384 1579 569 1643 liberalitate
583 1579 680 1642 uitam
701 1579 800 1662 patris
815 1586 847 1642 et
861 1580 1122 1643 consuetudinem
1139 1589 1346 1665 expresserat.
1367 1583 1482 1646 Pulsus
1497 1582 1654 1646 inteream

295 1693 393 1756 regno
423 1673 622 1736 Ptolemaeus
650 1671 768 1735 dolosis
797 1674 956 1748 consiliis,
982 1681 1019 1736 ut
1046 1674 1126 1737 dixit
1148 1673 1284 1750 Sibulla,
1315 1677 1412 1739 sensit
1438 1678 1617 1750 Postumus,

295 1767 427 1830 llomam
448 1765 544 1829 venit.
584 1760 689 1849 [Huic]
714 1767 817 1848 egenti
840 1774 872 1830 et
891 1769 1016 1850 roganti
1037 1767 1090 1830 hic
1112 1768 1224 1832 infelix
1245 1769 1412 1852 pecuniam
1428 1769 1563 1833 credidit
1576 1803 1618 1814 -

296 1878 356 1921 nec
377 1866 442 1923 tum
465 1861 617 1942 primum:
638 1879 712 1922 nam
733 1860 877 1942 regnanti
896 1861 1072 1925 crediderat
1087 1861 1200 1925 absens
1218 1895 1274 1937 -,
1296 1882 1355 1926 nec
1369 1869 1487 1926 temere
1502 1884 1536 1926 se
1551 1882 1619 1926 cre·

296 1951 372 2016 dere
393 1952 538 2036 putabat,
560 1954 647 2037 quod
670 1961 737 2017 erat
757 1953 876 2017 nemini
898 1953 1044 2030 dubium,
1068 1955 1145 2039 quin
1162 1956 1189 2019 is
1204 1955 1238 2016 in
1254 1974 1386 2038 regnum
1400 1957 1619 2020 restitueretur

297 2065 316 2111 a
337 2053 449 2110 senatu
470 2047 652 2131 populoque
673 2049 823 2111 llomano.
867 2045 956 2112 5.·ln
977 2049 1081 2111 dando
1103 2056 1208 2112 autem
1231 2057 1263 2113 et
1284 2049 1442 2112 credendo
1463 2050 1655 2134 processitro

297 2140 439 2222 longius,
463 2161 522 2227 nec
536 2161 626 2205 suam
641 2142 743 2205 solum
763 2141 929 2224 pecuniam
946 2141 1093 2215 credidit,
1116 2141 1171 2205 sed
1186 2142 1281 2205 etiam
1296 2144 1479 2208 amicorum.
1501 2144 1618 2209 Stulte:

298 2234 369 2318 quis
395 2237 511 2319 negati
539 2241 595 2298 aut
623 2237 695 2318 quis
723 2235 787 2298 iam
808 2235 895 2299 volet
915 2233 1001 2319 quod
1024 2234 1104 2298 male
1127 2235 1239 2298 cecidit
1258 2236 1340 2300 bene
1362 2239 1538 2304 consultum
1560 2261 1619 2324 pu·

297 2330 387 2391 taret
408 2328 465 2391 sed
487 2333 535 2391 est
557 2327 702 2405 difficile,
724 2329 809 2413 quod
831 2350 903 2392 cum
925 2349 980 2412 spe
1002 2347 1115 2411 magna
1138 2329 1180 2392 sis
1201 2329 1378 2413 ingressus,
1399 2333 1431 2395 id
1449 2355 1515 2398 non
1529 2354 1620 2398 exse·

298 2422 354 2505 qui
375 2441 478 2505 nsque
500 2420 541 2486 ad
564 2429 750 2487 extremum.
794 2423 847 2484 lll.
870 2422 1012 2508 Supplex
1033 2427 1100 2485 erat
1120 2442 1191 2498 rex,
1221 2424 1318 2488 multa
1339 2427 1485 2508 rogabat,
1514 2429 1619 2493 omnia

298 2515 524 2600 pollicebatur,
553 2517 678 2580 utiam
707 2523 847 2580 metuere
874 2518 1041 2579 Postumus
1063 2523 1244 2599 cogeretur,
1276 2520 1423 2603 nequod
1446 2520 1653 2586 credideratto

296 2608 459 2694 perderet,
482 2611 510 2674 si
525 2609 674 2674 credendi
693 2611 910 2674 constituisset
924 2609 1063 2672 modum.
1092 2609 1178 2672 Nibil
1192 2617 1298 2674 autem
1313 2619 1379 2675 erat
1392 2612 1447 2676 illn
1462 2615 1618 2691 blandius,

297 2704 377 2769 nibil
397 2703 458 2767 boc
479 2704 665 2787 benignius,
686 2711 721 2767 ut
742 2703 841 2786 magis
862 2704 1040 2787 paeniteret
1062 2705 1204 2787 coepisse
1224 2725 1318 2788 quam
1333 2705 1442 2770 liceret
1455 2707 1618 2772 desistere.

382 2795 412 2862 6.
442 2797 525 2861 Hinc
552 2799 687 2882 primum
718 2798 858 2861 exoritur
883 2799 1001 2860 crimen
1029 2797 1127 2859 illud:
1166 2805 1308 2860 senatum
1339 2808 1518 2884 corruptum
1548 2822 1618 2865 esse

299 2891 416 2956 dicunt.
453 2890 536 2955 Odi
564 2892 774 2956 immortalesl
802 2893 881 2955 haec
909 2900 957 2955 est
982 2890 1037 2954 illa
1065 2897 1213 2974 exoptata
1233 2890 1424 2956 iudiciorum
1445 2893 1618 2958 severitas?

300 2987 507 3069 Corruptores
528 2987 630 3050 nostri
652 3006 778 3049 causam
800 2975 926 3049 di'c'nnt:
955 3005 1028 3060 nos,
1056 2984 1109 3069 qui
1142 2984 1281 3067 corrupti
1303 3005 1426 3062 sumus,
1454 3007 1519 3051 non
1541 2987 1654 3056 dici-:a

298 3101 379 3144 mus.
416 3078 525 3156 Qnidt
552 3100 612 3163 ego
634 3087 778 3143 senatum
800 3079 966 3143 defendam
987 3079 1048 3141 hoc
1070 3078 1157 3153 loco,
1179 3077 1323 3141 iudices?
1353 3078 1447 3143 Omni
1469 3081 1618 3165 equidem

298 3173 369 3239 loco
396 3172 497 3237 debeo
520 3209 561 3219 -
588 3176 634 3238 ita
663 3173 703 3237 de
731 3193 781 3238 me
810 3180 860 3238 est
887 3174 1017 3237 meritus
1039 3171 1093 3236 ille
1116 3173 1194 3234 ordo
1215 3206 1274 3249 -,
1304 3172 1361 3237 sed
1382 3193 1442 3238 neo
1462 3173 1494 3238 id
1517 3175 1620 3258 agitur

363 3463 459 3514 11101
478 3461 529 3527 ilie]
549 3462 632 3513 immo
648 3462 688 3512 bic
703 3461 746 3512 ilio
761 3460 804 3512 vel
820 3461 864 3515 tito
880 3463 919 3514 bic
938 3491 965 3500 -
984 3461 1097 3525 mmsis
1114 3459 1203 3522 codd,
1222 3473 1255 3511 ex
1271 3473 1436 3527 quamquam,
1460 3465 1490 3516 nt
1505 3465 1617 3530 videtur,

299 3541 463 3604 corruptum.
490 3540 573 3598 Nam,
595 3541 626 3589 ut
647 3541 749 3590 taceam
767 3539 899 3602 syntaxim
916 3537 1037 3588 vitiosam
1056 3537 1095 3599 (v.
1114 3534 1240 3601 Nipperd.
1259 3537 1293 3588 ad
1309 3538 1372 3602 Nep.
1388 3539 1496 3592 ltiltiod.
1514 3541 1542 3604 1,
1561 3541 1576 3593 3
1594 3543 1620 3594 in

299 3613 343 3664 ed.
362 3613 447 3675 mai),
465 3616 580 3676 pecuinis
594 3626 644 3678 per
660 3627 690 3665 se
706 3615 796 3678 ipsum
812 3627 845 3664 ex
861 3627 912 3666 usu
928 3611 1044 3664 Tulliano
1061 3611 1095 3662 ab
1113 3612 1190 3663 huius
1207 3610 1257 3663 loci
1274 3614 1404 3664 sententia
1421 3612 1535 3670 alienum
1546 3617 1622 3671 vide·

298 3690 351 3739 tnr.
365 3713 394 3724 -
411 3701 485 3738 mam
501 3701 554 3739 om.
568 3689 602 3750 G,
620 3688 685 3739 Ciol.
704 3690 732 3739 et
748 3688 815 3740 alter
830 3687 912 3740 Pelet.
932 3685 1040 3750 (habent
1057 3685 1087 3749 C)
1104 3712 1131 3722 -
1148 3687 1238 3737 viset:
1254 3687 1300 3737 01.
1313 3686 1335 3737 H
1353 3689 1381 3737 et
1392 3689 1414 3738 V
1425 3702 1495 3742 corr.
1509 3717 1536 3728 -
1555 3692 1579 3743 3.
1598 3697 1622 3744 et

298 3767 395 3813 marc
410 3761 445 3812 b:
464 3762 598 3814 decim
614 3761 692 3813 codd.
713 3787 740 3800 -
760 3762 785 3814 1.
802 3764 869 3814 vitoe
885 3763 1061 3813 Hotomanus:
1079 3762 1167 3826 cidpne
1183 3761 1277 3820 codd:
1295 3775 1372 3813 micae
1387 3763 1526 3819 Manutius.
1541 3795 1567 3806 -
1585 3769 1622 3820 :i-

299 3838 450 3889 mddudmes
465 3837 486 3888 li
505 3865 533 3874 -
551 3837 641 3889 bet8.
655 3838 741 3900 portis
757 3837 846 3889 (111-
862 3836 1055 3900 publicanorum
1071 3837 1130 3889 li-
1149 3837 1256 3900 populus
1271 3837 1332 3889 11-
1351 3837 1480 3904 acmes
1495 3841 1619 3894 redlotz:

299 3926 328 3964 ee
345 3925 398 3964 om.
417 3913 468 3964 cti
484 3913 511 3962 et
527 3913 606 3972 orn:
627 3924 656 3961 re
672 3924 766 3976 copem
781 3912 801 3962 0
819 3913 846 3962 et
863 3911 941 3963 codd.
960 3910 1052 3961 Lamb.
1076 3910 1114 3962 cl.
1133 3909 1149 3975 5
1165 3910 1206 3963 ta.
1230 3912 1257 3963 in
1275 3909 1348 3964 Catil.
1365 3913 1403 3976 ΙΙ,
1420 3913 1435 3978 5
1453 3915 1492 3966 1ο.
1515 3944 1540 3954 -
1562 3918 1623 3982 tide:

300 3988 367 4040 E·
386 3989 427 4040 11.
443 3987 596 4052 phtolomeus
612 3987 669 4049 sti,
683 3987 895 4050 ptolomeutiiv,
913 3989 941 4037 et
956 3986 995 4036 sic
1011 3984 1179 4050 plerumque.
1194 4013 1221 4022 -
1239 3986 1337 4048 epbotla
1352 3987 1412 4048 Es:
1431 3989 1526 4052 Sibpda
1543 3991 1621 4043 tivo

303 4063 430 4115 -1111
450 4063 530 4129 epeoti
553 4061 709 4120 Lambinus:
732 4075 782 4113 nos
800 4061 858 4112 bute
878 4059 1049 4120 inclusimus:
1072 4055 1134 4112 itam
1155 4061 1195 4111 tic
1214 4060 1256 4112 bis
1279 4062 1306 4112 in
1323 4061 1420 4113 eodem
1436 4065 1571 4115 enuntiato
1587 4065 1621 4116 de

301 4139 414 4192 diversis
429 4138 550 4205 personis
566 4137 682 4202 positum
699 4149 752 4187 non
769 4134 1017 4187 estimandum·
1037 4137 1078 4188 13.
1095 4149 1140 4188 aec
1156 4141 1239 4187 tomen
1252 4149 1294 4199 pr.
1307 4149 1323 4185 v
1337 4162 1364 4172 -
1385 4137 1424 4187 111.
1442 4137 1469 4187 ic
1485 4137 1567 4189 duodo
1579 4145 1625 4191 ont

301 4216 368 4266 cred.
385 4215 407 4265 E
426 4239 453 4250 -
472 4215 514 4266 to.
531 4213 612 4264 selom
626 4225 700 4263 mom
716 4213 737 4264 li
756 4239 783 4250 -
803 4212 843 4262 tr.
856 4213 913 4274 qod:
927 4213 980 4262 iam
995 4211 1061 4262 uobt
1077 4212 1142 4274 qood
1151 4225 1187 4262 m.
1201 4224 1250 4261 cec.
1263 4209 1286 4260 b.
1299 4223 1321 4261 c.
1337 4210 1448 4273 putore?
1463 4213 1505 4263 sed
1516 4215 1621 4280 scripsi:

301 4293 358 4354 qais
372 4291 427 4342 icem
442 4294 541 4341 mnomt
557 4303 606 4354 quc
621 4301 655 4339 m.
673 4302 722 4340 cec.
741 4287 764 4339 b.
781 4301 804 4338 c.
819 4286 941 4351 moret?
957 4285 1085 4349 (patoretl
1101 4287 1126 4350 St
1143 4287 1170 4336 id
1187 4287 1246 4346 Es:
1265 4285 1321 4347 cna
1334 4284 1389 4336 tm
1404 4293 1542 4337 ammonet:
1559 4289 1625 4351 qnod

301 4379 336 4417 m.
354 4379 403 4417 cer.
420 4365 445 4416 b.
462 4377 485 4415 c.
500 4363 623 4427 mres?
643 4364 670 4413 id
692 4365 723 4424 U:
746 4363 801 4426 qui:
823 4363 876 4412 iam
896 4363 986 4412 amodo
1007 4362 1034 4411 id
1051 4362 1117 4424 quod
1131 4374 1166 4411 m.
1184 4373 1233 4411 cec.
1251 4359 1274 4410 b.
1292 4373 1315 4410 c.
1329 4359 1450 4422 pataret?
1465 4362 1494 4411 ld
1510 4363 1546 4423 V:
1570 4363 1625 4426 quit

300 4441 354 4490 iam
368 4453 419 4491 eoa
435 4439 570 4491 Mmoaet?
592 4440 663 4503 Quod
684 4452 719 4489 m.
737 4451 786 4491 cec.
805 4438 828 4490 b.
846 4452 868 4490 c.
884 4435 1008 4502 putores?
1029 4437 1077 4486 Sed
1092 4434 1141 4485 bo
1160 4434 1216 4499 (sed
1233 4434 1251 4486 b
1269 4436 1296 4485 id
1311 4447 1359 4500 pro
1375 4436 1429 4496 sed,
1454 4435 1525 4500 quod
1542 4439 1626 4488 Patri-

302 4515 359 4566 cius
375 4517 478 4580 primns
494 4515 630 4577 restituit);
649 4515 704 4576 qui:
719 4513 871 4564 mmomouet
886 4511 987 4563 babent
1003 4511 1082 4561 etiam
1094 4509 1109 4562 1
1121 4509 1233 4572 Orcum:
1252 4521 1285 4560 ex
1302 4508 1386 4560 tribus
1398 4511 1424 4560 et
1435 4523 1467 4561 ex
1479 4513 1500 4561 G
1511 4525 1560 4574 quo
1577 4525 1625 4578 pro

302 4590 368 4653 quod
384 4591 545 4656 exscriptum
562 4591 604 4641 esi
621 4589 699 4654 tonde
716 4577 851 4640 coniicias:
874 4601 948 4650 poma
962 4587 1029 4636 mois
1045 4583 1183 4648 cediderit),
1208 4583 1242 4634 ab
1260 4582 1384 4634 omnibus
1401 4587 1489 4636 antem
1508 4586 1626 4652 interpo-

301 4663 364 4715 latio
379 4679 430 4716 etoa
451 4667 492 4731 (in
507 4679 551 4715 vv.
569 4665 625 4728 quis
644 4665 697 4714 icm
716 4679 768 4714 eoo
788 4662 930 4726 admonetli
948 4662 1033 4712 abest.
1063 4661 1090 4711 ln
1108 4657 1223 4709 eandem
1238 4659 1265 4709 in
1283 4671 1362 4724 quam
1380 4672 1429 4711 nos
1446 4660 1626 4714 coniecturam

301 4738 447 4804 Madvigius
463 4753 571 4806 qnoque
588 4738 691 4799 incidit,
709 4739 759 4791 nisi
772 4737 843 4803 qnod
860 4738 917 4789 eins
934 4736 993 4788 ioco
1005 4735 1078 4800 qnod
1095 4745 1143 4784 nos
1161 4732 1284 4785 dedimus
1297 4733 1401 4792 «scm»,
1420 4733 1460 4786 ille
1473 4737 1548 4787 cadet
1564 4749 1627 4801 pro-

301 4813 399 4878 posuit.
419 4841 447 4852 ·
466 4814 507 4866 ta.
526 4827 575 4877 quo
590 4826 648 4863 cum
664 4815 685 4862 G
703 4839 731 4851 -
754 4827 796 4876 sps
810 4826 906 4877 mcpnc
923 4813 986 4865 GU:
1009 4823 1076 4872 spero
1091 4821 1213 4873 magnam
1228 4809 1305 4859 ESV
1322 4809 1350 4859 et
1366 4807 1429 4859 Oxx.
1451 4835 1477 4846 -
1502 4811 1542 4861 iti.
1560 4811 1628 4860 mol-

302 4893 356 4938 tum
371 4890 498 4942 Patricius
515 4914 543 4926 -
561 4887 670 4953 rogabat
685 4901 716 4938 v:
734 4893 841 4954 reparat
858 4887 936 4938 codd.
956 4913 983 4922 -
1005 4886 1046 4934 11.
1065 4884 1209 4934 destituisset
1225 4883 1276 4934 EV
1294 4909 1321 4919 -
1340 4883 1381 4933 11.
1400 4884 1489 4945 cepisse
1505 4885 1579 4938 ΕΒΗ
1597 4911 1624 4920 -

303 4962 423 5025 quoniam
438 4963 459 5014 l]
477 4989 504 4999 -
527 4962 570 5015 13.
587 4963 633 5013 Hic
652 4963 744 5014 Lamb.
763 4965 790 5014 in
807 4975 890 5025 marg.
909 4960 1025 5012 addens:
1049 4959 1164 5008 «Putant
1184 4956 1255 5008 docti
1277 4956 1385 5021 qnidam
1401 4957 1450 5008 viri
1468 4957 1548 5009 multa
1566 4959 1627 5009 ante

303 5037 372 5087 baec
387 5037 470 5087 rerba
488 5036 611 5090 deesse.»
631 5065 658 5074 -
676 5038 718 5091 11.
736 5040 763 5089 di
778 5039 843 5090 EV:
862 5036 898 5086 dii
913 5037 934 5087 0
953 5062 980 5072 -
1006 5033 1105 5083 boecim
1123 5030 1214 5083 Lamb.
1232 5031 1258 5081 in
1275 5043 1358 5095 marg.
1379 5056 1406 5067 -
1425 5032 1471 5082 iiic
1487 5045 1540 5083 om.
1561 5033 1581 5080 v
1599 5060 1627 5070 -

303 5111 346 5163 16.
365 5111 450 5175 Quid?
465 5125 511 5178 epo
527 5113 546 5165 C
565 5115 592 5164 et
607 5113 755 5180 btsoline‘it
772 5113 835 5163 011.
849 5111 906 5174 (sed
918 5112 938 5162 Ε
950 5109 1030 5174 quid?
1045 5113 1158 5159 amatum
1169 5107 1236 5172 spol:
1256 5107 1315 5170 quid
1331 5105 1410 5172 ergo?
1426 5107 1479 5158 vo.
1501 5105 1539 5158 Cl.
1552 5105 1630 5169 Scyt-

304 5185 1021 5255 temsnmuetattnae1‚p.tesqq.etp.ttn.-
1042 5183 1218 5248 9111111111-
1236 5183 1523 5234 1111111111-
1543 5181 1630 5232 necid

306 5259 371 5324 cd,
388 5265 419 5312 nt
434 5264 502 5315 coni.
520 5265 659 5318 Patricius:
677 5265 705 5316 id
719 5277 764 5317 mec
779 5262 837 5313 b0.

348 5352 515 5408 ormont:
1390 5347 1431 5416 72
