4009 6159
673 572 746 639 cn.
767 573 1029 641 xxm-xxv.
1054 572 1102 659 ss
1124 571 1268 641 er-cs.
1571 570 1634 639 oto

313 749 495 828 praetereo,
516 742 718 819 accidissent,
741 742 856 808 videtis
878 764 929 808 me
950 744 1112 817 tamenin
1133 764 1234 809 meam
1256 744 1420 827 pristinam
1440 744 1636 828 dignitatem

312 836 401 901 brevi
424 844 565 921 tempore
587 837 707 901 doloris
728 838 914 913 interiecto,
936 838 982 901 rei
1004 838 1151 921 publicae
1170 858 1249 902 voce
1271 858 1341 903 esee
1362 847 1552 904 revocatum.

396 930 512 995 XXIV.
534 928 586 995 53.
609 931 672 997 Sed
700 940 736 995 ut
761 939 900 997 revertar
927 933 968 996 ad
995 931 1093 1006 illud,
1122 931 1207 1015 quod
1236 932 1315 996 mibi
1340 934 1374 995 in
1399 931 1459 995 bac
1480 932 1567 995 omni
1589 939 1637 997 est

313 1026 454 1091 oratione
485 1026 699 1110 propositum,
730 1026 877 1090 omnibus
906 1024 996 1089 malis
1028 1023 1085 1088 illo
1116 1041 1201 1088 anuo
1230 1025 1349 1088 scelere
1379 1024 1545 1090 consulum
1568 1046 1636 1091 rem

311 1119 472 1204 publicam
494 1138 565 1183 esse
586 1120 779 1194 conlectam,
805 1121 942 1203 primum
964 1118 1021 1181 illo
1042 1120 1114 1201 ipso
1136 1123 1204 1197 die,
1225 1122 1282 1207 qui
1304 1123 1381 1187 milri
1400 1122 1545 1185 funestus
1565 1121 1663 1198 luite

312 1212 458 1278 omnibus
480 1212 573 1277 bonis
594 1213 775 1288 luctuosus,
797 1233 869 1277 cum
890 1232 949 1295 ego
972 1230 1023 1275 me
1044 1232 1064 1275 e
1085 1216 1253 1299 complexu
1270 1216 1637 1299 patriaecouspectuque

312 1314 419 1371 vestm
440 1307 626 1390 eripuissem
648 1314 680 1370 et
701 1315 788 1371 metu
808 1307 905 1371 vestri
926 1305 1074 1390 periculi,
1097 1328 1161 1373 non
1178 1311 1255 1385 mei,
1277 1310 1378 1373 furori
1391 1308 1547 1383 hominis,
1568 1330 1638 1373 sce-

312 1399 389 1475 leri,
417 1395 582 1481 perfidiae,
613 1399 683 1465 telis
710 1401 867 1484 minisque
896 1402 1078 1475 cessissem,
1109 1403 1325 1487 patriamque,
1359 1422 1442 1486 quae
1470 1400 1549 1465 mibi
1570 1408 1638 1467 erat

313 1492 490 1567 canssima,
511 1500 642 1577 propter
664 1495 764 1577 ipsius
785 1496 907 1577 patriae
925 1495 1087 1557 caritatem
1101 1496 1317 1581 reliquissem,
1340 1516 1413 1559 cum
1425 1514 1532 1559 meum
1547 1496 1637 1559 illum

313 1606 422 1651 casum
442 1593 506 1651 tam
526 1587 727 1663 horribilem,
748 1595 811 1651 tam
828 1606 970 1669 gravem,
991 1594 1055 1650 tam
1069 1590 1271 1671 repentinum
1286 1609 1351 1653 non
1365 1588 1470 1653 solum
1483 1590 1674 1665 hominesne

314 1679 372 1744 sed
394 1684 477 1743 tecta
498 1680 585 1744 urbis
607 1699 645 1745 ac
665 1682 783 1765 templa
803 1681 962 1764 lugerent,
984 1702 1078 1746 nemo
1098 1689 1238 1747 vestrum
1251 1683 1372 1758 iorum,
1395 1702 1490 1748 nemo
1506 1684 1637 1759 curiam,

314 1793 410 1839 nemo
431 1774 535 1837 lucem
556 1774 718 1859 adspicere
740 1776 853 1840 vellet:
877 1768 954 1850 illo,
982 1778 1129 1859 inquam,
1159 1776 1230 1859 ipso
1252 1777 1322 1852 die,
1344 1774 1398 1839 die
1419 1774 1514 1840 dicct
1539 1778 1637 1841 immo

312 1868 394 1931 bora
415 1873 510 1950 atque
531 1870 626 1933 etiam
647 1878 763 1951 puncto
784 1870 935 1952 temporis
949 1869 1063 1933 eodem
1082 1869 1159 1933 milri
1172 1871 1283 1953 reique
1304 1870 1450 1954 publicae
1470 1870 1637 1953 pernicies,

314 1961 451 2025 Gabinio
472 1970 506 2025 et
525 1963 631 2027 Pisoni
655 1964 818 2045 provincia
838 1972 947 2046 rogata
969 1972 1026 2027 est
1046 1966 1118 2028 ·Pro
1140 1965 1193 2028 dei
1213 1964 1422 2038 immortales,
1445 1962 1592 2051 custodes
1606 1973 1639 2027 et

314 2062 551 2121 conservatores
582 2056 678 2120 huius
710 2058 796 2121 urbis
829 2064 925 2140 atque
954 2058 1096 2141 impertit
1131 2078 1288 2143 quaenam
1316 2057 1372 2121 illa
1401 2057 1436 2123 in
1456 2080 1491 2123 re
1513 2058 1676 2142 publicare

314 2155 470 2224 monstra,
493 2169 575 2233 quae
597 2149 715 2214 scelera
736 2150 876 2215 vidistist
901 2151 983 2217 Civis
1006 2159 1074 2215 erat
1090 2154 1241 2235 expulsus
1261 2153 1305 2227 is,
1326 2152 1385 2235 qui
1399 2152 1637 2238 rempublicam

314 2264 357 2308 ex
386 2251 520 2307 senatus
537 2246 721 2308 summitate
744 2264 815 2307 cum
838 2244 983 2309 omuibus
1005 2245 1097 2309 bonis
1119 2244 1318 2322 defenderat,
1348 2254 1381 2309 et
1401 2246 1551 2329 expulsus
1573 2264 1639 2308 non

313 2338 379 2405 alio
400 2336 527 2421 aliquo,
549 2335 605 2400 sed
628 2356 666 2400 eo
688 2338 758 2421 ipso
781 2338 928 2415 crimiue3
958 2347 1025 2404 erat
1046 2347 1150 2403 autem
1173 2340 1326 2423 expulsus
1346 2341 1416 2404 sine
1436 2340 1571 2415 iudicio,
1591 2339 1638 2415 ri,

313 2431 489 2517 lapidibus,
510 2430 611 2507 ferro,
633 2431 763 2497 servitio
785 2430 925 2515 denique
947 2434 1120 2509 concitato3
1144 2434 1196 2497 lex
1210 2441 1279 2497 erat
1292 2434 1357 2499 lata
1371 2440 1460 2499 vasto
1475 2452 1514 2496 ac
1526 2432 1637 2497 relicto

313 2528 384 2592 loro
406 2532 437 2591 et
458 2525 578 2590 sicariis
599 2524 763 2610 servisque
786 2524 910 2599 tradito,
933 2534 964 2590 et
986 2545 1025 2591 ea
1046 2526 1117 2603 lca,
1139 2547 1221 2611 quae
1236 2536 1325 2594 utne
1339 2528 1489 2604 terretur,
1510 2532 1676 2595 senatusro

314 2622 419 2687 luerat
439 2627 526 2685 veste
549 2626 676 2684 mutata.
710 2614 761 2681 55.
776 2620 843 2683 Hac
865 2628 951 2684 tanta
973 2620 1209 2703 perturbatione
1223 2622 1358 2685 ciuitatis
1371 2642 1413 2685 ne
1427 2628 1553 2685 noctem
1566 2620 1639 2704 qui-

316 2717 389 2781 dem
422 2713 570 2777 consules
598 2714 681 2776 iuter
708 2733 813 2776 meum
841 2715 996 2777 imeritum
1025 2722 1072 2795 et,
1087 2733 1176 2780 suam
1205 2713 1355 2798 praedam
1376 2716 1531 2780 interesse
1551 2714 1638 2799 passi

315 2816 407 2885 sunt3
436 2809 539 2872 statim
566 2826 617 2871 me
645 2807 791 2889 perculso
817 2806 856 2872 ad
880 2828 983 2872 mcum
1008 2809 1194 2891 sanguinem
1213 2808 1424 2875 laudandum
1445 2816 1479 2873 et
1498 2808 1639 2893 spirante

316 2904 412 2969 etiam
439 2920 474 2965 re
502 2901 629 2986 publica
657 2902 697 2965 ad
727 2905 795 2965 eius
820 2902 921 2985 spolia
942 2902 1136 2967 detrahenda
1157 2901 1393 2968 advolaverunt
1429 2901 1548 2967 Omitto
1568 2920 1640 2985 gra·

315 2998 500 3070 tulationes,
522 2995 649 3079 epulas,
671 2996 872 3079 partitionem
887 2998 1018 3072 aerarii,
1038 2993 1209 3073 beneficia,
1230 3016 1336 3081 spem,
1358 2997 1521 3081 promissa,
1545 3013 1676 3082 prae-ee

316 3092 408 3165 dam,
428 3090 580 3154 laetitiam
601 3108 774 3173 paucorum
794 3091 828 3152 in
850 3089 938 3153 luctu
959 3090 1110 3154 omnium.
1143 3090 1326 3155 Verebatur
1341 3109 1525 3167 uxormea,
1545 3090 1638 3154 liberi

315 3183 355 3249 ad
377 3202 487 3247 necem
509 3182 753 3267 quaerebantur,
776 3201 890 3266 gener,
912 3192 944 3247 et
957 3184 1032 3248 Piso
1045 3202 1155 3266 gener,
1177 3183 1334 3248 aPisonis
1348 3185 1487 3248 consulis
1500 3183 1638 3269 pedibus

314 3278 450 3362 supplex
471 3276 688 3353 reiiciebatur3
710 3276 794 3340 bona
816 3275 1044 3359 diripiebantur
1064 3297 1167 3362 eaque
1181 3278 1221 3342 ad
1240 3278 1387 3343 consides
1401 3275 1637 3354 deferebantur3

316 3372 430 3436 domus
458 3370 588 3441 ardebat
608 3370 642 3432 in
663 3370 800 3435 Palatio:
834 3373 981 3435 eonsules
1003 3372 1219 3457 epulabantur.
1253 3370 1347 3448 Quod
1369 3372 1396 3435 si
1417 3371 1496 3435 meis
1516 3370 1638 3435 incom-

314 3466 418 3531 modis
441 3464 650 3539 laetabantur,
672 3463 759 3527 urbis
781 3472 886 3528 tamen
908 3466 1050 3547 periculo
1072 3474 1354 3531 commoverentur.
1580 3509 1584 3514 -
1644 3487 1674 3536 oo

398 3559 499 3622 XXV.
521 3556 573 3621 55.
595 3558 658 3622 Sed
689 3566 724 3622 ut
748 3578 768 3621 a
788 3578 858 3622 mea
880 3579 975 3625 causa
997 3561 1060 3624 iam
1081 3561 1244 3637 recedam,
1277 3559 1417 3644 reliquas
1445 3558 1533 3624 illius
1561 3562 1636 3625 anni

314 3660 420 3740 pestes
448 3652 679 3717 recordamini:
709 3685 751 3701 -
780 3656 825 3716 sic
854 3654 937 3717 enim
966 3651 1113 3717 facillime
1142 3654 1355 3738 perspicietis,
1390 3659 1540 3737 quantam
1570 3653 1635 3716 vim

315 3748 457 3814 omnium
478 3747 688 3813 remediorum
709 3768 728 3811 a
750 3747 982 3831 magistratibus
1003 3748 1156 3830 proximis
1176 3767 1229 3811 rer
1248 3747 1377 3831 publica
1393 3746 1636 3813 desiderarit-

381 4072 406 4122 4.
424 4068 630 4131 &mmmmm
644 4069 673 4130 P,
691 4066 749 4117 tort.
763 4080 796 4118 en
807 4066 874 4117 brea
889 4072 985 4119 455555
1001 4072 1089 4131 terp,
1107 4067 1187 4118 5νουιι
1202 4066 1318 4130 ternportr
1333 4066 1419 4117 dolore
1431 4068 1499 4118 cont.
1512 4067 1634 4128 liotom.;

313 4142 631 4199 emimentem.-
649 4142 674 4193 3.
692 4145 886 4194 45544554)-
905 4142 930 4194 4.
948 4145 1120 4194 outcome
1140 4169 1167 4179 -
1185 4145 1211 4193 o.
1229 4143 1469 4205 peremnis
1491 4155 1632 4206 moco-

313 4225 339 4276 e.
352 4221 408 4276 eb:
427 4232 481 4273 om.
494 4221 541 4271 Po
557 4244 583 4255 -
602 4218 627 4269 ⁸1.
640 4215 705 4270 tior.
719 4218 773 4283 (stc)
785 4215 840 4270 P¹o
853 4246 880 4256 -
899 4220 938 4270 tt.
951 4220 993 4270 red
1008 4220 1085 4270 eamn
1100 4223 1164 4270 tecto
1179 4218 1272 4269 Lamb.
1284 4218 1406 4281 inmerg.
1421 4242 1450 4255 -
1469 4218 1509 4269 44.
1527 4219 1637 4281 opusc

313 4300 365 4351 no
383 4322 411 4334 -
430 4292 542 4345 alterum
558 4293 598 4343 otc
614 4295 634 4344 P
650 4304 709 4358 sup.
727 4291 771 4345 lin.
785 4294 850 4345 mi
866 4306 921 4345 rec.
934 4292 1025 4346 habet.
1040 4320 1068 4333 -
1087 4293 1128 4345 44.
1143 4294 1274 4358 prociotto
1287 4298 1404 4359 ropotort
1419 4296 1439 4346 P
1458 4321 1486 4331 -
1503 4294 1544 4345 dei
1559 4291 1634 4346 1³0¹:

314 4372 351 4424 dit
367 4368 426 4422 (ΡΟ
443 4394 473 4407 -
492 4370 531 4420 te.
549 4369 638 4431 terprrt
655 4371 674 4420 P
692 4393 719 4403 -
740 4368 779 4418 46.
797 4368 894 4429 biroto
911 4364 978 4419 1³¹-
999 4368 1039 4419 ts.
1057 4370 1301 4430 corcomenon
1319 4369 1347 4419 ot
1363 4370 1492 4420 om.G-
1511 4367 1636 4419 ttzuorto

314 4446 352 4508 P¹,
370 4448 400 4498 ut
416 4442 547 4499 Manutus
563 4444 691 4495 coniecit:
709 4448 785 4495 costo
800 4445 925 4495 Pectat
945 4457 993 4506 m.,
1012 4446 1055 4495 cut
1070 4457 1204 4510 superscr.
1224 4446 1266 4496 est
1280 4450 1309 4496 to
1324 4457 1361 4496 m.
1379 4444 1410 4505 2;
1427 4448 1526 4495 ceroto
1542 4445 1593 4495 Go
1605 4470 1633 4481 -

314 4524 356 4575 54.
373 4522 502 4573 ermom
517 4520 583 4571 Lud.
601 4521 646 4572 lan
663 4519 1068 4585 (commemoraveram
1084 4520 1157 4572 t8l7.
1175 4520 1237 4572 ltro.
1251 4519 1307 4582 484)
1325 4522 1353 4570 et
1369 4519 1531 4583 secretus:
1549 4520 1638 4571 omisit

314 4599 374 4658 PG;
391 4608 479 4647 coemo
494 4596 529 4654 ⁰3
547 4593 589 4646 alii
606 4594 676 4646 allud
692 4595 888 4647 substantivum
905 4593 1103 4659 suppleverunt.
1127 4594 1202 4646 cont.
1221 4594 1237 4657 g
1253 4593 1294 4645 tt.
1311 4595 1353 4645 tt.
1373 4593 1408 4656 tin
1423 4595 1443 4645 P
1459 4606 1541 4657 super
1555 4606 1637 4645 mereo

315 4684 397 4723 manu
418 4681 491 4722 saec.
509 4668 564 4721 XV.
580 4668 624 4721 vel
644 4670 709 4722 XVI.
727 4672 859 4722 (45444555
880 4669 999 4721 additum
1025 4672 1085 4734 est.)
1110 4695 1138 4706 -
1164 4674 1188 4721 et
1208 4681 1306 4719 maro
1325 4669 1364 4732 (m
1381 4668 1443 4718 aute
1459 4680 1477 4717 o
1492 4669 1638 4731 expuncta)

313 4746 438 4811 merdam
453 4747 474 4797 P
492 4745 597 4810 (camno
613 4746 647 4796 ita
665 4748 815 4797 correctum
832 4747 872 4796 est
888 4758 925 4796 m.
938 4746 1030 4797 vetere
1046 4745 1074 4795 io
1088 4757 1175 4808 cumr,
1194 4746 1224 4795 ut
1238 4758 1256 4795 o
1270 4756 1353 4809 super
1365 4757 1384 4795 ιι
1397 4741 1570 4805 scriberetur,
1588 4740 1637 4793 sed

316 4820 406 4872 omtsit
423 4817 546 4871 librarius
567 4822 714 4872 extremam
736 4834 754 4871 o
775 4819 877 4881 delere,
906 4832 967 4871 cum
983 4822 1023 4872 stc
1039 4819 1161 4871 relictum
1180 4819 1259 4870 tuerit
1276 4832 1350 4869 mm
1369 4832 1399 4879 o,
1424 4831 1451 4868 m
1470 4817 1497 4868 in
1515 4816 1639 4879 praedem

317 4908 354 4948 nr.
374 4898 391 4945 t
414 4898 563 4947 recentiore
588 4895 675 4948 deleta
697 4899 752 4956 est3
779 4896 812 4947 ct.
833 4908 901 4960 quae
923 4896 1019 4960 scripsi
1038 4896 1073 4946 de
1095 4896 1136 4945 his
1157 4894 1315 4946 lectionibus
1334 4895 1361 4945 iu
1381 4894 1447 4945 blus.
1467 4891 1550 4942 Phen.
1569 4903 1637 4942 novo

316 4969 374 5021 Vol.
392 4970 439 5033 lx,
456 4984 483 5037 p.
502 4971 550 5021 322
567 4972 621 5021 not.
639 4971 680 5034 2);
702 4976 726 5023 et
744 4972 939 5035 rotormprocm
956 4973 977 5021 G
995 4996 1022 5006 -
1041 4972 1131 5021 tartaree
1145 4966 1175 5021 P¹
1192 4994 1221 5006 -
1240 4971 1281 5020 44.
1297 4971 1439 5032 porticena
1455 4968 1477 5017 G
1493 4992 1521 5001 -—
1539 4965 1581 5016 27.
1597 4977 1639 5028 pe·

316 5060 363 5097 ner
373 5070 411 5083 ··
420 5058 496 5111 amer
517 5046 636 5098 habeta
654 5071 681 5081 -
704 5060 780 5111 aecer
800 5052 823 5098 et
843 5046 898 5098 Piso
915 5047 1005 5097 omisit
1021 5047 1054 5106 G;
1079 5047 1104 5096 io
1129 5047 1148 5096 P
1165 5045 1261 5096 eadem
1277 5059 1321 5096 vv.
1339 5059 1376 5096 m.
1394 5046 1410 5095 t
1427 5040 1515 5094 deleta
1530 5040 1593 5091 sunt
1609 5037 1638 5100 (Α

316 5122 371 5186 ipro
387 5134 437 5186 pro
449 5121 514 5185 piso)
533 5148 560 5158 -
579 5121 620 5172 48.
638 5122 777 5173 retcebotcr
792 5120 822 5174 P¹
836 5148 863 5159 ·-
882 5121 923 5171 34.
942 5134 960 5171 o
975 5122 1025 5171 Po
1041 5132 1099 5185 sup.
1119 5118 1162 5171 lin.
1176 5120 1203 5185 (P
1216 5132 1254 5171 m.
1266 5122 1301 5182 t.)
1321 5148 1349 5158 -
1367 5132 1471 5171 mcccc
1486 5115 1542 5180 pic.
1553 5126 1639 5165 erex-

318 5198 424 5263 pnnctu)
442 5199 462 5247 P
481 5224 509 5235 -
528 5196 568 5248 44.
584 5202 664 5260 portae
678 5198 864 5251 recreentur:
885 5194 1194 5261 memmae-ecco
1208 5194 1391 5248 murman
1407 5195 1475 5247 coni.
1493 5188 1639 5258 septertus
