4009 6159
406 556 469 629 988
827 568 978 635 ORATIO
999 571 1042 634 IN
1063 571 1097 636 P.
1118 571 1317 648 vtrlnmn

409 738 537 803 etmihi
557 738 790 815 inimicissimo,
813 760 948 824 quaero,
970 742 1091 817 Vatini,
1116 750 1222 807 utrum
1242 743 1370 806 tandem
1390 751 1483 826 putes
1502 744 1576 810 huic
1597 746 1733 821 civitati,

407 832 481 897 huic
501 832 547 897 rei
568 833 729 917 publicae,
750 834 824 898 huic
845 835 930 911 urbi,
952 836 1003 899 bie
1018 836 1160 920 templis,
1181 838 1319 911 aerario,
1343 839 1457 913 curiae,
1478 840 1554 902 viris
1567 839 1630 915 his,
1644 860 1733 922 quos

407 924 512 1001 rides,
539 925 652 991 horum
679 912 933 993 bonis‘fortunis
963 917 1088 1005 hberis,
1122 931 1244 994 civibus
1273 932 1401 1005 ceteris,
1431 932 1569 1016 denique
1596 932 1733 997 deomm

406 1021 629 1086 immortalium
650 1022 808 1099 delubris,
830 1024 998 1106 auspiciis,
1020 1023 1225 1107 religionibus
1247 1026 1361 1089 melius
1381 1025 1481 1089 fuisse
1501 1033 1535 1089 et
1554 1028 1735 1109 praestabi-

383 1115 484 1191 clius,
506 1136 556 1180 me
578 1117 679 1179 civem
699 1117 733 1181 in
753 1117 814 1181 hac
836 1118 961 1181 civitate
982 1119 1071 1182 nasci
1093 1138 1134 1182 an
1155 1121 1209 1182 tet
1244 1118 1322 1181 Cum
1343 1119 1421 1182 mibi
1443 1119 1503 1183 hoc
1525 1119 1733 1203 responderis

405 1216 461 1271 aut
481 1210 526 1274 ita
545 1210 763 1293 impudenter,
791 1219 827 1275 ut
855 1231 965 1276 manus
985 1232 1006 1275 a
1027 1221 1058 1274 te
1078 1211 1223 1276 homines
1246 1214 1300 1275 vix
1322 1213 1481 1276 abstinere
1502 1216 1642 1297 possint,
1672 1224 1735 1278 aut

405 1302 449 1366 ita
477 1304 637 1380 dolenter,
665 1312 700 1369 ut
728 1304 901 1389 aliquando
931 1307 991 1369 ista
1013 1324 1095 1389 quae
1120 1311 1193 1369 sunt
1213 1306 1322 1370 inflata
1343 1314 1544 1390 rumpantur,
1572 1316 1639 1371 tum
1660 1331 1734 1373 me·

406 1399 535 1461 moriter
554 1399 747 1482 respondeto
769 1398 809 1461 ad
832 1418 883 1475 ea,
906 1420 987 1483 quae
1009 1407 1040 1462 te
1055 1399 1094 1461 de
1109 1406 1141 1461 te
1162 1400 1231 1482 ipso
1245 1420 1368 1483 rogaro.
1405 1402 1442 1464 V.
1458 1396 1508 1462 ll.
1523 1404 1627 1488 Atque
1648 1404 1732 1468 illud

405 1492 728 1557 tenebricosissimum
749 1499 874 1576 tempus
895 1495 1032 1558 ineuntis
1054 1495 1166 1557 aetatis
1182 1489 1279 1577 [tuae]
1302 1495 1404 1578 patiar
1424 1495 1531 1559 latete.
1558 1497 1649 1560 Licet
1668 1498 1733 1561 im·

368 1606 396 1651 44
404 1606 490 1669 pune
521 1606 580 1669 per
609 1607 659 1649 me
687 1587 824 1669 parietes
852 1586 886 1649 in
915 1587 1130 1651 adolescentia
1156 1587 1351 1670 perfoderis,
1382 1588 1505 1652 vicinos
1536 1592 1732 1673 compilaris,

405 1687 536 1744 matrem
556 1681 748 1745 verberaris:
777 1680 892 1745 babeat
913 1681 972 1745 boc
992 1683 1123 1765 praemii
1149 1690 1202 1745 tua
1223 1682 1411 1764 indignitas,
1439 1691 1474 1745 ut
1495 1683 1732 1747 adolescentiae

404 1774 567 1858 turpitudo
589 1774 779 1839 obscuritate
802 1782 833 1839 et
855 1776 1000 1839 sordibus
1021 1776 1083 1857 tuis
1105 1775 1280 1859 obtegatur.

489 1868 699 1944 Quaesturam
728 1870 835 1953 petisti
863 1890 935 1933 cum
965 1871 999 1932 P.
1023 1871 1144 1946 Sestio,
1172 1891 1243 1934 cum
1271 1869 1324 1933 hie
1350 1869 1430 1934 nihil
1459 1871 1643 1956 loqueretur
1663 1873 1730 1937 nisi

337 1974 340 1991 ¹
405 1961 491 2046 quod
514 1963 642 2045 agebat,
663 1970 698 2027 tu
720 1963 760 2027 de
781 1964 881 2027 altero
904 1965 1070 2028 consulatu
1092 1963 1230 2048 gerendo
1245 1973 1276 2027 te
1291 1963 1413 2027 diceres
1428 1967 1577 2048 cogitare.
1599 1967 1729 2043 Quaero

368 2058 461 2122 seabs
482 2064 529 2132 te,
551 2063 701 2121 teneasne
723 2058 890 2133 memoria,
913 2079 983 2122 cum
1005 2061 1040 2121 P.
1063 2059 1184 2122 Sestius
1207 2066 1357 2142 quaestor
1377 2060 1418 2123 sit
1438 2060 1556 2123 cunctis
1571 2061 1730 2144 suffragiis

403 2150 521 2227 factus,
550 2158 624 2215 tunc
650 2161 682 2216 te
710 2154 765 2216 vix
793 2152 899 2215 invitis
922 2152 1070 2215 omnibus
1091 2172 1155 2216 non
1176 2152 1287 2235 populi
1307 2152 1480 2227 beneficio,
1508 2153 1564 2215 sed
1587 2154 1729 2219 consulis

405 2252 581 2309 extremum
608 2244 813 2309 adhaesisset
856 2243 906 2308 lh.
929 2247 966 2309 In
988 2267 1026 2310 eo
1048 2248 1251 2329 magistratu,
1280 2267 1353 2309 cum
1376 2247 1434 2309 tibi
1454 2267 1568 2330 magno
1590 2249 1729 2312 clamore

404 2340 536 2423 aquaria
554 2340 717 2423 provincia
738 2349 821 2404 sorte
844 2340 1027 2423 obtigisset,
1055 2343 1210 2405 missusne
1239 2340 1283 2403 sis
1306 2360 1324 2403 a
1346 2360 1396 2403 me
1417 2341 1546 2422 consule
1567 2342 1729 2417 Puteolos,

405 2440 441 2496 ut
461 2432 535 2497 inde
557 2454 667 2498 aurum
689 2436 848 2518 exportari
871 2440 1100 2518 argentumque
1121 2433 1328 2517 prohiberes?
1349 2436 1383 2497 in
1405 2454 1443 2496 eo
1466 2434 1593 2517 negotio
1609 2455 1681 2497 cum
1695 2443 1728 2498 te

367 2546 468 2593 eonon
489 2527 651 2591 custodem
673 2527 712 2592 ad
734 2529 957 2603 continendas,
979 2529 1035 2592 sed
1056 2530 1241 2611 portitorem
1263 2529 1304 2591 ad
1323 2529 1506 2611 partiendas
1521 2550 1640 2593 merces
1654 2530 1729 2592 mis-

405 2641 474 2684 sum
496 2628 623 2703 putares
645 2642 781 2706 cumque
803 2624 945 2686 omnium
968 2623 1096 2698 domos,
1118 2622 1299 2703 apothecas,
1321 2642 1418 2686 naves
1432 2622 1628 2686 furacissime
1643 2643 1729 2686 scru-

404 2724 506 2779 tarere
535 2717 747 2800 hominesque
777 2716 896 2800 negotii
918 2725 1063 2800 gerentes
1084 2716 1210 2779 iudiciis
1232 2717 1441 2800 iniquissimis
1462 2717 1618 2790 irretires,
1647 2736 1729 2779 mer·

406 2816 529 2873 catores
559 2828 577 2872 e
610 2811 682 2875 navi
711 2810 908 2894 egredientes
942 2821 1085 2884 terreres,
1123 2811 1341 2874 conscendentes
1368 2830 1543 2885 morerere,
1578 2816 1729 2874 teneasne

406 2902 555 2968 memoria
576 2904 633 2967 tibi
654 2906 688 2967 in
710 2913 868 2969 conventu
889 2906 1031 2969 Puteolis
1052 2925 1163 2969 manus
1185 2925 1255 2968 esse
1276 2904 1410 2968 allatas?
1432 2904 1474 2967 ad
1495 2924 1545 2967 me
1566 2906 1728 2969 consulem

368 2999 563 3083 atquerellas
584 3000 825 3064 Puteolanorum
848 3019 917 3062 esse
940 2999 1082 3063 delatas?
1111 3001 1186 3062 Post
1208 3004 1408 3082 quaesturam
1429 2999 1588 3062 exierisne
1608 2999 1727 3082 legatus

406 3094 440 3156 in
461 3092 641 3158 ulteriorem
664 3093 850 3176 Rispaniam
874 3092 907 3155 C.
931 3093 1084 3156 Cosconio
1106 3093 1318 3177 pro-consulet
1340 3111 1412 3153 cum
1432 3091 1511 3154 illud
1534 3092 1595 3155 iter
1614 3091 1728 3174 Hispa·

406 3184 517 3251 iriense
538 3187 671 3272 pedibus
692 3186 758 3250 fere
781 3186 895 3250 confici
917 3186 1031 3261 soleat,
1058 3196 1128 3260 aut,
1159 3186 1185 3248 si
1209 3186 1264 3268 qui
1286 3184 1435 3268 navigare
1456 3184 1549 3259 velit,
1580 3194 1665 3248 certa
1685 3186 1727 3247 sit

406 3284 487 3346 ratio
509 3280 698 3364 naugandi:
720 3281 886 3345 venerisne
907 3282 938 3344 in
962 3268 1137 3343 Sardiniam
1152 3286 1247 3363 atque
1261 3280 1335 3343 inde
1350 3282 1383 3342 in
1397 3277 1556 3350 Africam?
1577 3278 1727 3352 fuerisne,

407 3376 493 3460 quod
516 3378 585 3440 sine
606 3383 735 3439 senatus
758 3376 903 3439 consulto
925 3376 982 3438 tibi
1002 3374 1106 3439 facere
1127 3393 1192 3437 non
1215 3373 1322 3448 licuit,
1344 3374 1378 3436 in
1400 3393 1496 3456 regno
1518 3372 1727 3456 Hiempsalis?

368 3469 545 3538 eofuerisne
573 3468 607 3532 in
634 3488 733 3553 regno
754 3470 986 3533 Mastanesosit
1019 3470 1185 3532 venerisne
1213 3468 1253 3531 ad
1274 3467 1390 3531 fretum
1412 3488 1470 3551 per
1489 3466 1726 3530 Mauritaniam?

406 3854 596 3921 Egodetectus
612 3855 719 3918 signum
730 3854 791 3918 post
800 3866 851 3902 non
861 3852 941 3903 solnm
956 3851 1110 3917 ponendum
1123 3864 1183 3903 esse
1194 3853 1267 3902 ratus
1278 3849 1338 3902 telis
1350 3850 1405 3901 tere
1417 3849 1582 3901 intercidisse
1593 3852 1726 3903 existimo:

404 3939 433 3984 nt
448 3938 543 3993 nmen,
561 3944 618 3981 enm
633 3930 731 3981 bomine
746 3942 797 3978 oon
813 3928 893 3977 solum
910 3926 1087 3991 [sordidissimo
1104 3933 1180 3990 atque
1194 3928 1279 3991 infimo
1294 3927 1435 3989 conseram,
1452 3927 1495 3974 sed
1509 3926 1594 3992 444444]
1610 3928 1730 3989 inpuden-

404 4009 497 4059 ttsstmo
515 4008 568 4058 cet.
590 4005 629 4056 Cf.
649 4005 728 4055 etiam
745 4003 831 4056 Madv.
850 4016 877 4068 p.
895 4004 954 4053 544.
973 4030 1001 4040 -
1026 4003 1050 4053 3.
1069 4003 1138 4053 boon
1152 4005 1243 4054 norom
1258 4004 1279 4053 G
1298 4030 1324 4041 -
1350 4001 1375 4053 l.
1393 4002 1502 4064 44444444
1517 4003 1547 4052 P¹
1565 4030 1593 4039 -
1611 4005 1636 4053 6.
1654 4005 1729 4065 topo-

405 4085 518 4135 deoterP
532 4108 558 4117 ·-
575 4086 598 4131 44
613 4080 639 4129 44
651 4082 670 4131 P
681 4079 707 4129 in
722 4078 781 4130 loco
793 4090 869 4129 eraso
886 4078 1015 4149 scriptum
1032 4082 1082 4139 est,
1101 4080 1126 4127 in
1144 4091 1197 4143 quo
1214 4076 1273 4143 plus
1286 4076 1354 4128 duae
1371 4076 1473 4127 litterae
1484 4078 1598 4143 scriptae
1609 4078 1726 4140 fuerant;

404 4157 466 4209 vide
487 4170 522 4207 ne
544 4155 623 4206 tuerit
638 4154 684 4204 obs
705 4158 728 4205 te
750 4180 777 4189 -
800 4154 824 4203 7.
842 4157 1082 4215 ntnrnmpontur
1098 4151 1215 4203 babeth
1235 4177 1262 4189 -
1284 4153 1334 4202 4444
1350 4152 1396 4201 ilio
1411 4164 1476 4211 quoe
1492 4151 1584 4203 hamb.
1604 4166 1665 4204 cum
1683 4154 1725 4205 ed.

405 4234 473 4283 lunt.
494 4255 521 4268 -
540 4232 601 4281 ante
617 4231 708 4294 instato
724 4230 751 4279 iu
767 4232 787 4279 P
802 4234 909 4293 rogante
925 4229 952 4278 in
968 4241 1053 4291 marg.
1072 4241 1107 4278 m.
1127 4242 1183 4280 see.
1201 4227 1321 4279 additum
1338 4228 1387 4278 est.
1402 4252 1429 4263 —
1448 4226 1473 4278 8.
1490 4240 1533 4282 eo«
1548 4232 1608 4281 P-
1627 4244 1692 4292 onoc
1705 4236 1729 4282 44

406 4310 470 4359 PG:
497 4306 594 4367 pecces
611 4306 639 4355 et
654 4304 715 4355 edd.
744 4303 783 4355 Cf.
802 4302 817 4367 5
835 4303 867 4353 43
884 4316 910 4367 p.
929 4303 986 4365 989,
1006 4304 1030 4355 7.
1048 4331 1082 4341 -
1105 4316 1230 4368 rogauero
1247 4304 1308 4352 G-
1327 4302 1351 4351 9.
1370 4302 1590 4354 tenebrositatem
1606 4306 1627 4355 G
1645 4332 1672 4341 -
1690 4307 1729 4355 in·

405 4380 492 4446 444444]
509 4380 630 4431 incnncte'e
646 4381 667 4429 G
685 4406 712 4415 -
732 4384 790 4429 tuce
805 4381 825 4429 P
842 4391 901 4443 sup.
920 4377 963 4428 444.
983 4392 998 4428 a
1015 4391 1051 4429 m.
1064 4381 1155 4429 vetere
1173 4377 1263 4429 babet.
1284 4404 1311 4415 -
1332 4379 1426 4440 ponor
1441 4379 1460 4428 P
1479 4404 1506 4413 —
1526 4380 1567 4428 44.
1584 4379 1728 4431 4444444--

405 4457 537 4520 wagner
551 4454 670 4505 bebetA
688 4480 716 4491 -
732 4454 833 4517 procem
848 4452 909 4506 AP¹
926 4455 1043 4518 (44444444
1058 4455 1108 4517 P²):
1124 4454 1267 4517 proemium
1283 4453 1332 4503 GO
1351 4476 1378 4489 -
1397 4454 1507 4517 digniter
1522 4455 1584 4504 Δ-
1601 4460 1726 4508 ntemh

407 4556 434 4568 -
453 4530 633 4581 4444444444444
647 4531 696 4581 ΑΡ
715 4556 743 4567 -
761 4530 801 4579 44.
821 4529 870 4579 tnta
886 4541 940 4581 om.
958 4534 980 4580 Δ
998 4528 1077 4594 prob.
1095 4529 1224 4593 Madvigio
1240 4542 1267 4593 p.
1279 4529 1337 4579 ola.
1352 4555 1379 4564 -
1398 4532 1564 4592 opteqctan
1583 4556 1608 4567 —
1631 4532 1669 4582 444.
1682 4546 1729 4595 cpe

405 4610 465 4658 P-
484 4609 584 4668 qnestor
599 4607 648 4657 PG
666 4630 693 4641 -
711 4606 831 4669 4441444444
845 4604 919 4668 sectis
934 4602 962 4655 P¹
976 4630 1004 4641 -
1023 4605 1064 4654 46.
1083 4604 1193 4667 moestus
1208 4608 1240 4662 P.
1258 4606 1289 4654 ut
1304 4604 1420 4667 saepius.
1434 4629 1461 4639 -
1482 4603 1521 4655 47.
1539 4605 1567 4654 in
1582 4607 1730 4657 eo--obtt-

311 4744 314 4751 1
404 4680 479 4747 piacet
500 4678 581 4731 babet
601 4682 622 4731 Α
640 4693 694 4733 om.
712 4694 755 4731 vv.
773 4693 865 4744 magno
885 4680 994 4731 clamore
1018 4707 1045 4717 -
1070 4679 1110 4730 l8.
1126 4679 1256 4742 proniotio
1273 4684 1339 4728 sorte
1353 4678 1477 4742 optigtcoet
1492 4679 1512 4728 P
1530 4704 1558 4717 -
1575 4680 1608 4730 444
1622 4681 1680 4732 PG¹
1698 4707 1726 4719 -

405 4757 448 4807 444.
463 4756 648 4818 posonem
667 4782 693 4792 -
716 4757 758 4807 44.
777 4761 895 4818 apotecas
911 4759 930 4808 P
949 4782 976 4792 -
999 4756 1075 4804 44444
1089 4756 1139 4805 PG
1161 4780 1188 4789 —
1211 4754 1252 4803 44.
1270 4753 1434 4817 4444444446
1454 4766 1523 4804 corr.
1542 4766 1578 4804 m.
1596 4755 1626 4814 4;
1650 4758 1677 4806 at
1692 4758 1726 4809 ct.

405 4846 433 4897 p.
451 4832 535 4883 Sestio
553 4830 567 4895 θ
585 4832 625 4883 97.
641 4858 668 4867 -
687 4831 802 4881 4444444444
816 4833 867 4883 PG
881 4858 907 4867 -
927 4831 968 4881 43.
986 4830 1133 4895 egredientia
1148 4830 1197 4879 PG
1209 4854 1237 4863 —
1256 4833 1361 4879 44444444
1376 4829 1561 4891 conscendentes
1575 4831 1632 4883 Pin
1643 4845 1726 4897 marg.

407 4921 444 4958 m.
462 4907 478 4956 4
495 4904 615 4971 suppleta
640 4905 734 4965 hehet;
761 4919 810 4970 pro
835 4909 941 4956 terreres
961 4904 1061 4957 mavult
1080 4906 1109 4955 C.
1128 4907 1155 4956 P.
1174 4906 1341 4956 Hermennns
1362 4910 1467 4965 4444444,
1494 4917 1542 4969 ego
1564 4918 1671 4955 4444444
1685 4906 1728 4957 vel

407 4980 492 5034 simile
509 4981 632 5032 verbum.
652 5006 679 5016 -
698 4982 878 5031 conscendentis
895 4983 915 5031 G
934 5006 960 5016 —
978 4993 1081 5031 merore
1096 4978 1177 5031 P¹G¹:
1194 4982 1343 5031 mororch
1360 4993 1429 5030 corr.
1442 4980 1458 5030 4
1469 4992 1505 5030 m.
1526 5006 1553 5015 -
1571 4979 1612 5031 44.
1630 4982 1730 5031 motos

407 5060 426 5109 P
446 5084 473 5093 -
491 5056 532 5107 25.
552 5055 675 5117 4444444444
690 5055 811 5118 (welca
828 5056 856 5117 Gt
874 5056 965 5106 Puteol.
983 5058 1047 5108 PG:
1064 5054 1156 5105 Puten.
1175 5056 1288 5117 querela
1303 5056 1349 5105 SO
1367 5082 1394 5091 -
1413 5055 1456 5106 46.
1471 5067 1569 5117 prome¹
1586 5057 1606 5105 P
1626 5082 1652 5091 -
1669 5056 1729 5107 44444

408 5134 429 5183 G
448 5158 474 5169 -
492 5132 541 5182 tter
556 5134 575 5182 P
592 5143 650 5195 sup.
670 5129 714 5181 liu.
732 5144 769 5181 m.
787 5132 817 5192 4,
836 5131 886 5183 sed
902 5133 1002 5183 vetere.
1019 5158 1044 5168 -
1063 5131 1104 5180 47.
1122 5130 1189 5193 fer-re
1205 5132 1234 5182 P¹
1246 5156 1275 5167 -
1293 5130 1388 5181 4444444
1404 5133 1471 5181 G-
1486 5130 1509 5180 44
1525 5132 1568 5193 qni
1584 5130 1645 5182 GP*
1659 5132 1726 5196 (sup.

407 5206 476 5269 lin.):
498 5219 552 5257 om.
570 5200 612 5265 P¹3
637 5206 730 5267 atqnts
746 5206 804 5265 803
831 5206 874 5267 qot
891 5206 952 5268 (om.
971 5206 1000 5265 44)
1019 5203 1111 5256 bamb.
1129 5204 1189 5255 cod.
1206 5207 1294 5266 retus,
1320 5206 1392 5270 quod
1409 5202 1532 5271 praetulit
1547 5206 1676 5256 Garatoni.
1694 5232 1728 5244 -

408 5282 666 5347 thoffitcomtl-
686 5279 1569 5344 ae.sce.s.c.r-³o.maccsoata-permmennnr.
