4009 6159
752 583 1008 653 vcnunc-rr.
1034 581 1207 672 sss-o.
1559 573 1637 647 rara

325 753 409 836 Quid
432 755 516 820 enlm
539 761 658 840 potest,
689 775 748 839 per
775 755 853 820 daos
879 755 1089 820 immortales!
1118 757 1164 820 rei
1192 755 1337 840 publicae
1363 755 1516 839 prodesse
1536 759 1644 817 nostra

323 851 462 934 legatio?
484 848 635 934 prodesse
657 849 751 913 dicct
773 849 869 934 quid,
892 850 919 912 si
941 849 1035 914 etiam
1057 848 1204 914 obfutura
1218 853 1289 914 esti
1311 850 1478 914 ablutura?
1498 847 1593 932 quid,
1616 844 1643 909 si

322 947 385 1010 iam
405 944 515 1006 nocuit
536 952 632 1026 atquc
655 943 778 1006 obbrit‘t
799 944 849 1007 An
870 959 928 1006 ros
950 945 1131 1008 acerrimam
1153 945 1239 1008 illam
1260 951 1294 1007 et
1312 943 1514 1008 fortissimam
1535 941 1645 1027 populi

324 1039 457 1103 Romani
477 1036 629 1100 libertatis
658 1036 892 1121 recuperandae
915 1038 1118 1120 cupiditatem
1138 1056 1204 1101 non
1225 1039 1422 1101 imminutam
1443 1057 1480 1100 ac
1501 1035 1646 1098 debilita-

323 1137 388 1194 tam
416 1131 531 1213 putatis
558 1130 715 1212 legatione
737 1130 824 1214 pacis
846 1130 975 1194 audita?
1008 1132 1092 1207 Quid
1113 1133 1283 1217 municipia
1305 1132 1462 1196 censetis?
1488 1127 1566 1214 quid
1593 1141 1670 1193 coa

324 1225 447 1288 loniael
469 1223 546 1307 quid
568 1233 710 1288 cunctam
733 1221 877 1288 ltaliam‘l
909 1225 1045 1289 futuram
1068 1225 1178 1290 eodem
1201 1227 1322 1302 studio,
1344 1245 1408 1311 quo
1430 1232 1540 1290 contra
1561 1240 1646 1287 com·

324 1333 419 1381 mnne
442 1318 625 1383 incendium
647 1323 831 1383 exarserat?
863 1320 911 1382 An
934 1339 998 1384 non
1020 1328 1165 1404 putamus
1185 1320 1253 1385 lora
1274 1329 1310 1383 ut
1330 1339 1384 1384 eos
1402 1319 1647 1403 paeniteatpro·

322 1413 422 1478 fessos
445 1431 514 1476 esse
538 1421 570 1477 et
590 1433 666 1497 prae
690 1433 724 1477 sc
747 1414 859 1478 tulisse
874 1413 983 1477 odium
1004 1414 1039 1476 in
1052 1414 1246 1490 Antonium,
1266 1415 1320 1499 qui
1341 1414 1492 1498 pecunias
1512 1410 1645 1496 polliciti

323 1514 411 1582 sunt,
443 1509 500 1592 qui
532 1528 634 1585 arma,
669 1509 724 1593 qui
755 1529 789 1572 se
819 1515 904 1572 totos
933 1515 965 1571 et
990 1507 1104 1571 animis
1132 1517 1165 1571 et
1185 1509 1370 1592 corporibus
1390 1509 1424 1571 in
1446 1507 1578 1571 salutem
1599 1505 1645 1567 rei
1725 1575 1729 1584 ¹

322 1602 466 1687 publicae
493 1603 719 1666 contulerunt?
749 1602 850 1680 Quem
880 1601 919 1664 ad
949 1603 1076 1667 modum
1101 1609 1244 1666 nocuum
1264 1603 1327 1666 boc
1348 1601 1514 1667 consilium
1538 1598 1646 1680 Capua
1654 1611 1685 1658 44

321 1696 483 1781 probabit,
511 1713 592 1780 quac
614 1695 809 1780 temporibus
830 1697 879 1760 bis
901 1697 1000 1759 lloma
1020 1697 1120 1760 altera
1142 1699 1214 1760 esti
1241 1697 1300 1760 llla
1320 1695 1435 1779 impios
1457 1693 1541 1758 cives
1562 1689 1645 1754 iudi-

322 1790 420 1864 carit,
442 1790 553 1864 eiecit,
576 1791 719 1854 exclusit
757 1791 824 1867 lili,
847 1790 909 1864 illi,
936 1790 1084 1874 inquam,
1105 1791 1176 1853 urbi
1198 1789 1369 1853 fortissime
1391 1785 1518 1852 conanti
1540 1804 1558 1847 e
1579 1801 1645 1847 ma·

322 1885 414 1948 nibus
437 1891 485 1946 est
506 1891 633 1967 ereptus
648 1885 816 1948 Antonius.
859 1881 889 1946 8.
911 1882 1019 1960 Quidt
1040 1884 1201 1967 legionum
1216 1889 1394 1946 nostrarum
1407 1899 1523 1946 nervos
1536 1897 1644 1942 noane

321 1977 372 2040 bis
395 1977 535 2041 consiliis
552 1978 748 2042 incidimus?
779 1979 850 2061 quis
873 1985 921 2040 est
942 1978 1027 2040 enim
1050 1979 1104 2062 qui
1126 1977 1166 2041 ad
1187 1977 1307 2040 bellum
1327 1974 1518 2040 inflammato
1539 1971 1644 2036 animo

321 2071 448 2134 iuturus
477 2070 519 2134 sit
548 2089 604 2154 spa
632 2073 720 2154 pacis
751 2070 878 2134 oblatat
912 2073 984 2154 lpsa
1004 2070 1060 2134 illa
1080 2072 1193 2135 Martia
1214 2071 1357 2134 caelestis
1379 2077 1412 2133 et
1432 2069 1539 2133 divina
1559 2066 1681 2149 legiott

322 2164 384 2228 boc
414 2165 525 2227 nuntio
557 2166 740 2248 languescet
771 2173 803 2227 et
831 2165 990 2228 mollietur
1016 2171 1112 2249 atque
1131 2164 1211 2228 illud
1233 2164 1477 2248 pulcherrimum
1498 2161 1645 2227 Martium

250 2289 256 2307 ι
324 2277 440 2320 nomen
463 2259 602 2322 amittet:
626 2259 772 2322 excident
793 2257 903 2342 gladii,
925 2260 1024 2322 duent
1044 2278 1131 2322 arma
1153 2257 1192 2321 de
1207 2260 1359 2322 manibus.
1396 2259 1544 2322 Senatum
1560 2255 1644 2316 enim

323 2359 432 2415 secuta
454 2373 518 2415 non
541 2351 745 2415 arbitrabitur
765 2371 799 2415 se
822 2354 964 2434 graviore
987 2352 1063 2414 odic
1085 2351 1201 2414 debere
1221 2371 1292 2415 esse
1313 2355 1345 2415 in
1362 2351 1535 2415 Antonium
1549 2367 1644 2431 quam

325 2453 479 2508 senatum.
515 2445 617 2508 Pudet
630 2444 726 2509 buius
741 2446 894 2530 legionis,
915 2446 1015 2528 pudet
1028 2453 1176 2529 quartae,
1199 2463 1280 2529 quae
1293 2445 1362 2527 pari
1376 2445 1491 2508 virtute
1506 2449 1644 2506 noscam

325 2539 543 2603 auctoritatem
570 2539 708 2623 probans
737 2560 802 2604 non
827 2547 864 2603 ut
891 2538 1053 2604 consulem
1081 2548 1114 2603 et
1141 2539 1363 2622 imperatorem
1389 2557 1497 2611 suum,
1526 2535 1582 2600 sed
1609 2541 1683 2598 utro

323 2632 448 2696 bostem
471 2640 503 2696 et
524 2641 772 2717 oppugnatorem
793 2635 914 2718 patriae
935 2633 1068 2717 reliquit
1087 2633 1276 2697 Antonium:
1305 2633 1404 2716 pudet
1424 2632 1533 2718 optimi
1555 2649 1646 2693 exer-

322 2727 420 2802 citus,
450 2727 505 2810 qui
529 2729 715 2790 coniunctus
738 2736 848 2794 estex
870 2727 1014 2804 duobus3
1046 2730 1102 2813 qui
1127 2727 1188 2792 iam
1211 2728 1378 2803 lustratus,
1407 2728 1464 2812 qui
1482 2724 1645 2808 proiectus

322 2819 362 2884 ad
383 2824 534 2885 Mutinam
557 2829 621 2885 est:
644 2822 699 2905 qui
723 2824 749 2886 si
770 2825 872 2906 pacis,
894 2822 927 2884 id
949 2828 998 2885 est
1018 2821 1141 2885 timoris
1163 2821 1280 2896 nostri,
1301 2841 1417 2909 nomen
1439 2819 1589 2893 audierit,
1610 2824 1646 2881 ut

322 2933 385 2979 non
407 2915 522 2979 relerat
543 2915 673 3000 pedem,
694 2917 822 2980 insistet
844 2923 942 2979 certe.¹
976 2914 1062 2990 Quid
1084 2915 1170 2978 enim
1189 2922 1360 2978 revocante
1380 2922 1412 2980 et
1432 2916 1571 2998 receptui
1593 2929 1645 2974 ca-

322 3017 416 3074 nente
439 3017 551 3074 senatu
572 3018 722 3094 properet
737 3009 910 3073 dimicaret
952 3010 1006 3072 lv.
1027 3006 1057 3073 9.
1072 3009 1158 3086 Quid
1172 3017 1278 3073 autem
1291 3009 1352 3074 boc
1366 3009 1524 3084 iniustius,
1546 3017 1681 3092 quam

321 3123 380 3166 nos
402 3103 607 3167 inscientibus
630 3104 685 3178 iis,
708 3105 763 3188 qui
785 3104 902 3167 bellum
925 3111 1055 3186 gerunt,
1079 3103 1118 3167 de
1140 3123 1218 3187 pace
1239 3105 1433 3168 decerneret
1461 3123 1521 3166 nec
1542 3100 1644 3165 solum

321 3199 543 3272 inscientibus,
577 3197 633 3260 sed
664 3198 758 3260 etism
785 3199 915 3261 inritisl
957 3198 1006 3261 An
1033 3218 1092 3261 vos
1120 3201 1157 3259 A.
1179 3198 1334 3272 Hirtium,
1362 3196 1645 3280 praeclarissimum

322 3292 501 3376 consulem,
525 3292 558 3366 C,
583 3291 763 3366 Caesarem,
786 3293 915 3354 deorum
938 3289 1091 3355 beneficio
1112 3297 1218 3353 natum
1235 3289 1275 3354 ad
1290 3290 1368 3354 haec
1383 3298 1541 3374 tempora,
1565 3305 1645 3372 quo·

321 3405 389 3448 rum
418 3384 567 3468 epistolas
600 3404 687 3467 spem
716 3385 867 3448 victoriae
895 3385 1093 3449 declarantes
1122 3386 1155 3448 in
1177 3404 1272 3448 manu
1293 3393 1403 3460 teneo,
1431 3404 1541 3468 pacem
1563 3382 1644 3446 velle

322 3481 480 3543 censetisl
509 3477 643 3542 Vincere
671 3479 718 3542 illi
748 3485 902 3562 expetunt
929 3479 1081 3561 pacisque
1104 3478 1320 3542 dulcissimum
1342 3487 1374 3542 et
1399 3477 1681 3562 pulcherrimumto

321 3590 437 3634 nomen
469 3591 533 3634 non
561 3572 724 3654 pactione,
753 3570 809 3635 sed
832 3572 963 3636 victoria
985 3573 1244 3657 concupiverunt.
1286 3573 1392 3648 Quidt
1422 3572 1557 3635 Galliam
1579 3587 1655 3652 quc>

320 3666 447 3729 tandem
476 3667 582 3729 animo
609 3667 690 3729 banc
718 3685 786 3729 rem
808 3666 983 3730 audituram
1006 3667 1147 3749 putatist
1177 3667 1233 3730 illa
1255 3667 1338 3729 enim
1356 3666 1454 3730 buius
1475 3665 1551 3728 belli
1571 3681 1645 3747 pro-

321 3758 485 3843 pulsandi,
515 3759 773 3834 administrandi,
802 3758 976 3824 sustinendi
1006 3760 1214 3845 principatum
1236 3768 1333 3825 tenet.
1375 3758 1477 3823 Gallia
1497 3760 1535 3821 Ι).
1556 3755 1643 3820 Bruti

321 3861 433 3918 nutum
463 3855 585 3937 ipsum,
613 3874 653 3917 ne
684 3853 788 3917 dicam
810 3854 993 3936 imperium,
1016 3863 1122 3918 secuta
1142 3856 1255 3929 armis,
1285 3854 1378 3928 viris,
1408 3852 1542 3936 pecunia
1569 3848 1644 3914 belli

315 3949 476 4033 principia
497 3947 650 4012 firmaritr
672 3947 784 4012 cadem
807 3949 983 4013 crudelitati
1005 3951 1048 4014 M.
1063 3949 1193 4013 Antonii
1216 3968 1308 4013 suum
1329 3954 1429 4012 totum
1452 3967 1566 4031 corpus
1589 3945 1680 4009 obas
1783 3959 1790 3975 ·

388 4311 412 4361 4.
430 4311 494 4360 caim
511 4321 564 4360 om.
582 4322 598 4359 a
617 4335 644 4346 -
668 4313 747 4371 potest
761 4321 807 4372 per
823 4309 879 4360 deor
894 4311 954 4362 tam.
973 4311 1012 4361 D:
1036 4323 1084 4374 par
1102 4311 1159 4363 4444
1179 4312 1247 4362 tram.
1264 4315 1344 4375 potest
1363 4310 1402 4360 40
1421 4337 1448 4347 -
1470 4323 1510 4361 ro.
1524 4324 1567 4374 pc.
1584 4311 1594 4362 i
1613 4335 1641 4350 —

321 4387 346 4437 4.
360 4386 422 4450 legio
439 4387 490 4434 t-
509 4387 620 4448 4414444444
635 4382 677 4435 444
694 4385 746 4434 444
761 4410 786 4420 -
808 4383 994 4450 4444414444
1011 4386 1042 4435 44
1060 4411 1087 4422 -
1107 4392 1182 4448 capae
1197 4387 1269 4449 444444
1283 4384 1363 4449 bgt:
1384 4387 1553 4437 444440-
1572 4383 1643 4437 aa·

321 4460 437 4512 4444444
456 4487 482 4497 -
502 4461 588 4510 iamin.
607 4461 642 4523 gt
661 4487 688 4497 -
712 4459 864 4510 debilitatam
879 4461 903 4510 i:
928 4461 1098 4512 delibatamli
1117 4487 1144 4498 -
1168 4462 1192 4511 s.
1210 4461 1340 4524 4444444444
1355 4474 1372 4525 g
1388 4483 1422 4496 -·
1443 4461 1596 4526 auditaegt
1613 4487 1641 4499 -

321 4537 345 4586 4.
358 4541 459 4586 cantara
476 4537 487 4586 t
502 4563 535 4573 —
551 4536 575 4584 7.
588 4533 731 4585 4444444444
746 4548 781 4585 aa
792 4549 837 4585 aaa
848 4537 1139 4600 patamassorteatt-
1153 4537 1280 4599 paeattect
1291 4538 1343 4601 gt:
1359 4548 1432 4598 poan.
1445 4536 1465 4586 0
1480 4561 1506 4572 -
1521 4537 1544 4586 a.
1558 4536 1645 4586 tatuit

323 4637 350 4649 -
364 4612 403 4662 40.
416 4615 527 4661 castorem
540 4609 574 4660 o:
593 4610 749 4660 4444444440
763 4637 790 4645 -
803 4611 933 4662 consilium
948 4609 1036 4661 bccai
1051 4634 1078 4647 -
1099 4611 1266 4674 4444444444
1282 4614 1332 4662 4-
1351 4612 1404 4661 liat
1417 4633 1444 4648 -
1458 4611 1497 4669 44.
1510 4611 1547 4661 itit
1559 4609 1642 4663 semel

320 4683 419 4737 habent
436 4685 527 4735 444-
546 4684 657 4742 arctat:
675 4685 761 4736 arbon
778 4699 833 4736 4-
851 4685 1305 4758 sorbebacmaattgmaatbast-
1323 4688 1477 4738 4444444-
1494 4687 1533 4738 43.
1547 4691 1645 4750 ereptus

320 4766 380 4812 4444
394 4785 422 4799 -
437 4761 476 4813 ll.
489 4761 534 4824 444]
547 4761 587 4810 iat
599 4787 625 4796 -
639 4761 790 4810 indicimust
803 4787 831 4798 -
845 4762 884 4810 444.
897 4761 994 4812 litabis
1006 4761 1087 4813 babet
1099 4765 1109 4812 t
1122 4787 1149 4799 —
1163 4761 1204 4812 44.
1217 4763 1339 4813 4444444444
1350 4764 1505 4828 suspectum
1517 4762 1642 4814 llanutio.

322 4859 348 4871 -
364 4835 529 4886 caecarent
545 4835 622 4897 clodi,
639 4837 733 4899 4444444
749 4849 824 4886 crana
841 4826 870 4886 de
884 4835 998 4886 44444444
1015 4835 1094 4887 codd.
1106 4837 1182 4887 Nonii
1197 4850 1223 4902 p.
1236 4839 1285 4889 300
1296 4839 1330 4889 44.
1345 4865 1373 4876 -
1390 4843 1474 4889 secata
1490 4838 1555 4889 44444
1569 4849 1644 4888 4444·

319 4915 372 4960 tum
388 4912 399 4960 4
415 4909 496 4960 solus.
511 4935 539 4948 -
559 4910 598 4960 48.
617 4909 789 4962 arbitrabatur
806 4915 817 4961 t
835 4935 862 4948 -
881 4911 1001 4976 grauiore
1017 4911 1072 4961 bt:
1089 4912 1205 4977 praatom'
1221 4912 1309 4976 agio
1326 4912 1382 4977 (4444
1396 4913 1511 4977 graviori
1527 4912 1583 4962 odio
1599 4912 1644 4961 de-

320 4983 376 5034 bera
396 4997 445 5034 4444
461 4984 594 5035 Antonium
616 4997 692 5047 quam
713 4986 809 5036 4444444
825 4983 927 5048 bamb.)
945 5010 972 5022 -
996 4986 1037 5035 40,
1055 4987 1098 5036 aad
1115 4987 1206 5037 4444444
1223 4987 1232 5036 4
1249 5011 1277 5022 -
1302 4987 1342 5037 44.
1360 4993 1384 5038 44
1399 4987 1505 5052 444444.
1523 5000 1554 5051 g3
1576 4991 1600 5036 44
1614 4989 1644 5036 at

320 5071 428 5123 oppapn.
445 5057 464 5108 b
483 5085 510 5095 -
529 5059 569 5110 43.
589 5061 713 5110 audiverit
728 5061 766 5111 l0
780 5087 806 5098 -
827 5061 868 5112 44.
886 5063 952 5111 444444
968 5059 1111 5112 Guilelmus
1128 5065 1215 5122 recte,
1233 5064 1263 5112 ut
1278 5062 1390 5114 videtur.
1403 5089 1436 5100 -
1453 5063 1513 5126 quid
1528 5061 1639 5112 4444404

321 5134 376 5196 qais
396 5133 460 5183 44444
480 5135 518 5184 40
539 5135 784 5197 [quid--dtma'care
803 5136 829 5186 in
851 5135 870 5186 b
891 5148 927 5186 m.
945 5137 961 5185 4
981 5137 1009 5186 in
1025 5148 1109 5200 marg.
1128 5135 1248 5202 suppleta
1265 5139 1334 5201 sunt)
1353 5163 1381 5175 -
1402 5137 1589 5188 idiomatae
1609 5159 1635 5173 -

320 5207 361 5259 46.
379 5207 466 5260 listi:
485 5209 523 5260 444
539 5207 606 5272 abg
623 5233 651 5244 -
670 5207 712 5259 44.
729 5209 858 5260 scientibus
873 5213 909 5260 at
926 5233 953 5246 -
971 5211 1066 5260 4444444
1081 5210 1099 5260 b
1117 5235 1145 5247 -
1162 5213 1205 5263 48.
1223 5217 1247 5262 at
1262 5212 1289 5264 0.
1302 5213 1428 5268 Muretus.
1449 5238 1476 5250 -
1494 5211 1535 5262 49.
1553 5210 1637 5262 ‹lxta-

320 5282 435 5334 rcattsb
454 5310 482 5320 -
500 5284 542 5335 34.
560 5285 737 5350 concupierant
752 5283 788 5338 hi
807 5311 833 5322 -·
852 5283 892 5338 44.
910 5285 1086 5355 4444444444
1101 5299 1130 5358 g3
1148 5287 1209 5352 torp.
1226 5290 1270 5346 44.
