<?xml version="1.0" encoding="UTF-8"?>
<!DOCTYPE html PUBLIC "-//W3C//DTD XHTML 1.0 Transitional//EN"
    "http://www.w3.org/TR/xhtml1/DTD/xhtml1-transitional.dtd">
<html xmlns="http://www.w3.org/1999/xhtml" xml:lang="en" lang="en">
 <head>
  <title>
</title>
<meta http-equiv="Content-Type" content="text/html;charset=utf-8" />
  <meta name='ocr-system' content='tesseract 3.04.00' />
  <meta name='ocr-capabilities' content='ocr_page ocr_carea ocr_par ocr_line ocrx_word'/>
</head>
<body>
  <div class='ocr_page' id='page_1' title='image "./mtulliiciceroni01baitgoog_0657.png"; bbox 0 0 4009 6159; ppageno 0'>
   <div class='ocr_carea' id='block_1_1' title="bbox 422 504 1326 583">
    <p class='ocr_par' dir='ltr' id='par_1_1' title="bbox 422 504 1326 583">
     <span class='ocr_line' id='line_1_1' title="bbox 422 504 1326 583; baseline 0.008 -11"><span class='ocrx_word' id='word_1_1' title='bbox 422 504 507 578; x_wconf 72' lang='lat' dir='ltr'>iili</span> <span class='ocrx_word' id='word_1_2' title='bbox 826 514 978 583; x_wconf 75' lang='lat' dir='ltr'>ORATIO</span> <span class='ocrx_word' id='word_1_3' title='bbox 998 514 1223 581; x_wconf 71' lang='lat' dir='ltr'>salamirus</span> <span class='ocrx_word' id='word_1_4' title='bbox 1242 514 1326 583; x_wconf 81' lang='lat' dir='ltr'>xiv.</span> 
     </span>
    </p>
   </div>
   <div class='ocr_carea' id='block_1_2' title="bbox 278 682 1767 3409">
    <p class='ocr_par' dir='ltr' id='par_1_2' title="bbox 422 682 1766 1055">
     <span class='ocr_line' id='line_1_2' title="bbox 507 682 1765 771; baseline 0.001 -21"><span class='ocrx_word' id='word_1_5' title='bbox 507 682 558 751; x_wconf 84' lang='lat' dir='ltr'>ll.</span> <span class='ocrx_word' id='word_1_6' title='bbox 579 687 690 771; x_wconf 84' lang='lat' dir='ltr'>ltaque</span> <span class='ocrx_word' id='word_1_7' title='bbox 711 706 782 752; x_wconf 89' lang='lat' dir='ltr'>cum</span> <span class='ocrx_word' id='word_1_8' title='bbox 803 686 1050 770; x_wconf 75' lang='lat' dir='ltr'><strong>supplicationes</strong></span> <span class='ocrx_word' id='word_1_9' title='bbox 1071 686 1258 753; x_wconf 86' lang='lat' dir='ltr'>iustissimas</span> <span class='ocrx_word' id='word_1_10' title='bbox 1280 704 1320 749; x_wconf 83' lang='lat' dir='ltr'>ex</span> <span class='ocrx_word' id='word_1_11' title='bbox 1340 684 1381 749; x_wconf 91' lang='lat' dir='ltr'>iis</span> <span class='ocrx_word' id='word_1_12' title='bbox 1402 684 1530 762; x_wconf 88' lang='lat' dir='ltr'>litteris,</span> <span class='ocrx_word' id='word_1_13' title='bbox 1556 707 1643 771; x_wconf 85' lang='lat' dir='ltr'>quae</span> <span class='ocrx_word' id='word_1_14' title='bbox 1670 688 1765 753; x_wconf 87' lang='lat' dir='ltr'>reci-</span> 
     </span>
     <span class='ocr_line' id='line_1_3' title="bbox 422 779 1764 865; baseline -0.001 -18"><span class='ocrx_word' id='word_1_15' title='bbox 422 788 506 847; x_wconf 86' lang='lat' dir='ltr'>tatae</span> <span class='ocrx_word' id='word_1_16' title='bbox 527 788 617 857; x_wconf 91' lang='lat' dir='ltr'>sunt,</span> <span class='ocrx_word' id='word_1_17' title='bbox 637 781 807 847; x_wconf 78' lang='lat' dir='ltr'>decernere</span> <span class='ocrx_word' id='word_1_18' title='bbox 821 779 1007 854; x_wconf 89' lang='lat' dir='ltr'>debeamus,</span> <span class='ocrx_word' id='word_1_19' title='bbox 1030 779 1247 864; x_wconf 85' lang='lat' dir='ltr'>Serviliusque</span> <span class='ocrx_word' id='word_1_20' title='bbox 1262 781 1450 856; x_wconf 86' lang='lat' dir='ltr'>decreverit,</span> <span class='ocrx_word' id='word_1_21' title='bbox 1471 783 1594 865; x_wconf 86' lang='lat' dir='ltr'>augebo</span> <span class='ocrx_word' id='word_1_22' title='bbox 1609 784 1764 847; x_wconf 88' lang='lat' dir='ltr'>omnino</span> 
     </span>
     <span class='ocr_line' id='line_1_4' title="bbox 422 874 1766 959; baseline 0 -18"><span class='ocrx_word' id='word_1_23' title='bbox 422 896 587 941; x_wconf 87' lang='lat' dir='ltr'>numerum</span> <span class='ocrx_word' id='word_1_24' title='bbox 608 875 746 950; x_wconf 90' lang='lat' dir='ltr'>dierum,</span> <span class='ocrx_word' id='word_1_25' title='bbox 766 875 950 959; x_wconf 89' lang='lat' dir='ltr'>praesertim</span> <span class='ocrx_word' id='word_1_26' title='bbox 972 894 1044 937; x_wconf 92' lang='lat' dir='ltr'>cum</span> <span class='ocrx_word' id='word_1_27' title='bbox 1065 894 1130 937; x_wconf 94' lang='lat' dir='ltr'>non</span> <span class='ocrx_word' id='word_1_28' title='bbox 1152 876 1227 949; x_wconf 92' lang='lat' dir='ltr'>uni,</span> <span class='ocrx_word' id='word_1_29' title='bbox 1248 875 1304 939; x_wconf 91' lang='lat' dir='ltr'>sed</span> <span class='ocrx_word' id='word_1_30' title='bbox 1327 874 1426 939; x_wconf 91' lang='lat' dir='ltr'>tribus</span> <span class='ocrx_word' id='word_1_31' title='bbox 1448 875 1581 940; x_wconf 90' lang='lat' dir='ltr'>ducibus</span> <span class='ocrx_word' id='word_1_32' title='bbox 1601 876 1677 941; x_wconf 90' lang='lat' dir='ltr'>sint</span> <span class='ocrx_word' id='word_1_33' title='bbox 1703 878 1766 941; x_wconf 89' lang='lat' dir='ltr'>de·</span> 
     </span>
     <span class='ocr_line' id='line_1_5' title="bbox 422 967 1766 1055; baseline 0 -20"><span class='ocrx_word' id='word_1_34' title='bbox 422 971 608 1035; x_wconf 83' lang='lat' dir='ltr'>cernendae.</span> <span class='ocrx_word' id='word_1_35' title='bbox 645 969 707 1033; x_wconf 86' lang='lat' dir='ltr'>Sed</span> <span class='ocrx_word' id='word_1_36' title='bbox 729 969 790 1034; x_wconf 92' lang='lat' dir='ltr'>hoc</span> <span class='ocrx_word' id='word_1_37' title='bbox 810 970 947 1053; x_wconf 91' lang='lat' dir='ltr'>primum</span> <span class='ocrx_word' id='word_1_38' title='bbox 967 967 1098 1042; x_wconf 78' lang='lat' dir='ltr'>faciam,</span> <span class='ocrx_word' id='word_1_39' title='bbox 1120 975 1155 1033; x_wconf 90' lang='lat' dir='ltr'>ut</span> <span class='ocrx_word' id='word_1_40' title='bbox 1175 968 1379 1052; x_wconf 86' lang='lat' dir='ltr'>imperatores</span> <span class='ocrx_word' id='word_1_41' title='bbox 1399 970 1555 1053; x_wconf 80' lang='lat' dir='ltr'>appellem</span> <span class='ocrx_word' id='word_1_42' title='bbox 1569 990 1645 1047; x_wconf 87' lang='lat' dir='ltr'>eos,</span> <span class='ocrx_word' id='word_1_43' title='bbox 1673 992 1766 1055; x_wconf 88' lang='lat' dir='ltr'>quo-</span> 
     </span>
    </p>

    <p class='ocr_par' dir='ltr' id='par_1_3' title="bbox 398 1062 1767 1525">
     <span class='ocr_line' id='line_1_6' title="bbox 398 1062 1767 1148; baseline 0.001 -20"><span class='ocrx_word' id='word_1_44' title='bbox 398 1082 492 1129; x_wconf 85' lang='lat' dir='ltr'>erum</span> <span class='ocrx_word' id='word_1_45' title='bbox 513 1066 644 1141; x_wconf 86' lang='lat' dir='ltr'>virtute,</span> <span class='ocrx_word' id='word_1_46' title='bbox 666 1065 815 1138; x_wconf 90' lang='lat' dir='ltr'>consilio,</span> <span class='ocrx_word' id='word_1_47' title='bbox 836 1062 986 1127; x_wconf 83' lang='lat' dir='ltr'>felicitate</span> <span class='ocrx_word' id='word_1_48' title='bbox 1008 1062 1153 1127; x_wconf 84' lang='lat' dir='ltr'>maximis</span> <span class='ocrx_word' id='word_1_49' title='bbox 1175 1064 1324 1145; x_wconf 89' lang='lat' dir='ltr'>periculis</span> <span class='ocrx_word' id='word_1_50' title='bbox 1345 1066 1503 1129; x_wconf 79' lang='lat' dir='ltr'>servitutis</span> <span class='ocrx_word' id='word_1_51' title='bbox 1516 1072 1612 1148; x_wconf 84' lang='lat' dir='ltr'>atque</span> <span class='ocrx_word' id='word_1_52' title='bbox 1634 1066 1767 1129; x_wconf 92' lang='lat' dir='ltr'>interi·</span> 
     </span>
     <span class='ocr_line' id='line_1_7' title="bbox 423 1156 1766 1242; baseline 0.001 -20"><span class='ocrx_word' id='word_1_53' title='bbox 423 1166 473 1223; x_wconf 91' lang='lat' dir='ltr'>tus</span> <span class='ocrx_word' id='word_1_54' title='bbox 494 1157 619 1223; x_wconf 89' lang='lat' dir='ltr'>liberati</span> <span class='ocrx_word' id='word_1_55' title='bbox 641 1178 759 1223; x_wconf 89' lang='lat' dir='ltr'>sumus.</span> <span class='ocrx_word' id='word_1_56' title='bbox 794 1157 919 1221; x_wconf 89' lang='lat' dir='ltr'>Etenim</span> <span class='ocrx_word' id='word_1_57' title='bbox 940 1156 992 1219; x_wconf 92' lang='lat' dir='ltr'>cui</span> <span class='ocrx_word' id='word_1_58' title='bbox 1014 1156 1124 1238; x_wconf 83' lang='lat' dir='ltr'>uiginti</span> <span class='ocrx_word' id='word_1_59' title='bbox 1144 1157 1196 1221; x_wconf 90' lang='lat' dir='ltr'>his</span> <span class='ocrx_word' id='word_1_60' title='bbox 1218 1158 1308 1221; x_wconf 87' lang='lat' dir='ltr'>annis</span> <span class='ocrx_word' id='word_1_61' title='bbox 1330 1158 1519 1242; x_wconf 90' lang='lat' dir='ltr'>supplicatio</span> <span class='ocrx_word' id='word_1_62' title='bbox 1542 1159 1679 1223; x_wconf 87' lang='lat' dir='ltr'>decreta</span> <span class='ocrx_word' id='word_1_63' title='bbox 1697 1168 1766 1234; x_wconf 87' lang='lat' dir='ltr'>est,</span> 
     </span>
     <span class='ocr_line' id='line_1_8' title="bbox 421 1251 1765 1337; baseline 0 -22"><span class='ocrx_word' id='word_1_64' title='bbox 421 1261 543 1317; x_wconf 91' lang='lat' dir='ltr'>utnon</span> <span class='ocrx_word' id='word_1_65' title='bbox 565 1255 736 1336; x_wconf 90' lang='lat' dir='ltr'>imperator</span> <span class='ocrx_word' id='word_1_66' title='bbox 755 1251 985 1337; x_wconf 75' lang='lat' dir='ltr'>appellaretur,</span> <span class='ocrx_word' id='word_1_67' title='bbox 1012 1257 1068 1315; x_wconf 86' lang='lat' dir='ltr'>aut</span> <span class='ocrx_word' id='word_1_68' title='bbox 1088 1252 1225 1315; x_wconf 86' lang='lat' dir='ltr'>minimis</span> <span class='ocrx_word' id='word_1_69' title='bbox 1247 1252 1341 1315; x_wconf 88' lang='lat' dir='ltr'>rebus</span> <span class='ocrx_word' id='word_1_70' title='bbox 1363 1251 1459 1333; x_wconf 89' lang='lat' dir='ltr'>gestis</span> <span class='ocrx_word' id='word_1_71' title='bbox 1480 1261 1535 1318; x_wconf 91' lang='lat' dir='ltr'>aut</span> <span class='ocrx_word' id='word_1_72' title='bbox 1555 1253 1765 1336; x_wconf 84' lang='lat' dir='ltr'>plerumque</span> 
     </span>
     <span class='ocr_line' id='line_1_9' title="bbox 422 1344 1766 1428; baseline 0 -19"><span class='ocrx_word' id='word_1_73' title='bbox 422 1347 542 1412; x_wconf 76' lang='lat' dir='ltr'>nullis?</span> <span class='ocrx_word' id='word_1_74' title='bbox 564 1347 666 1424; x_wconf 85' lang='lat' dir='ltr'>Quam</span> <span class='ocrx_word' id='word_1_75' title='bbox 690 1348 730 1410; x_wconf 93' lang='lat' dir='ltr'>ob</span> <span class='ocrx_word' id='word_1_76' title='bbox 752 1366 818 1410; x_wconf 89' lang='lat' dir='ltr'>rem</span> <span class='ocrx_word' id='word_1_77' title='bbox 840 1351 898 1417; x_wconf 85' lang='lat' dir='ltr'>aut</span> <span class='ocrx_word' id='word_1_78' title='bbox 911 1344 1103 1428; x_wconf 66' lang='lat' dir='ltr'>supplicatio</span> <span class='ocrx_word' id='word_1_79' title='bbox 1126 1344 1165 1407; x_wconf 88' lang='lat' dir='ltr'>ab</span> <span class='ocrx_word' id='word_1_80' title='bbox 1188 1366 1243 1419; x_wconf 92' lang='lat' dir='ltr'>eo,</span> <span class='ocrx_word' id='word_1_81' title='bbox 1265 1345 1408 1428; x_wconf 85' lang='lat' dir='ltr'>quiante</span> <span class='ocrx_word' id='word_1_82' title='bbox 1423 1346 1520 1423; x_wconf 81' lang='lat' dir='ltr'>dixit,</span> <span class='ocrx_word' id='word_1_83' title='bbox 1543 1346 1766 1411; x_wconf 83' lang='lat' dir='ltr'>decernenda</span> 
     </span>
     <span class='ocr_line' id='line_1_10' title="bbox 422 1439 1764 1525; baseline 0.001 -21"><span class='ocrx_word' id='word_1_84' title='bbox 422 1461 487 1505; x_wconf 94' lang='lat' dir='ltr'>non</span> <span class='ocrx_word' id='word_1_85' title='bbox 507 1441 583 1517; x_wconf 85' lang='lat' dir='ltr'>fuit,</span> <span class='ocrx_word' id='word_1_86' title='bbox 605 1448 662 1506; x_wconf 88' lang='lat' dir='ltr'>aut</span> <span class='ocrx_word' id='word_1_87' title='bbox 681 1443 817 1505; x_wconf 88' lang='lat' dir='ltr'>usitatus</span> <span class='ocrx_word' id='word_1_88' title='bbox 837 1440 939 1505; x_wconf 92' lang='lat' dir='ltr'>bonos</span> <span class='ocrx_word' id='word_1_89' title='bbox 956 1439 1223 1523; x_wconf 82' lang='lat' dir='ltr'>pervolgatusque</span> <span class='ocrx_word' id='word_1_90' title='bbox 1238 1439 1422 1504; x_wconf 87' lang='lat' dir='ltr'>tribuendus</span> <span class='ocrx_word' id='word_1_91' title='bbox 1437 1440 1494 1513; x_wconf 90' lang='lat' dir='ltr'>iis,</span> <span class='ocrx_word' id='word_1_92' title='bbox 1516 1442 1632 1525; x_wconf 88' lang='lat' dir='ltr'>quibus</span> <span class='ocrx_word' id='word_1_93' title='bbox 1648 1442 1764 1505; x_wconf 87' lang='lat' dir='ltr'>etiam</span> 
     </span>
    </p>

    <p class='ocr_par' dir='ltr' id='par_1_4' title="bbox 384 1528 1764 1994">
     <span class='ocr_line' id='line_1_11' title="bbox 384 1528 1764 1619; baseline 0.001 -22"><span class='ocrx_word' id='word_1_94' title='bbox 384 1536 498 1599; x_wconf 81' lang='lat' dir='ltr'>sonori</span> <span class='ocrx_word' id='word_1_95' title='bbox 519 1536 758 1619; x_wconf 75' lang='lat' dir='ltr'>singularesque</span> <span class='ocrx_word' id='word_1_96' title='bbox 781 1535 944 1598; x_wconf 87' lang='lat' dir='ltr'>debentur.</span> <span class='ocrx_word' id='word_1_97' title='bbox 987 1534 1026 1597; x_wconf 83' lang='lat' dir='ltr'>V.</span> <span class='ocrx_word' id='word_1_98' title='bbox 1050 1528 1100 1596; x_wconf 74' lang='lat' dir='ltr'>ia.</span> <span class='ocrx_word' id='word_1_99' title='bbox 1121 1533 1171 1596; x_wconf 85' lang='lat' dir='ltr'>An</span> <span class='ocrx_word' id='word_1_100' title='bbox 1193 1534 1219 1597; x_wconf 91' lang='lat' dir='ltr'>si</span> <span class='ocrx_word' id='word_1_101' title='bbox 1242 1534 1313 1617; x_wconf 88' lang='lat' dir='ltr'>quis</span> <span class='ocrx_word' id='word_1_102' title='bbox 1331 1534 1545 1616; x_wconf 85' lang='lat' dir='ltr'>Hispanorum</span> <span class='ocrx_word' id='word_1_103' title='bbox 1566 1536 1764 1601; x_wconf 74' lang='grc'><strong>444444144-</strong></span> 
     </span>
     <span class='ocr_line' id='line_1_12' title="bbox 420 1626 1762 1706; baseline 0 -13"><span class='ocrx_word' id='word_1_104' title='bbox 420 1650 490 1693; x_wconf 90' lang='lat' dir='ltr'>rum</span> <span class='ocrx_word' id='word_1_105' title='bbox 511 1637 567 1693; x_wconf 86' lang='lat' dir='ltr'>aut</span> <span class='ocrx_word' id='word_1_106' title='bbox 587 1630 742 1695; x_wconf 82' lang='lat' dir='ltr'>Threcum</span> <span class='ocrx_word' id='word_1_107' title='bbox 764 1628 850 1692; x_wconf 87' lang='lat' dir='ltr'>mille</span> <span class='ocrx_word' id='word_1_108' title='bbox 870 1635 927 1693; x_wconf 90' lang='lat' dir='ltr'>aut</span> <span class='ocrx_word' id='word_1_109' title='bbox 948 1628 1012 1693; x_wconf 94' lang='lat' dir='ltr'>duo</span> <span class='ocrx_word' id='word_1_110' title='bbox 1034 1627 1121 1691; x_wconf 91' lang='lat' dir='ltr'>milia</span> <span class='ocrx_word' id='word_1_111' title='bbox 1139 1626 1322 1703; x_wconf 86' lang='lat' dir='ltr'>occidisset,</span> <span class='ocrx_word' id='word_1_112' title='bbox 1345 1647 1417 1691; x_wconf 89' lang='lat' dir='ltr'>eum</span> <span class='ocrx_word' id='word_1_113' title='bbox 1431 1628 1762 1706; x_wconf 85' lang='lat' dir='ltr'>hacconsuetudine,</span> 
     </span>
     <span class='ocr_line' id='line_1_13' title="bbox 422 1722 1762 1807; baseline 0.003 -22"><span class='ocrx_word' id='word_1_114' title='bbox 422 1742 504 1806; x_wconf 89' lang='lat' dir='ltr'>quae</span> <span class='ocrx_word' id='word_1_115' title='bbox 533 1724 708 1799; x_wconf 91' lang='lat' dir='ltr'>increbuit,</span> <span class='ocrx_word' id='word_1_116' title='bbox 736 1725 957 1807; x_wconf 82' lang='lat' dir='ltr'>imperatorem</span> <span class='ocrx_word' id='word_1_117' title='bbox 988 1722 1162 1806; x_wconf 88' lang='lat' dir='ltr'>appellaret</span> <span class='ocrx_word' id='word_1_118' title='bbox 1189 1730 1332 1785; x_wconf 78' lang='lat' dir='ltr'>senonis:</span> <span class='ocrx_word' id='word_1_119' title='bbox 1362 1729 1410 1786; x_wconf 90' lang='lat' dir='ltr'>tot</span> <span class='ocrx_word' id='word_1_120' title='bbox 1434 1722 1611 1805; x_wconf 76' lang='lat' dir='ltr'>legionibus</span> <span class='ocrx_word' id='word_1_121' title='bbox 1632 1726 1762 1799; x_wconf 84' lang='lat' dir='ltr'>caesis,</span> 
     </span>
     <span class='ocr_line' id='line_1_14' title="bbox 421 1814 1763 1901; baseline 0.001 -20"><span class='ocrx_word' id='word_1_122' title='bbox 421 1823 509 1881; x_wconf 87' lang='lat' dir='ltr'>tanta</span> <span class='ocrx_word' id='word_1_123' title='bbox 530 1817 731 1881; x_wconf 90' lang='lat' dir='ltr'>multitudine</span> <span class='ocrx_word' id='word_1_124' title='bbox 752 1816 893 1880; x_wconf 91' lang='lat' dir='ltr'>bostium</span> <span class='ocrx_word' id='word_1_125' title='bbox 913 1814 1079 1879; x_wconf 82' lang='lat' dir='ltr'>interfecta</span> <span class='ocrx_word' id='word_1_126' title='bbox 1101 1848 1138 1861; x_wconf 83' lang='lat'>-</span> <span class='ocrx_word' id='word_1_127' title='bbox 1161 1815 1301 1879; x_wconf 90' lang='lat' dir='ltr'>hostium</span> <span class='ocrx_word' id='word_1_128' title='bbox 1321 1814 1414 1879; x_wconf 81' lang='lat' dir='ltr'>dico‘l</span> <span class='ocrx_word' id='word_1_129' title='bbox 1436 1816 1495 1889; x_wconf 89' lang='lat' dir='ltr'>ita,</span> <span class='ocrx_word' id='word_1_130' title='bbox 1517 1816 1667 1901; x_wconf 88' lang='lat' dir='ltr'>inquam,</span> <span class='ocrx_word' id='word_1_131' title='bbox 1693 1820 1763 1883; x_wconf 90' lang='lat' dir='ltr'>bo·</span> 
     </span>
     <span class='ocr_line' id='line_1_15' title="bbox 422 1908 1761 1994; baseline 0.004 -21"><span class='ocrx_word' id='word_1_132' title='bbox 422 1911 534 1985; x_wconf 89' lang='lat' dir='ltr'>stium,</span> <span class='ocrx_word' id='word_1_133' title='bbox 564 1911 709 1994; x_wconf 84' lang='lat' dir='ltr'>quamvis</span> <span class='ocrx_word' id='word_1_134' title='bbox 739 1910 799 1975; x_wconf 92' lang='lat' dir='ltr'>hoc</span> <span class='ocrx_word' id='word_1_135' title='bbox 819 1911 873 1974; x_wconf 90' lang='lat' dir='ltr'>isti</span> <span class='ocrx_word' id='word_1_136' title='bbox 900 1909 1011 1973; x_wconf 88' lang='lat' dir='ltr'>hostes</span> <span class='ocrx_word' id='word_1_137' title='bbox 1032 1908 1196 1973; x_wconf 80' lang='lat' dir='ltr'>domestici</span> <span class='ocrx_word' id='word_1_138' title='bbox 1219 1909 1382 1974; x_wconf 84' lang='grc'><strong>441444-</strong></span> <span class='ocrx_word' id='word_1_139' title='bbox 1407 1909 1589 1975; x_wconf 89' lang='lat' dir='ltr'>clarissimis</span> <span class='ocrx_word' id='word_1_140' title='bbox 1612 1910 1761 1979; x_wconf 90' lang='lat' dir='ltr'>ducibus</span> 
     </span>
    </p>

    <p class='ocr_par' dir='ltr' id='par_1_5' title="bbox 382 2003 1760 2088">
     <span class='ocr_line' id='line_1_16' title="bbox 382 2003 1760 2088; baseline 0.005 -21"><span class='ocrx_word' id='word_1_141' title='bbox 382 2020 413 2068; x_wconf 90' lang='grc'>44</span> <span class='ocrx_word' id='word_1_142' title='bbox 421 2004 688 2088; x_wconf 88' lang='lat' dir='ltr'>supplicationum</span> <span class='ocrx_word' id='word_1_143' title='bbox 720 2003 873 2069; x_wconf 90' lang='lat' dir='ltr'>honorem</span> <span class='ocrx_word' id='word_1_144' title='bbox 905 2004 1097 2079; x_wconf 86' lang='lat' dir='ltr'>tribuemus,</span> <span class='ocrx_word' id='word_1_145' title='bbox 1130 2004 1366 2087; x_wconf 90' lang='lat' dir='ltr'>imperatorium</span> <span class='ocrx_word' id='word_1_146' title='bbox 1397 2023 1514 2068; x_wconf 91' lang='lat' dir='ltr'>nomen</span> <span class='ocrx_word' id='word_1_147' title='bbox 1547 2007 1760 2073; x_wconf 72' lang='lat' dir='ltr'>adimemus?</span> 
     </span>
    </p>

    <p class='ocr_par' dir='ltr' id='par_1_6' title="bbox 285 2097 1760 2186">
     <span class='ocr_line' id='line_1_17' title="bbox 285 2097 1760 2186; baseline 0.001 -20"><span class='ocrx_word' id='word_1_148' title='bbox 285 2122 295 2166; x_wconf 86' lang='grc'>4</span> <span class='ocrx_word' id='word_1_149' title='bbox 422 2098 549 2186; x_wconf 78' lang='lat' dir='ltr'>Quanto</span> <span class='ocrx_word' id='word_1_150' title='bbox 571 2098 656 2161; x_wconf 91' lang='lat' dir='ltr'>enim</span> <span class='ocrx_word' id='word_1_151' title='bbox 676 2098 816 2173; x_wconf 90' lang='lat' dir='ltr'>bonore,</span> <span class='ocrx_word' id='word_1_152' title='bbox 836 2097 973 2173; x_wconf 89' lang='lat' dir='ltr'>laetitia,</span> <span class='ocrx_word' id='word_1_153' title='bbox 1002 2098 1213 2181; x_wconf 78' lang='lat' dir='ltr'>gratulatione</span> <span class='ocrx_word' id='word_1_154' title='bbox 1235 2099 1268 2160; x_wconf 88' lang='lat' dir='ltr'>in</span> <span class='ocrx_word' id='word_1_155' title='bbox 1289 2098 1350 2162; x_wconf 94' lang='lat' dir='ltr'>hoc</span> <span class='ocrx_word' id='word_1_156' title='bbox 1371 2098 1523 2182; x_wconf 88' lang='lat' dir='ltr'>templum</span> <span class='ocrx_word' id='word_1_157' title='bbox 1545 2102 1670 2184; x_wconf 88' lang='lat' dir='ltr'>ingredi</span> <span class='ocrx_word' id='word_1_158' title='bbox 1696 2104 1760 2167; x_wconf 89' lang='lat' dir='ltr'>de-</span> 
     </span>
    </p>

    <p class='ocr_par' dir='ltr' id='par_1_7' title="bbox 278 2180 1758 2370">
     <span class='ocr_line' id='line_1_18' title="bbox 278 2180 1758 2277; baseline 0.003 -23"><span class='ocrx_word' id='word_1_159' title='bbox 278 2186 285 2198; x_wconf 88' lang='lat'>&#39;</span> <span class='ocrx_word' id='word_1_160' title='bbox 420 2180 574 2255; x_wconf 63' lang='lat' dir='ltr'>bontilli</span> <span class='ocrx_word' id='word_1_161' title='bbox 603 2191 664 2275; x_wconf 93' lang='lat' dir='ltr'>ipsi</span> <span class='ocrx_word' id='word_1_162' title='bbox 685 2192 781 2256; x_wconf 93' lang='lat' dir='ltr'>huius</span> <span class='ocrx_word' id='word_1_163' title='bbox 803 2192 891 2255; x_wconf 91' lang='lat' dir='ltr'>urbis</span> <span class='ocrx_word' id='word_1_164' title='bbox 913 2192 1116 2266; x_wconf 86' lang='lat' dir='ltr'>liberatores,</span> <span class='ocrx_word' id='word_1_165' title='bbox 1147 2212 1217 2257; x_wconf 91' lang='lat' dir='ltr'>cum</span> <span class='ocrx_word' id='word_1_166' title='bbox 1238 2192 1387 2255; x_wconf 88' lang='lat' dir='ltr'>hesterno</span> <span class='ocrx_word' id='word_1_167' title='bbox 1410 2193 1462 2257; x_wconf 90' lang='lat' dir='ltr'>die</span> <span class='ocrx_word' id='word_1_168' title='bbox 1484 2201 1614 2277; x_wconf 87' lang='lat' dir='ltr'>propter</span> <span class='ocrx_word' id='word_1_169' title='bbox 1636 2216 1758 2260; x_wconf 89' lang='lat' dir='ltr'>eorum</span> 
     </span>
     <span class='ocr_line' id='line_1_19' title="bbox 420 2285 1758 2370; baseline 0.004 -21"><span class='ocrx_word' id='word_1_170' title='bbox 420 2306 473 2349; x_wconf 88' lang='lat' dir='ltr'>res</span> <span class='ocrx_word' id='word_1_171' title='bbox 494 2294 598 2368; x_wconf 87' lang='lat' dir='ltr'>gestas</span> <span class='ocrx_word' id='word_1_172' title='bbox 621 2306 672 2351; x_wconf 91' lang='lat' dir='ltr'>me</span> <span class='ocrx_word' id='word_1_173' title='bbox 695 2293 841 2351; x_wconf 83' lang='lat' dir='ltr'>orantem</span> <span class='ocrx_word' id='word_1_174' title='bbox 863 2294 896 2349; x_wconf 89' lang='lat' dir='ltr'>et</span> <span class='ocrx_word' id='word_1_175' title='bbox 916 2305 1016 2370; x_wconf 92' lang='lat' dir='ltr'>prope</span> <span class='ocrx_word' id='word_1_176' title='bbox 1039 2285 1284 2369; x_wconf 90' lang='lat' dir='ltr'>triumphantem</span> <span class='ocrx_word' id='word_1_177' title='bbox 1306 2286 1443 2369; x_wconf 91' lang='lat' dir='ltr'>populus</span> <span class='ocrx_word' id='word_1_178' title='bbox 1458 2288 1617 2352; x_wconf 85' lang='lat' dir='ltr'>Romanus</span> <span class='ocrx_word' id='word_1_179' title='bbox 1639 2290 1672 2352; x_wconf 94' lang='lat' dir='ltr'>in</span> <span class='ocrx_word' id='word_1_180' title='bbox 1692 2292 1758 2355; x_wconf 91' lang='lat' dir='ltr'>Ca-</span> 
     </span>
    </p>

    <p class='ocr_par' dir='ltr' id='par_1_8' title="bbox 288 2375 1758 2463">
     <span class='ocr_line' id='line_1_20' title="bbox 288 2375 1758 2463; baseline 0.003 -21"><span class='ocrx_word' id='word_1_181' title='bbox 288 2435 296 2463; x_wconf 54' lang='lat'>„</span> <span class='ocrx_word' id='word_1_182' title='bbox 421 2377 566 2463; x_wconf 90' lang='lat' dir='ltr'>pitolium</span> <span class='ocrx_word' id='word_1_183' title='bbox 588 2380 681 2445; x_wconf 92' lang='lat' dir='ltr'>domo</span> <span class='ocrx_word' id='word_1_184' title='bbox 698 2380 825 2455; x_wconf 86' lang='lat' dir='ltr'>tulerit,</span> <span class='ocrx_word' id='word_1_185' title='bbox 848 2380 976 2444; x_wconf 91' lang='lat' dir='ltr'>domum</span> <span class='ocrx_word' id='word_1_186' title='bbox 998 2380 1074 2443; x_wconf 90' lang='lat' dir='ltr'>inde</span> <span class='ocrx_word' id='word_1_187' title='bbox 1095 2381 1279 2445; x_wconf 71' lang='lat' dir='ltr'>reduxerit?</span> <span class='ocrx_word' id='word_1_188' title='bbox 1322 2375 1372 2444; x_wconf 89' lang='lat' dir='ltr'>t3.</span> <span class='ocrx_word' id='word_1_189' title='bbox 1394 2382 1424 2443; x_wconf 93' lang='lat' dir='ltr'>ls</span> <span class='ocrx_word' id='word_1_190' title='bbox 1445 2382 1529 2445; x_wconf 91' lang='lat' dir='ltr'>euim</span> <span class='ocrx_word' id='word_1_191' title='bbox 1550 2381 1678 2447; x_wconf 90' lang='lat' dir='ltr'>demum</span> <span class='ocrx_word' id='word_1_192' title='bbox 1702 2392 1758 2449; x_wconf 88' lang='lat' dir='ltr'>est</span> 
     </span>
    </p>

    <p class='ocr_par' dir='ltr' id='par_1_9' title="bbox 282 2451 1755 2934">
     <span class='ocr_line' id='line_1_21' title="bbox 282 2451 1755 2562; baseline 0.004 -25"><span class='ocrx_word' id='word_1_193' title='bbox 282 2451 307 2518; x_wconf 67' lang='lat' dir='ltr'>‘s</span> <span class='ocrx_word' id='word_1_194' title='bbox 383 2490 492 2538; x_wconf 80' lang='lat' dir='ltr'>aomea</span> <span class='ocrx_word' id='word_1_195' title='bbox 519 2476 649 2559; x_wconf 85' lang='lat' dir='ltr'>quidem</span> <span class='ocrx_word' id='word_1_196' title='bbox 678 2475 836 2539; x_wconf 90' lang='lat' dir='ltr'>sententia</span> <span class='ocrx_word' id='word_1_197' title='bbox 856 2475 958 2538; x_wconf 92' lang='lat' dir='ltr'>iustus</span> <span class='ocrx_word' id='word_1_198' title='bbox 980 2474 1159 2556; x_wconf 89' lang='lat' dir='ltr'>triumphus</span> <span class='ocrx_word' id='word_1_199' title='bbox 1180 2494 1216 2539; x_wconf 91' lang='lat' dir='ltr'>ac</span> <span class='ocrx_word' id='word_1_200' title='bbox 1238 2494 1347 2550; x_wconf 85' lang='lat' dir='ltr'>verus,</span> <span class='ocrx_word' id='word_1_201' title='bbox 1373 2458 1445 2538; x_wconf 69' lang='lat' dir='ltr'>cffm</span> <span class='ocrx_word' id='word_1_202' title='bbox 1465 2476 1548 2539; x_wconf 91' lang='lat' dir='ltr'>bena</span> <span class='ocrx_word' id='word_1_203' title='bbox 1569 2477 1610 2541; x_wconf 91' lang='lat' dir='ltr'>de</span> <span class='ocrx_word' id='word_1_204' title='bbox 1631 2498 1666 2542; x_wconf 88' lang='lat' dir='ltr'>re</span> <span class='ocrx_word' id='word_1_205' title='bbox 1688 2500 1755 2562; x_wconf 93' lang='lat' dir='ltr'>pu-</span> 
     </span>
     <span class='ocr_line' id='line_1_22' title="bbox 420 2568 1754 2637; baseline 0.002 -5"><span class='ocrx_word' id='word_1_206' title='bbox 420 2568 504 2632; x_wconf 90' lang='lat' dir='ltr'>blica</span> <span class='ocrx_word' id='word_1_207' title='bbox 524 2570 643 2633; x_wconf 89' lang='lat' dir='ltr'>meritis</span> <span class='ocrx_word' id='word_1_208' title='bbox 665 2569 884 2634; x_wconf 88' lang='lat' dir='ltr'>testimonium</span> <span class='ocrx_word' id='word_1_209' title='bbox 906 2588 925 2633; x_wconf 88' lang='lat' dir='ltr'>a</span> <span class='ocrx_word' id='word_1_210' title='bbox 947 2588 1103 2633; x_wconf 88' lang='lat' dir='ltr'>consensu</span> <span class='ocrx_word' id='word_1_211' title='bbox 1125 2568 1262 2632; x_wconf 90' lang='lat' dir='ltr'>civitatis</span> <span class='ocrx_word' id='word_1_212' title='bbox 1278 2569 1378 2633; x_wconf 88' lang='lat' dir='ltr'>datur.</span> <span class='ocrx_word' id='word_1_213' title='bbox 1415 2570 1492 2633; x_wconf 90' lang='lat' dir='ltr'>Nam</span> <span class='ocrx_word' id='word_1_214' title='bbox 1515 2572 1582 2635; x_wconf 83' lang='lat' dir='ltr'>sive</span> <span class='ocrx_word' id='word_1_215' title='bbox 1604 2572 1638 2636; x_wconf 93' lang='lat' dir='ltr'>in</span> <span class='ocrx_word' id='word_1_216' title='bbox 1659 2593 1754 2637; x_wconf 91' lang='lat' dir='ltr'>com·</span> 
     </span>
     <span class='ocr_line' id='line_1_23' title="bbox 421 2661 1752 2747; baseline 0.003 -22"><span class='ocrx_word' id='word_1_217' title='bbox 421 2663 510 2725; x_wconf 90' lang='lat' dir='ltr'>muni</span> <span class='ocrx_word' id='word_1_218' title='bbox 531 2663 648 2747; x_wconf 90' lang='lat' dir='ltr'>gaudio</span> <span class='ocrx_word' id='word_1_219' title='bbox 671 2663 783 2746; x_wconf 92' lang='lat' dir='ltr'>populi</span> <span class='ocrx_word' id='word_1_220' title='bbox 805 2663 938 2727; x_wconf 85' lang='lat' dir='ltr'>Romani</span> <span class='ocrx_word' id='word_1_221' title='bbox 962 2662 1018 2725; x_wconf 93' lang='lat' dir='ltr'>uni</span> <span class='ocrx_word' id='word_1_222' title='bbox 1039 2661 1292 2743; x_wconf 84' lang='lat' dir='ltr'>gratulabantur,</span> <span class='ocrx_word' id='word_1_223' title='bbox 1317 2683 1463 2745; x_wconf 90' lang='lat' dir='ltr'>maguum</span> <span class='ocrx_word' id='word_1_224' title='bbox 1484 2664 1654 2740; x_wconf 90' lang='lat' dir='ltr'>iudicium,</span> <span class='ocrx_word' id='word_1_225' title='bbox 1676 2667 1752 2730; x_wconf 84' lang='lat' dir='ltr'>sire</span> 
     </span>
     <span class='ocr_line' id='line_1_24' title="bbox 420 2754 1752 2843; baseline 0.005 -24"><span class='ocrx_word' id='word_1_226' title='bbox 420 2757 476 2821; x_wconf 92' lang='lat' dir='ltr'>uui</span> <span class='ocrx_word' id='word_1_227' title='bbox 497 2758 614 2839; x_wconf 85' lang='lat' dir='ltr'>gratias</span> <span class='ocrx_word' id='word_1_228' title='bbox 636 2754 787 2841; x_wconf 87' lang='lat' dir='ltr'>agebant,</span> <span class='ocrx_word' id='word_1_229' title='bbox 817 2776 856 2820; x_wconf 90' lang='lat' dir='ltr'>eo</span> <span class='ocrx_word' id='word_1_230' title='bbox 878 2758 997 2831; x_wconf 91' lang='lat' dir='ltr'>maius,</span> <span class='ocrx_word' id='word_1_231' title='bbox 1025 2757 1092 2821; x_wconf 88' lang='lat' dir='ltr'>sive</span> <span class='ocrx_word' id='word_1_232' title='bbox 1113 2763 1298 2843; x_wconf 88' lang='lat' dir='ltr'>utrumque,</span> <span class='ocrx_word' id='word_1_233' title='bbox 1320 2757 1400 2821; x_wconf 93' lang='lat' dir='ltr'>nihil</span> <span class='ocrx_word' id='word_1_234' title='bbox 1420 2756 1670 2841; x_wconf 84' lang='lat' dir='ltr'>magnificentius</span> <span class='ocrx_word' id='word_1_235' title='bbox 1692 2780 1752 2825; x_wconf 86' lang='lat' dir='ltr'>co·</span> 
     </span>
     <span class='ocr_line' id='line_1_25' title="bbox 421 2850 649 2934; baseline 0.004 -20"><span class='ocrx_word' id='word_1_236' title='bbox 421 2850 513 2933; x_wconf 86' lang='lat' dir='ltr'>gitari</span> <span class='ocrx_word' id='word_1_237' title='bbox 534 2857 649 2934; x_wconf 88' lang='lat' dir='ltr'>potest.</span> 
     </span>
    </p>

    <p class='ocr_par' dir='ltr' id='par_1_10' title="bbox 382 2944 1750 3409">
     <span class='ocr_line' id='line_1_26' title="bbox 382 2944 1750 3031; baseline 0.004 -22"><span class='ocrx_word' id='word_1_238' title='bbox 382 2962 411 3009; x_wconf 82' lang='grc'>44</span> <span class='ocrx_word' id='word_1_239' title='bbox 506 2948 555 3011; x_wconf 90' lang='lat' dir='ltr'>Tu</span> <span class='ocrx_word' id='word_1_240' title='bbox 576 2947 674 3029; x_wconf 89' lang='lat' dir='ltr'>igitur</span> <span class='ocrx_word' id='word_1_241' title='bbox 691 2946 763 3029; x_wconf 94' lang='lat' dir='ltr'>ipse</span> <span class='ocrx_word' id='word_1_242' title='bbox 784 2944 824 3007; x_wconf 89' lang='lat' dir='ltr'>de</span> <span class='ocrx_word' id='word_1_243' title='bbox 844 2946 899 3009; x_wconf 82' lang='lat' dir='ltr'>tel</span> <span class='ocrx_word' id='word_1_244' title='bbox 926 2945 1045 3009; x_wconf 86' lang='lat' dir='ltr'>dixerit</span> <span class='ocrx_word' id='word_1_245' title='bbox 1065 2946 1232 3029; x_wconf 83' lang='lat' dir='ltr'>quispiam.</span> <span class='ocrx_word' id='word_1_246' title='bbox 1275 2944 1432 3031; x_wconf 86' lang='lat' dir='ltr'>Equidem</span> <span class='ocrx_word' id='word_1_247' title='bbox 1452 2948 1587 3024; x_wconf 83' lang='lat' dir='ltr'>inritus,</span> <span class='ocrx_word' id='word_1_248' title='bbox 1616 2951 1672 3014; x_wconf 88' lang='lat' dir='ltr'>sed</span> <span class='ocrx_word' id='word_1_249' title='bbox 1694 2951 1750 3013; x_wconf 92' lang='lat' dir='ltr'>in·</span> 
     </span>
     <span class='ocr_line' id='line_1_27' title="bbox 420 3040 1750 3123; baseline 0.003 -20"><span class='ocrx_word' id='word_1_250' title='bbox 420 3040 524 3104; x_wconf 85' lang='lat' dir='ltr'>iuriae</span> <span class='ocrx_word' id='word_1_251' title='bbox 546 3040 639 3104; x_wconf 91' lang='lat' dir='ltr'>dolor</span> <span class='ocrx_word' id='word_1_252' title='bbox 658 3040 735 3104; x_wconf 79' lang='lat' dir='ltr'>iacit</span> <span class='ocrx_word' id='word_1_253' title='bbox 754 3060 806 3103; x_wconf 89' lang='lat' dir='ltr'>me</span> <span class='ocrx_word' id='word_1_254' title='bbox 825 3047 952 3122; x_wconf 90' lang='lat' dir='ltr'>praeter</span> <span class='ocrx_word' id='word_1_255' title='bbox 973 3040 1236 3104; x_wconf 89' lang='lat' dir='ltr'>consuetudinem</span> <span class='ocrx_word' id='word_1_256' title='bbox 1258 3041 1440 3123; x_wconf 87' lang='lat' dir='ltr'>gloriosum.</span> <span class='ocrx_word' id='word_1_257' title='bbox 1476 3044 1587 3106; x_wconf 84' lang='lat' dir='ltr'>Nonne</span> <span class='ocrx_word' id='word_1_258' title='bbox 1604 3044 1680 3107; x_wconf 89' lang='lat' dir='ltr'>satis</span> <span class='ocrx_word' id='word_1_259' title='bbox 1695 3051 1750 3109; x_wconf 89' lang='lat' dir='ltr'>est</span> 
     </span>
     <span class='ocr_line' id='line_1_28' title="bbox 421 3134 1747 3217; baseline 0.003 -19"><span class='ocrx_word' id='word_1_260' title='bbox 421 3134 462 3198; x_wconf 86' lang='lat' dir='ltr'>ab</span> <span class='ocrx_word' id='word_1_261' title='bbox 482 3134 664 3199; x_wconf 91' lang='lat' dir='ltr'>bominibus</span> <span class='ocrx_word' id='word_1_262' title='bbox 677 3134 801 3199; x_wconf 81' lang='lat' dir='ltr'>virtutis</span> <span class='ocrx_word' id='word_1_263' title='bbox 823 3134 942 3217; x_wconf 87' lang='lat' dir='ltr'>ignaris</span> <span class='ocrx_word' id='word_1_264' title='bbox 957 3136 1088 3215; x_wconf 89' lang='lat' dir='ltr'>gratiam</span> <span class='ocrx_word' id='word_1_265' title='bbox 1102 3135 1183 3197; x_wconf 90' lang='lat' dir='ltr'>bene</span> <span class='ocrx_word' id='word_1_266' title='bbox 1200 3136 1392 3200; x_wconf 87' lang='lat' dir='ltr'>merentibus</span> <span class='ocrx_word' id='word_1_267' title='bbox 1406 3156 1470 3201; x_wconf 89' lang='lat' dir='ltr'>non</span> <span class='ocrx_word' id='word_1_268' title='bbox 1485 3136 1617 3201; x_wconf 75' lang='lat' dir='ltr'>reterri?</span> <span class='ocrx_word' id='word_1_269' title='bbox 1638 3138 1747 3202; x_wconf 89' lang='lat' dir='ltr'>Etiam</span> 
     </span>
     <span class='ocr_line' id='line_1_29' title="bbox 422 3229 1746 3315; baseline 0.005 -24"><span class='ocrx_word' id='word_1_270' title='bbox 422 3229 456 3291; x_wconf 93' lang='lat' dir='ltr'>in</span> <span class='ocrx_word' id='word_1_271' title='bbox 478 3248 551 3303; x_wconf 89' lang='lat' dir='ltr'>eos,</span> <span class='ocrx_word' id='word_1_272' title='bbox 574 3230 630 3312; x_wconf 90' lang='lat' dir='ltr'>qui</span> <span class='ocrx_word' id='word_1_273' title='bbox 653 3248 764 3293; x_wconf 92' lang='lat' dir='ltr'>omnes</span> <span class='ocrx_word' id='word_1_274' title='bbox 786 3248 860 3292; x_wconf 90' lang='lat' dir='ltr'>suas</span> <span class='ocrx_word' id='word_1_275' title='bbox 882 3248 973 3293; x_wconf 90' lang='lat' dir='ltr'>curas</span> <span class='ocrx_word' id='word_1_276' title='bbox 994 3229 1028 3291; x_wconf 92' lang='lat' dir='ltr'>in</span> <span class='ocrx_word' id='word_1_277' title='bbox 1050 3230 1096 3293; x_wconf 92' lang='lat' dir='ltr'>rei</span> <span class='ocrx_word' id='word_1_278' title='bbox 1116 3230 1259 3312; x_wconf 90' lang='lat' dir='ltr'>publicae</span> <span class='ocrx_word' id='word_1_279' title='bbox 1274 3230 1376 3293; x_wconf 87' lang='lat' dir='ltr'>salute</span> <span class='ocrx_word' id='word_1_280' title='bbox 1390 3229 1548 3312; x_wconf 86' lang='lat' dir='ltr'>defigunt,</span> <span class='ocrx_word' id='word_1_281' title='bbox 1569 3231 1746 3315; x_wconf 71' lang='lat' dir='ltr'>³,impstus</span> 
     </span>
     <span class='ocr_line' id='line_1_30' title="bbox 420 3315 1746 3409; baseline 0.003 -24"><span class='ocrx_word' id='word_1_282' title='bbox 420 3322 539 3385; x_wconf 88' lang='lat' dir='ltr'>crimen</span> <span class='ocrx_word' id='word_1_283' title='bbox 571 3315 775 3407; x_wconf 78' lang='lat' dir='ltr'>[invidiaque]</span> <span class='ocrx_word' id='word_1_284' title='bbox 804 3326 993 3405; x_wconf 83' lang='lat' dir='ltr'>quaereturl</span> <span class='ocrx_word' id='word_1_285' title='bbox 1037 3318 1088 3386; x_wconf 81' lang='lat' dir='ltr'>ti.</span> <span class='ocrx_word' id='word_1_286' title='bbox 1111 3324 1203 3387; x_wconf 89' lang='lat' dir='ltr'>Scitis</span> <span class='ocrx_word' id='word_1_287' title='bbox 1231 3324 1316 3387; x_wconf 93' lang='lat' dir='ltr'>enim</span> <span class='ocrx_word' id='word_1_288' title='bbox 1344 3344 1401 3409; x_wconf 91' lang='lat' dir='ltr'>per</span> <span class='ocrx_word' id='word_1_289' title='bbox 1421 3323 1480 3389; x_wconf 88' lang='lat' dir='ltr'>hos</span> <span class='ocrx_word' id='word_1_290' title='bbox 1503 3324 1569 3389; x_wconf 87' lang='lat' dir='ltr'>dies</span> <span class='ocrx_word' id='word_1_291' title='bbox 1592 3325 1746 3389; x_wconf 91' lang='lat' dir='ltr'>creberri-</span> 
     </span>
    </p>
   </div>
   <div class='ocr_carea' id='block_1_3' title="bbox 416 3563 1746 5279">
    <p class='ocr_par' dir='ltr' id='par_1_11' title="bbox 416 3563 1746 5279">
     <span class='ocr_line' id='line_1_31' title="bbox 486 3563 1745 3629; baseline 0.002 -14"><span class='ocrx_word' id='word_1_292' title='bbox 486 3566 510 3615; x_wconf 92' lang='grc'>4.</span> <span class='ocrx_word' id='word_1_293' title='bbox 527 3565 706 3629; x_wconf 67' lang='lat' dir='ltr'>supplicatione</span> <span class='ocrx_word' id='word_1_294' title='bbox 721 3565 856 3614; x_wconf 84' lang='lat' dir='ltr'>iustissimo</span> <span class='ocrx_word' id='word_1_295' title='bbox 871 3566 920 3613; x_wconf 93' lang='lat' dir='ltr'>t-</span> <span class='ocrx_word' id='word_1_296' title='bbox 940 3564 1072 3616; x_wconf 84' lang='lat' dir='ltr'>biebv-</span> <span class='ocrx_word' id='word_1_297' title='bbox 1092 3563 1409 3617; x_wconf 73' lang='lat' dir='ltr'>lilerisv-d.cumaoc</span> <span class='ocrx_word' id='word_1_298' title='bbox 1424 3566 1469 3615; x_wconf 85' lang='grc'>444</span> <span class='ocrx_word' id='word_1_299' title='bbox 1485 3564 1526 3615; x_wconf 82' lang='lat' dir='ltr'>red</span> <span class='ocrx_word' id='word_1_300' title='bbox 1542 3566 1620 3617; x_wconf 79' lang='lat' dir='ltr'>tribus</span> <span class='ocrx_word' id='word_1_301' title='bbox 1636 3580 1667 3617; x_wconf 87' lang='lat' dir='ltr'>a:</span> <span class='ocrx_word' id='word_1_302' title='bbox 1686 3582 1745 3618; x_wconf 84' lang='grc'><strong>4444</strong></span> 
     </span>
     <span class='ocr_line' id='line_1_32' title="bbox 418 3636 1744 3703; baseline 0.002 -13"><span class='ocrx_word' id='word_1_303' title='bbox 418 3654 468 3690; x_wconf 84' lang='lat' dir='ltr'>eon</span> <span class='ocrx_word' id='word_1_304' title='bbox 482 3639 699 3701; x_wconf 81' lang='lat' dir='ltr'>aeidelriburb;</span> <span class='ocrx_word' id='word_1_305' title='bbox 716 3636 958 3694; x_wconf 67' lang='lat' dir='ltr'>miuometribrsst:</span> <span class='ocrx_word' id='word_1_306' title='bbox 971 3640 1237 3698; x_wconf 79' lang='lat' dir='ltr'>cuosucietriburv;</span> <span class='ocrx_word' id='word_1_307' title='bbox 1250 3641 1582 3703; x_wconf 63' lang='lat' dir='ltr'>communitertombibus)</span> <span class='ocrx_word' id='word_1_308' title='bbox 1595 3643 1617 3701; x_wconf 87' lang='lat' dir='ltr'>i;</span> <span class='ocrx_word' id='word_1_309' title='bbox 1634 3655 1744 3692; x_wconf 80' lang='grc'><strong>44444444-</strong></span> 
     </span>
     <span class='ocr_line' id='line_1_33' title="bbox 418 3713 1740 3781; baseline 0.001 -14"><span class='ocrx_word' id='word_1_310' title='bbox 418 3717 483 3767; x_wconf 85' lang='lat' dir='ltr'>niter</span> <span class='ocrx_word' id='word_1_311' title='bbox 494 3716 592 3766; x_wconf 77' lang='lat' dir='ltr'>triburi</span> <span class='ocrx_word' id='word_1_312' title='bbox 608 3714 667 3765; x_wconf 91' lang='lat' dir='ltr'>cod.</span> <span class='ocrx_word' id='word_1_313' title='bbox 678 3715 787 3765; x_wconf 88' lang='lat' dir='ltr'>Ferrarii</span> <span class='ocrx_word' id='word_1_314' title='bbox 800 3717 826 3765; x_wconf 88' lang='lat' dir='ltr'>et</span> <span class='ocrx_word' id='word_1_315' title='bbox 837 3715 888 3765; x_wconf 93' lang='lat'>0-</span> <span class='ocrx_word' id='word_1_316' title='bbox 901 3714 994 3764; x_wconf 78' lang='lat' dir='ltr'>dinibus</span> <span class='ocrx_word' id='word_1_317' title='bbox 1005 3717 1053 3764; x_wconf 88' lang='grc'>4-</span> <span class='ocrx_word' id='word_1_318' title='bbox 1066 3713 1091 3766; x_wconf 87' lang='grc'>4.</span> <span class='ocrx_word' id='word_1_319' title='bbox 1103 3716 1265 3777; x_wconf 83' lang='lat' dir='ltr'>imperotores</span> <span class='ocrx_word' id='word_1_320' title='bbox 1276 3728 1328 3766; x_wconf 94' lang='lat' dir='ltr'>om.</span> <span class='ocrx_word' id='word_1_321' title='bbox 1342 3714 1430 3775; x_wconf 86' lang='lat' dir='ltr'>abtv,</span> <span class='ocrx_word' id='word_1_322' title='bbox 1443 3717 1469 3765; x_wconf 94' lang='lat' dir='ltr'>in</span> <span class='ocrx_word' id='word_1_323' title='bbox 1482 3715 1578 3779; x_wconf 84' lang='lat' dir='ltr'>quibus</span> <span class='ocrx_word' id='word_1_324' title='bbox 1591 3720 1650 3768; x_wconf 82' lang='lat' dir='ltr'>nois</span> <span class='ocrx_word' id='word_1_325' title='bbox 1663 3718 1740 3781; x_wconf 74' lang='grc'><strong>44444.</strong></span> 
     </span>
     <span class='ocr_line' id='line_1_34' title="bbox 419 3790 1744 3855; baseline 0.002 -14"><span class='ocrx_word' id='word_1_326' title='bbox 419 3794 480 3841; x_wconf 89' lang='lat' dir='ltr'>ante</span> <span class='ocrx_word' id='word_1_327' title='bbox 491 3790 612 3854; x_wconf 82' lang='lat' dir='ltr'>appellem</span> <span class='ocrx_word' id='word_1_328' title='bbox 622 3790 726 3840; x_wconf 86' lang='lat' dir='ltr'>videtur</span> <span class='ocrx_word' id='word_1_329' title='bbox 736 3790 861 3854; x_wconf 86' lang='lat' dir='ltr'>absorpta</span> <span class='ocrx_word' id='word_1_330' title='bbox 873 3801 975 3840; x_wconf 86' lang='lat' dir='ltr'>esso.-</span> <span class='ocrx_word' id='word_1_331' title='bbox 997 3791 1022 3839; x_wconf 81' lang='lat' dir='ltr'>c.</span> <span class='ocrx_word' id='word_1_332' title='bbox 1041 3791 1132 3840; x_wconf 76' lang='lat' dir='ltr'>uirtute</span> <span class='ocrx_word' id='word_1_333' title='bbox 1149 3795 1171 3840; x_wconf 91' lang='grc'>44</span> <span class='ocrx_word' id='word_1_334' title='bbox 1187 3792 1288 3840; x_wconf 72' lang='lat' dir='ltr'>cucullo</span> <span class='ocrx_word' id='word_1_335' title='bbox 1303 3791 1311 3839; x_wconf 89' lang='lat' dir='ltr'>i</span> <span class='ocrx_word' id='word_1_336' title='bbox 1324 3806 1330 3852; x_wconf 87' lang='lat'><strong>;</strong></span> <span class='ocrx_word' id='word_1_337' title='bbox 1351 3790 1451 3840; x_wconf 82' lang='lat' dir='ltr'>coasilio</span> <span class='ocrx_word' id='word_1_338' title='bbox 1461 3792 1554 3841; x_wconf 84' lang='lat' dir='ltr'>uirtute</span> <span class='ocrx_word' id='word_1_339' title='bbox 1565 3806 1580 3840; x_wconf 89' lang='lat' dir='ltr'>v</span> <span class='ocrx_word' id='word_1_340' title='bbox 1594 3818 1621 3827; x_wconf 97' lang='lat'>-</span> <span class='ocrx_word' id='word_1_341' title='bbox 1638 3792 1744 3855; x_wconf 78' lang='grc'><strong>(44444444</strong></span> 
     </span>
     <span class='ocr_line' id='line_1_35' title="bbox 418 3864 1743 3929; baseline 0.002 -14"><span class='ocrx_word' id='word_1_342' title='bbox 418 3866 467 3915; x_wconf 85' lang='grc'>4-</span> <span class='ocrx_word' id='word_1_343' title='bbox 486 3866 511 3917; x_wconf 86' lang='grc'>4.</span> <span class='ocrx_word' id='word_1_344' title='bbox 528 3864 577 3929; x_wconf 86' lang='grc'><strong>444)</strong></span> <span class='ocrx_word' id='word_1_345' title='bbox 594 3876 747 3915; x_wconf 84' lang='grc'><strong>4444444-</strong></span> <span class='ocrx_word' id='word_1_346' title='bbox 766 3865 791 3915; x_wconf 83' lang='grc'>7.</span> <span class='ocrx_word' id='word_1_347' title='bbox 808 3866 894 3926; x_wconf 72' lang='lat' dir='ltr'>impl</span> <span class='ocrx_word' id='word_1_348' title='bbox 911 3889 939 3900; x_wconf 94' lang='lat'>-</span> <span class='ocrx_word' id='word_1_349' title='bbox 957 3864 982 3915; x_wconf 85' lang='lat'>8.</span> <span class='ocrx_word' id='word_1_350' title='bbox 1002 3865 1102 3915; x_wconf 79' lang='grc'><strong>4444444</strong></span> <span class='ocrx_word' id='word_1_351' title='bbox 1119 3891 1146 3901; x_wconf 95' lang='grc'><strong>-</strong></span> <span class='ocrx_word' id='word_1_352' title='bbox 1169 3866 1193 3915; x_wconf 86' lang='grc'>9.</span> <span class='ocrx_word' id='word_1_353' title='bbox 1210 3864 1348 3916; x_wconf 79' lang='grc'><strong>444444-</strong></span> <span class='ocrx_word' id='word_1_354' title='bbox 1368 3866 1408 3915; x_wconf 87' lang='lat' dir='ltr'>til.</span> <span class='ocrx_word' id='word_1_355' title='bbox 1425 3866 1632 3929; x_wconf 75' lang='lat' dir='ltr'>singularesat3</span> <span class='ocrx_word' id='word_1_356' title='bbox 1650 3869 1743 3917; x_wconf 80' lang='grc'><strong>444444·</strong></span> 
     </span>
     <span class='ocr_line' id='line_1_36' title="bbox 418 3938 1741 4009; baseline 0.002 -18"><span class='ocrx_word' id='word_1_357' title='bbox 418 3940 518 4005; x_wconf 71' lang='grc'><strong>44444444</strong></span> <span class='ocrx_word' id='word_1_358' title='bbox 534 3940 543 3991; x_wconf 86' lang='grc'>4</span> <span class='ocrx_word' id='word_1_359' title='bbox 561 3968 589 3978; x_wconf 98' lang='grc'>-</span> <span class='ocrx_word' id='word_1_360' title='bbox 601 3939 640 3991; x_wconf 77' lang='lat' dir='ltr'>Aa</span> <span class='ocrx_word' id='word_1_361' title='bbox 655 3942 774 3992; x_wconf 78' lang='lat' dir='ltr'>Muretus</span> <span class='ocrx_word' id='word_1_362' title='bbox 791 3944 819 3991; x_wconf 85' lang='lat' dir='ltr'>et</span> <span class='ocrx_word' id='word_1_363' title='bbox 833 3940 866 3991; x_wconf 91' lang='lat' dir='ltr'>b:</span> <span class='ocrx_word' id='word_1_364' title='bbox 886 3946 914 3991; x_wconf 87' lang='grc'>44</span> <span class='ocrx_word' id='word_1_365' title='bbox 930 3938 986 3991; x_wconf 87' lang='lat' dir='ltr'>reli.</span> <span class='ocrx_word' id='word_1_366' title='bbox 999 3942 1061 3992; x_wconf 92' lang='lat' dir='ltr'>mei.</span> <span class='ocrx_word' id='word_1_367' title='bbox 1074 3968 1101 3978; x_wconf 93' lang='lat'><em>-</em></span> <span class='ocrx_word' id='word_1_368' title='bbox 1121 3942 1161 3992; x_wconf 88' lang='lat' dir='ltr'>tt.</span> <span class='ocrx_word' id='word_1_369' title='bbox 1175 3941 1293 3991; x_wconf 84' lang='lat' dir='ltr'>Threcum</span> <span class='ocrx_word' id='word_1_370' title='bbox 1309 3943 1359 3990; x_wconf 83' lang='lat' dir='ltr'>tu:</span> <span class='ocrx_word' id='word_1_371' title='bbox 1380 3940 1501 3991; x_wconf 78' lang='lat' dir='ltr'>Thracian</span> <span class='ocrx_word' id='word_1_372' title='bbox 1518 3940 1607 3992; x_wconf 86' lang='lat' dir='ltr'>abio</span> <span class='ocrx_word' id='word_1_373' title='bbox 1621 3968 1647 3977; x_wconf 98' lang='lat'>-</span> <span class='ocrx_word' id='word_1_374' title='bbox 1666 3943 1741 4009; x_wconf 85' lang='grc'><strong>444444)</strong></span> 
     </span>
     <span class='ocr_line' id='line_1_37' title="bbox 417 4014 1741 4078; baseline 0.002 -13"><span class='ocrx_word' id='word_1_375' title='bbox 417 4028 497 4065; x_wconf 83' lang='grc'><strong>444444</strong></span> <span class='ocrx_word' id='word_1_376' title='bbox 511 4014 530 4065; x_wconf 97' lang='lat' dir='ltr'>b</span> <span class='ocrx_word' id='word_1_377' title='bbox 549 4042 577 4054; x_wconf 94' lang='lat'><em>-</em></span> <span class='ocrx_word' id='word_1_378' title='bbox 595 4018 676 4067; x_wconf 87' lang='grc'><strong>4444444</strong></span> <span class='ocrx_word' id='word_1_379' title='bbox 692 4018 712 4068; x_wconf 92' lang='grc'>0</span> <span class='ocrx_word' id='word_1_380' title='bbox 726 4044 753 4053; x_wconf 91' lang='grc'>-</span> <span class='ocrx_word' id='word_1_381' title='bbox 772 4032 829 4068; x_wconf 79' lang='lat' dir='ltr'>caen</span> <span class='ocrx_word' id='word_1_382' title='bbox 845 4019 974 4069; x_wconf 82' lang='lat' dir='ltr'>liuretus:</span> <span class='ocrx_word' id='word_1_383' title='bbox 994 4029 1049 4067; x_wconf 83' lang='lat' dir='ltr'>om.</span> <span class='ocrx_word' id='word_1_384' title='bbox 1062 4017 1095 4076; x_wconf 89' lang='lat' dir='ltr'>b;</span> <span class='ocrx_word' id='word_1_385' title='bbox 1114 4030 1191 4067; x_wconf 83' lang='grc'><strong>4444444</strong></span> <span class='ocrx_word' id='word_1_386' title='bbox 1208 4020 1267 4067; x_wconf 83' lang='lat' dir='ltr'>etv</span> <span class='ocrx_word' id='word_1_387' title='bbox 1285 4016 1353 4078; x_wconf 86' lang='lat' dir='ltr'>(tort.</span> <span class='ocrx_word' id='word_1_388' title='bbox 1367 4028 1399 4066; x_wconf 83' lang='lat' dir='ltr'>ex</span> <span class='ocrx_word' id='word_1_389' title='bbox 1416 4016 1499 4076; x_wconf 86' lang='grc'><strong>4444444,</strong></span> <span class='ocrx_word' id='word_1_390' title='bbox 1517 4021 1547 4066; x_wconf 88' lang='grc'>44</span> <span class='ocrx_word' id='word_1_391' title='bbox 1563 4020 1604 4068; x_wconf 84' lang='grc'>444</span> <span class='ocrx_word' id='word_1_392' title='bbox 1620 4019 1647 4069; x_wconf 94' lang='lat' dir='ltr'>in</span> <span class='ocrx_word' id='word_1_393' title='bbox 1658 4019 1741 4069; x_wconf 86' lang='lat' dir='ltr'>Oxou.</span> 
     </span>
     <span class='ocr_line' id='line_1_38' title="bbox 418 4089 1743 4157; baseline 0.002 -17"><span class='ocrx_word' id='word_1_394' title='bbox 418 4094 459 4153; x_wconf 83' lang='grc'>4);</span> <span class='ocrx_word' id='word_1_395' title='bbox 474 4104 526 4141; x_wconf 74' lang='lat' dir='ltr'>coe</span> <span class='ocrx_word' id='word_1_396' title='bbox 541 4104 598 4141; x_wconf 84' lang='grc'><strong>44444</strong></span> <span class='ocrx_word' id='word_1_397' title='bbox 614 4092 623 4141; x_wconf 91' lang='lat' dir='ltr'>i</span> <span class='ocrx_word' id='word_1_398' title='bbox 640 4119 667 4129; x_wconf 95' lang='lat'><em>-</em></span> <span class='ocrx_word' id='word_1_399' title='bbox 686 4092 747 4143; x_wconf 85' lang='lat' dir='ltr'>boec</span> <span class='ocrx_word' id='word_1_400' title='bbox 763 4106 778 4142; x_wconf 88' lang='lat' dir='ltr'>a</span> <span class='ocrx_word' id='word_1_401' title='bbox 797 4117 825 4131; x_wconf 90' lang='lat'>·-</span> <span class='ocrx_word' id='word_1_402' title='bbox 845 4094 885 4143; x_wconf 80' lang='lat' dir='ltr'>ia.</span> <span class='ocrx_word' id='word_1_403' title='bbox 903 4094 1026 4156; x_wconf 73' lang='grc'><strong>4444444444</strong></span> <span class='ocrx_word' id='word_1_404' title='bbox 1042 4106 1056 4142; x_wconf 84' lang='grc'>4</span> <span class='ocrx_word' id='word_1_405' title='bbox 1075 4090 1169 4155; x_wconf 83' lang='lat' dir='ltr'>(nuilus</span> <span class='ocrx_word' id='word_1_406' title='bbox 1186 4106 1218 4143; x_wconf 84' lang='lat' dir='ltr'>ex</span> <span class='ocrx_word' id='word_1_407' title='bbox 1236 4092 1303 4143; x_wconf 89' lang='lat' dir='ltr'>meis</span> <span class='ocrx_word' id='word_1_408' title='bbox 1319 4092 1454 4142; x_wconf 75' lang='grc'><strong>4444444444</strong></span> <span class='ocrx_word' id='word_1_409' title='bbox 1469 4089 1558 4153; x_wconf 77' lang='lat' dir='ltr'>babet}</span> <span class='ocrx_word' id='word_1_410' title='bbox 1575 4118 1602 4130; x_wconf 93' lang='lat'>·-</span> <span class='ocrx_word' id='word_1_411' title='bbox 1621 4094 1682 4155; x_wconf 84' lang='lat' dir='ltr'>imp.</span> <span class='ocrx_word' id='word_1_412' title='bbox 1693 4108 1743 4157; x_wconf 85' lang='lat' dir='ltr'>ep-</span> 
     </span>
     <span class='ocr_line' id='line_1_39' title="bbox 416 4166 1742 4230; baseline 0.001 -13"><span class='ocrx_word' id='word_1_413' title='bbox 416 4167 583 4230; x_wconf 84' lang='lat' dir='ltr'>pelleret-</span> <span class='ocrx_word' id='word_1_414' title='bbox 610 4168 649 4219; x_wconf 82' lang='grc'>43.</span> <span class='ocrx_word' id='word_1_415' title='bbox 668 4174 741 4219; x_wconf 82' lang='lat' dir='ltr'>touta</span> <span class='ocrx_word' id='word_1_416' title='bbox 755 4170 849 4219; x_wconf 77' lang='grc'><strong>44444444</strong></span> <span class='ocrx_word' id='word_1_417' title='bbox 863 4170 969 4219; x_wconf 81' lang='lat' dir='ltr'>boatium</span> <span class='ocrx_word' id='word_1_418' title='bbox 985 4172 997 4218; x_wconf 85' lang='lat' dir='ltr'>t</span> <span class='ocrx_word' id='word_1_419' title='bbox 1014 4194 1041 4204; x_wconf 93' lang='lat'><em>-</em></span> <span class='ocrx_word' id='word_1_420' title='bbox 1066 4170 1171 4219; x_wconf 85' lang='lat' dir='ltr'>boatium</span> <span class='ocrx_word' id='word_1_421' title='bbox 1188 4167 1262 4219; x_wconf 83' lang='lat' dir='ltr'>dico?</span> <span class='ocrx_word' id='word_1_422' title='bbox 1278 4169 1328 4227; x_wconf 90' lang='grc'><strong>444,</strong></span> <span class='ocrx_word' id='word_1_423' title='bbox 1351 4168 1486 4229; x_wconf 71' lang='grc'><strong>4444444</strong></span> <span class='ocrx_word' id='word_1_424' title='bbox 1504 4166 1742 4230; x_wconf 76' lang='grc'><strong>44444.(4)144·44444;</strong></span> 
     </span>
     <span class='ocr_line' id='line_1_40' title="bbox 419 4241 1741 4307; baseline -0.001 -13"><span class='ocrx_word' id='word_1_425' title='bbox 419 4245 475 4294; x_wconf 83' lang='lat' dir='ltr'>dico</span> <span class='ocrx_word' id='word_1_426' title='bbox 489 4243 527 4293; x_wconf 87' lang='lat' dir='ltr'>ite</span> <span class='ocrx_word' id='word_1_427' title='bbox 542 4243 647 4305; x_wconf 81' lang='grc'><strong>44444444</strong></span> <span class='ocrx_word' id='word_1_428' title='bbox 662 4243 766 4304; x_wconf 81' lang='lat' dir='ltr'>eblv;</span> <span class='ocrx_word' id='word_1_429' title='bbox 784 4244 839 4293; x_wconf 85' lang='lat' dir='ltr'>dico</span> <span class='ocrx_word' id='word_1_430' title='bbox 854 4244 959 4306; x_wconf 78' lang='grc'><strong>44444444</strong></span> <span class='ocrx_word' id='word_1_431' title='bbox 974 4244 998 4304; x_wconf 85' lang='grc'>4;</span> <span class='ocrx_word' id='word_1_432' title='bbox 1017 4245 1054 4295; x_wconf 85' lang='lat' dir='ltr'>ita</span> <span class='ocrx_word' id='word_1_433' title='bbox 1070 4244 1173 4307; x_wconf 80' lang='lat' dir='ltr'>icqeeom</span> <span class='ocrx_word' id='word_1_434' title='bbox 1190 4244 1252 4306; x_wconf 84' lang='lat' dir='ltr'>(om.</span> <span class='ocrx_word' id='word_1_435' title='bbox 1269 4243 1375 4293; x_wconf 82' lang='lat' dir='ltr'>bostium</span> <span class='ocrx_word' id='word_1_436' title='bbox 1391 4241 1473 4302; x_wconf 76' lang='grc'><strong>44444)</strong></span> <span class='ocrx_word' id='word_1_437' title='bbox 1491 4244 1511 4293; x_wconf 95' lang='lat'>0</span> <span class='ocrx_word' id='word_1_438' title='bbox 1528 4256 1589 4294; x_wconf 89' lang='lat' dir='ltr'>cum</span> <span class='ocrx_word' id='word_1_439' title='bbox 1607 4245 1693 4293; x_wconf 85' lang='lat' dir='ltr'>Garat.</span> <span class='ocrx_word' id='word_1_440' title='bbox 1713 4268 1741 4280; x_wconf 94' lang='lat'>-·</span> 
     </span>
     <span class='ocr_line' id='line_1_41' title="bbox 420 4318 1746 4382; baseline -0.001 -11"><span class='ocrx_word' id='word_1_441' title='bbox 420 4318 461 4371; x_wconf 83' lang='grc'>44.</span> <span class='ocrx_word' id='word_1_442' title='bbox 478 4319 556 4368; x_wconf 80' lang='grc'><strong>444444</strong></span> <span class='ocrx_word' id='word_1_443' title='bbox 575 4320 617 4369; x_wconf 89' lang='grc'><strong>4444</strong></span> <span class='ocrx_word' id='word_1_444' title='bbox 637 4332 653 4370; x_wconf 89' lang='lat' dir='ltr'>a</span> <span class='ocrx_word' id='word_1_445' title='bbox 675 4346 702 4355; x_wconf 99' lang='lat'><em>-</em></span> <span class='ocrx_word' id='word_1_446' title='bbox 730 4320 771 4371; x_wconf 81' lang='lat' dir='ltr'>ae.</span> <span class='ocrx_word' id='word_1_447' title='bbox 788 4318 997 4382; x_wconf 69' lang='lat' dir='ltr'>nppicotiorm</span> <span class='ocrx_word' id='word_1_448' title='bbox 1018 4320 1135 4371; x_wconf 77' lang='grc'><strong>4444444444</strong></span> <span class='ocrx_word' id='word_1_449' title='bbox 1151 4318 1210 4377; x_wconf 83' lang='lat' dir='ltr'>ab,</span> <span class='ocrx_word' id='word_1_450' title='bbox 1236 4322 1267 4369; x_wconf 90' lang='lat' dir='ltr'>ut</span> <span class='ocrx_word' id='word_1_451' title='bbox 1282 4320 1351 4370; x_wconf 91' lang='lat' dir='ltr'>coni.</span> <span class='ocrx_word' id='word_1_452' title='bbox 1369 4319 1516 4371; x_wconf 84' lang='lat' dir='ltr'>Ferrarius:</span> <span class='ocrx_word' id='word_1_453' title='bbox 1541 4319 1746 4382; x_wconf 72' lang='lat' dir='ltr'>applicationes</span> 
     </span>
     <span class='ocr_line' id='line_1_42' title="bbox 419 4393 1741 4457; baseline 0 -12"><span class='ocrx_word' id='word_1_454' title='bbox 419 4394 603 4455; x_wconf 58' lang='lat' dir='ltr'>coeman</span> <span class='ocrx_word' id='word_1_455' title='bbox 624 4394 812 4457; x_wconf 68' lang='lat' dir='ltr'>supplicatim</span> <span class='ocrx_word' id='word_1_456' title='bbox 833 4393 951 4444; x_wconf 74' lang='lat' dir='ltr'>bonorem</span> <span class='ocrx_word' id='word_1_457' title='bbox 973 4394 1031 4445; x_wconf 90' lang='lat' dir='ltr'>i-</span> <span class='ocrx_word' id='word_1_458' title='bbox 1054 4394 1258 4457; x_wconf 75' lang='grc' dir='ltr'><strong>4444444444αωὶ</strong></span> <span class='ocrx_word' id='word_1_459' title='bbox 1281 4420 1309 4431; x_wconf 91' lang='grc'>-</span> <span class='ocrx_word' id='word_1_460' title='bbox 1334 4395 1433 4446; x_wconf 64' lang='lat' dir='ltr'>tiene</span> <span class='ocrx_word' id='word_1_461' title='bbox 1453 4396 1464 4457; x_wconf 77' lang='grc'>4</span> <span class='ocrx_word' id='word_1_462' title='bbox 1486 4418 1512 4431; x_wconf 92' lang='lat'>·-·</span> <span class='ocrx_word' id='word_1_463' title='bbox 1536 4394 1741 4453; x_wconf 78' lang='lat' dir='ltr'>t9.redamite;</span> 
     </span>
     <span class='ocr_line' id='line_1_43' title="bbox 418 4468 1741 4523; baseline -0.001 -1"><span class='ocrx_word' id='word_1_464' title='bbox 418 4473 484 4522; x_wconf 82' lang='lat' dir='ltr'>dom.</span> <span class='ocrx_word' id='word_1_465' title='bbox 501 4471 520 4520; x_wconf 87' lang='lat' dir='ltr'>i.</span> <span class='ocrx_word' id='word_1_466' title='bbox 537 4471 679 4523; x_wconf 73' lang='lat' dir='ltr'>rodomi</span> <span class='ocrx_word' id='word_1_467' title='bbox 697 4496 725 4507; x_wconf 90' lang='lat'>—</span> <span class='ocrx_word' id='word_1_468' title='bbox 743 4471 809 4521; x_wconf 86' lang='grc'><strong>444444</strong></span> <span class='ocrx_word' id='word_1_469' title='bbox 826 4482 882 4521; x_wconf 86' lang='lat' dir='ltr'>om.</span> <span class='ocrx_word' id='word_1_470' title='bbox 899 4470 908 4519; x_wconf 93' lang='lat' dir='ltr'>i</span> <span class='ocrx_word' id='word_1_471' title='bbox 924 4496 958 4508; x_wconf 85' lang='lat'><em>-</em></span> <span class='ocrx_word' id='word_1_472' title='bbox 974 4471 1016 4521; x_wconf 75' lang='grc'>44.</span> <span class='ocrx_word' id='word_1_473' title='bbox 1033 4471 1136 4521; x_wconf 75' lang='lat' dir='ltr'>meritiis</span> <span class='ocrx_word' id='word_1_474' title='bbox 1152 4482 1210 4517; x_wconf 91' lang='lat' dir='ltr'>v-</span> <span class='ocrx_word' id='word_1_475' title='bbox 1229 4470 1270 4521; x_wconf 76' lang='grc'>44.</span> <span class='ocrx_word' id='word_1_476' title='bbox 1288 4468 1516 4520; x_wconf 67' lang='lat' dir='ltr'>dmueiabtv:</span> <span class='ocrx_word' id='word_1_477' title='bbox 1534 4468 1579 4519; x_wconf 82' lang='grc'><strong>4444</strong></span> <span class='ocrx_word' id='word_1_478' title='bbox 1595 4470 1741 4521; x_wconf 90' lang='lat' dir='ltr'>om.i0-·</span> 
     </span>
     <span class='ocr_line' id='line_1_44' title="bbox 418 4542 1745 4609; baseline -0.001 -13"><span class='ocrx_word' id='word_1_479' title='bbox 418 4546 460 4596; x_wconf 78' lang='grc'>44.</span> <span class='ocrx_word' id='word_1_480' title='bbox 477 4543 610 4595; x_wconf 83' lang='grc'><strong>44444444</strong></span> <span class='ocrx_word' id='word_1_481' title='bbox 629 4570 656 4581; x_wconf 94' lang='grc'><strong>-</strong></span> <span class='ocrx_word' id='word_1_482' title='bbox 675 4546 782 4609; x_wconf 80' lang='lat' dir='ltr'>cogitari</span> <span class='ocrx_word' id='word_1_483' title='bbox 798 4544 828 4595; x_wconf 92' lang='lat' dir='ltr'>b:</span> <span class='ocrx_word' id='word_1_484' title='bbox 849 4546 989 4609; x_wconf 77' lang='grc'><strong>4444444444</strong></span> <span class='ocrx_word' id='word_1_485' title='bbox 1006 4546 1124 4602; x_wconf 80' lang='lat' dir='ltr'>silvo:</span> <span class='ocrx_word' id='word_1_486' title='bbox 1144 4545 1177 4596; x_wconf 87' lang='lat' dir='ltr'>ci.</span> <span class='ocrx_word' id='word_1_487' title='bbox 1196 4544 1265 4596; x_wconf 83' lang='lat' dir='ltr'>Bake</span> <span class='ocrx_word' id='word_1_488' title='bbox 1282 4544 1317 4594; x_wconf 89' lang='lat' dir='ltr'>ad</span> <span class='ocrx_word' id='word_1_489' title='bbox 1329 4546 1383 4597; x_wconf 84' lang='lat' dir='ltr'>cic.</span> <span class='ocrx_word' id='word_1_490' title='bbox 1396 4542 1464 4609; x_wconf 82' lang='lat' dir='ltr'>legg.</span> <span class='ocrx_word' id='word_1_491' title='bbox 1480 4557 1507 4609; x_wconf 88' lang='lat' dir='ltr'>p.</span> <span class='ocrx_word' id='word_1_492' title='bbox 1520 4542 1576 4595; x_wconf 79' lang='grc'><strong>444.</strong></span> <span class='ocrx_word' id='word_1_493' title='bbox 1593 4566 1619 4581; x_wconf 85' lang='grc'><strong>-</strong></span> <span class='ocrx_word' id='word_1_494' title='bbox 1638 4545 1679 4595; x_wconf 72' lang='lat' dir='ltr'>ib.</span> <span class='ocrx_word' id='word_1_495' title='bbox 1691 4544 1745 4606; x_wconf 85' lang='lat' dir='ltr'>ipse</span> 
     </span>
     <span class='ocr_line' id='line_1_45' title="bbox 419 4618 1743 4685; baseline -0.002 -14"><span class='ocrx_word' id='word_1_496' title='bbox 419 4634 474 4671; x_wconf 93' lang='lat' dir='ltr'>om.</span> <span class='ocrx_word' id='word_1_497' title='bbox 492 4621 500 4669; x_wconf 93' lang='lat' dir='ltr'>t</span> <span class='ocrx_word' id='word_1_498' title='bbox 519 4645 546 4655; x_wconf 92' lang='lat'><em>-</em></span> <span class='ocrx_word' id='word_1_499' title='bbox 568 4620 730 4681; x_wconf 73' lang='lat' dir='ltr'>equidemb:</span> <span class='ocrx_word' id='word_1_500' title='bbox 755 4625 778 4670; x_wconf 88' lang='lat' dir='ltr'>et</span> <span class='ocrx_word' id='word_1_501' title='bbox 799 4620 897 4683; x_wconf 80' lang='grc'><strong>44444444</strong></span> <span class='ocrx_word' id='word_1_502' title='bbox 918 4622 971 4671; x_wconf 87' lang='lat' dir='ltr'>mei</span> <span class='ocrx_word' id='word_1_503' title='bbox 988 4620 1045 4672; x_wconf 90' lang='lat' dir='ltr'>roll.</span> <span class='ocrx_word' id='word_1_504' title='bbox 1064 4628 1091 4672; x_wconf 81' lang='lat' dir='ltr'>et</span> <span class='ocrx_word' id='word_1_505' title='bbox 1113 4622 1134 4672; x_wconf 86' lang='lat'>0</span> <span class='ocrx_word' id='word_1_506' title='bbox 1153 4648 1179 4659; x_wconf 92' lang='lat'><em>-</em></span> <span class='ocrx_word' id='word_1_507' title='bbox 1202 4622 1243 4671; x_wconf 82' lang='lat' dir='ltr'>ae.</span> <span class='ocrx_word' id='word_1_508' title='bbox 1262 4620 1537 4685; x_wconf 80' lang='lat' dir='ltr'>dolorsocitmeab:</span> <span class='ocrx_word' id='word_1_509' title='bbox 1558 4618 1743 4669; x_wconf 81' lang='lat' dir='ltr'>doloreocese</span> 
     </span>
     <span class='ocr_line' id='line_1_46' title="bbox 419 4694 1743 4761; baseline -0.001 -15"><span class='ocrx_word' id='word_1_510' title='bbox 419 4699 470 4755; x_wconf 81' lang='lat' dir='ltr'>tu;</span> <span class='ocrx_word' id='word_1_511' title='bbox 488 4696 572 4746; x_wconf 89' lang='lat' dir='ltr'>dolore</span> <span class='ocrx_word' id='word_1_512' title='bbox 588 4696 630 4745; x_wconf 88' lang='lat' dir='ltr'>oio</span> <span class='ocrx_word' id='word_1_513' title='bbox 646 4709 685 4746; x_wconf 87' lang='grc'>444</span> <span class='ocrx_word' id='word_1_514' title='bbox 701 4696 710 4745; x_wconf 85' lang='grc'>4</span> <span class='ocrx_word' id='word_1_515' title='bbox 728 4722 756 4732; x_wconf 96' lang='grc'>-</span> <span class='ocrx_word' id='word_1_516' title='bbox 772 4698 901 4761; x_wconf 83' lang='lat' dir='ltr'>propiori</span> <span class='ocrx_word' id='word_1_517' title='bbox 920 4722 947 4733; x_wconf 91' lang='lat'><em>-</em></span> <span class='ocrx_word' id='word_1_518' title='bbox 966 4697 1008 4747; x_wconf 75' lang='lat'>27.</span> <span class='ocrx_word' id='word_1_519' title='bbox 1022 4697 1053 4747; x_wconf 87' lang='lat' dir='ltr'>cb</span> <span class='ocrx_word' id='word_1_520' title='bbox 1070 4696 1274 4747; x_wconf 74' lang='grc'><strong>4444444444-</strong></span> <span class='ocrx_word' id='word_1_521' title='bbox 1291 4697 1386 4760; x_wconf 74' lang='lat' dir='ltr'>referre</span> <span class='ocrx_word' id='word_1_522' title='bbox 1402 4695 1481 4755; x_wconf 75' lang='lat' dir='ltr'>abu3</span> <span class='ocrx_word' id='word_1_523' title='bbox 1499 4696 1593 4759; x_wconf 72' lang='lat' dir='ltr'>ferret</span> <span class='ocrx_word' id='word_1_524' title='bbox 1610 4720 1637 4730; x_wconf 97' lang='lat'>-</span> <span class='ocrx_word' id='word_1_525' title='bbox 1656 4694 1698 4745; x_wconf 78' lang='lat'>28.</span> <span class='ocrx_word' id='word_1_526' title='bbox 1715 4695 1743 4745; x_wconf 88' lang='grc'>444</span> 
     </span>
     <span class='ocr_line' id='line_1_47' title="bbox 419 4769 1741 4835; baseline -0.003 -12"><span class='ocrx_word' id='word_1_527' title='bbox 419 4785 502 4823; x_wconf 76' lang='lat' dir='ltr'>omnes</span> <span class='ocrx_word' id='word_1_528' title='bbox 517 4772 560 4834; x_wconf 79' lang='grc'><strong>4444</strong></span> <span class='ocrx_word' id='word_1_529' title='bbox 575 4784 617 4821; x_wconf 86' lang='grc'>444</span> <span class='ocrx_word' id='word_1_530' title='bbox 632 4769 651 4819; x_wconf 93' lang='lat' dir='ltr'>b</span> <span class='ocrx_word' id='word_1_531' title='bbox 671 4796 698 4807; x_wconf 91' lang='lat'><em>-</em></span> <span class='ocrx_word' id='word_1_532' title='bbox 716 4784 793 4821; x_wconf 83' lang='lat' dir='ltr'>curos</span> <span class='ocrx_word' id='word_1_533' title='bbox 808 4784 867 4821; x_wconf 85' lang='grc'><strong>44444</strong></span> <span class='ocrx_word' id='word_1_534' title='bbox 881 4784 900 4821; x_wconf 80' lang='lat' dir='ltr'>v</span> <span class='ocrx_word' id='word_1_535' title='bbox 917 4798 944 4807; x_wconf 96' lang='lat'><em>-</em></span> <span class='ocrx_word' id='word_1_536' title='bbox 963 4772 1068 4822; x_wconf 83' lang='grc'><strong>4444444444</strong></span> <span class='ocrx_word' id='word_1_537' title='bbox 1084 4772 1157 4830; x_wconf 84' lang='grc'><strong>444;</strong></span> <span class='ocrx_word' id='word_1_538' title='bbox 1176 4774 1204 4822; x_wconf 87' lang='grc'>44</span> <span class='ocrx_word' id='word_1_539' title='bbox 1218 4785 1244 4821; x_wconf 86' lang='lat' dir='ltr'>v.</span> <span class='ocrx_word' id='word_1_540' title='bbox 1261 4784 1300 4822; x_wconf 93' lang='lat' dir='ltr'>or.</span> <span class='ocrx_word' id='word_1_541' title='bbox 1313 4771 1406 4835; x_wconf 51' lang='lat' dir='ltr'>Vti,‘5</span> <span class='ocrx_word' id='word_1_542' title='bbox 1423 4773 1448 4822; x_wconf 81' lang='lat' dir='ltr'>b.</span> <span class='ocrx_word' id='word_1_543' title='bbox 1463 4796 1490 4809; x_wconf 92' lang='lat'>-</span> <span class='ocrx_word' id='word_1_544' title='bbox 1508 4770 1667 4834; x_wconf 66' lang='grc'><strong>4444444444</strong></span> <span class='ocrx_word' id='word_1_545' title='bbox 1682 4782 1699 4819; x_wconf 84' lang='grc'>4</span> <span class='ocrx_word' id='word_1_546' title='bbox 1713 4794 1741 4806; x_wconf 94' lang='lat'>-·</span> 
     </span>
     <span class='ocr_line' id='line_1_48' title="bbox 417 4843 1741 4911; baseline -0.004 -13"><span class='ocrx_word' id='word_1_547' title='bbox 417 4850 522 4911; x_wconf 79' lang='grc'><strong>4444444444</strong></span> <span class='ocrx_word' id='word_1_548' title='bbox 536 4848 631 4898; x_wconf 68' lang='lat' dir='ltr'>minen</span> <span class='ocrx_word' id='word_1_549' title='bbox 647 4852 764 4909; x_wconf 79' lang='lat' dir='ltr'>queretur</span> <span class='ocrx_word' id='word_1_550' title='bbox 779 4850 807 4904; x_wconf 74' lang='lat' dir='ltr'>li</span> <span class='ocrx_word' id='word_1_551' title='bbox 830 4847 935 4909; x_wconf 78' lang='lat' dir='ltr'>impetire</span> <span class='ocrx_word' id='word_1_552' title='bbox 949 4847 1043 4897; x_wconf 82' lang='grc'><strong>4444444</strong></span> <span class='ocrx_word' id='word_1_553' title='bbox 1058 4846 1380 4909; x_wconf 59' lang='lat' dir='ltr'>huidioouoeretoram</span> <span class='ocrx_word' id='word_1_554' title='bbox 1401 4859 1453 4897; x_wconf 89' lang='lat' dir='ltr'>om.</span> <span class='ocrx_word' id='word_1_555' title='bbox 1472 4848 1519 4907; x_wconf 83' lang='lat' dir='ltr'>iv,</span> <span class='ocrx_word' id='word_1_556' title='bbox 1537 4843 1741 4909; x_wconf 66' lang='lat' dir='ltr'>colostrea</span> 
     </span>
     <span class='ocr_line' id='line_1_49' title="bbox 418 4920 1743 4985; baseline -0.004 -12"><span class='ocrx_word' id='word_1_557' title='bbox 418 4921 519 4973; x_wconf 88' lang='lat' dir='ltr'>babent</span> <span class='ocrx_word' id='word_1_558' title='bbox 534 4922 561 4972; x_wconf 81' lang='grc'>44</span> <span class='ocrx_word' id='word_1_559' title='bbox 581 4922 721 4983; x_wconf 78' lang='grc'><strong>4444444444</strong></span> <span class='ocrx_word' id='word_1_560' title='bbox 741 4923 768 4969; x_wconf 78' lang='lat' dir='ltr'>ire</span> <span class='ocrx_word' id='word_1_561' title='bbox 788 4922 857 4982; x_wconf 83' lang='lat' dir='ltr'>peius</span> <span class='ocrx_word' id='word_1_562' title='bbox 879 4922 973 4971; x_wconf 82' lang='grc'><strong>44444444</strong></span> <span class='ocrx_word' id='word_1_563' title='bbox 991 4921 1090 4972; x_wconf 77' lang='lat' dir='ltr'>inuidia</span> <span class='ocrx_word' id='word_1_564' title='bbox 1113 4928 1275 4984; x_wconf 79' lang='grc'><strong>4444444444·</strong></span> <span class='ocrx_word' id='word_1_565' title='bbox 1291 4924 1422 4985; x_wconf 77' lang='grc'><strong>(44444444</strong></span> <span class='ocrx_word' id='word_1_566' title='bbox 1437 4922 1452 4983; x_wconf 88' lang='grc'>4)</span> <span class='ocrx_word' id='word_1_567' title='bbox 1469 4922 1542 4971; x_wconf 85' lang='lat' dir='ltr'>oredo</span> <span class='ocrx_word' id='word_1_568' title='bbox 1559 4923 1626 4977; x_wconf 82' lang='lat' dir='ltr'>cet.;</span> <span class='ocrx_word' id='word_1_569' title='bbox 1647 4920 1743 4969; x_wconf 77' lang='grc'><strong>44444444</strong></span> 
     </span>
     <span class='ocr_line' id='line_1_50' title="bbox 417 4992 1743 5061; baseline -0.003 -14"><span class='ocrx_word' id='word_1_570' title='bbox 417 4999 561 5061; x_wconf 77' lang='lat' dir='ltr'>inuidiaque</span> <span class='ocrx_word' id='word_1_571' title='bbox 577 5001 713 5061; x_wconf 75' lang='grc'><strong>4444444444·</strong></span> <span class='ocrx_word' id='word_1_572' title='bbox 729 4996 796 5059; x_wconf 88' lang='grc'><strong>0(4)</strong></span> <span class='ocrx_word' id='word_1_573' title='bbox 812 5009 875 5047; x_wconf 90' lang='lat' dir='ltr'>cum</span> <span class='ocrx_word' id='word_1_574' title='bbox 891 4998 1007 5057; x_wconf 80' lang='lat' dir='ltr'>Faerno;</span> <span class='ocrx_word' id='word_1_575' title='bbox 1026 4998 1144 5059; x_wconf 77' lang='grc'><strong>44444444,</strong></span> <span class='ocrx_word' id='word_1_576' title='bbox 1162 4998 1256 5047; x_wconf 79' lang='lat' dir='ltr'>crisces</span> <span class='ocrx_word' id='word_1_577' title='bbox 1271 4998 1414 5060; x_wconf 77' lang='lat' dir='ltr'>inuidiaque</span> <span class='ocrx_word' id='word_1_578' title='bbox 1430 5000 1563 5059; x_wconf 76' lang='grc'><strong>4444444444</strong></span> <span class='ocrx_word' id='word_1_579' title='bbox 1573 4994 1594 5045; x_wconf 94' lang='grc'><strong>0</strong></span> <span class='ocrx_word' id='word_1_580' title='bbox 1606 4994 1651 5056; x_wconf 83' lang='grc'><strong>(3),</strong></span> <span class='ocrx_word' id='word_1_581' title='bbox 1669 4992 1743 5055; x_wconf 87' lang='lat' dir='ltr'>quod</span> 
     </span>
     <span class='ocr_line' id='line_1_51' title="bbox 417 5069 1744 5135; baseline -0.004 -13"><span class='ocrx_word' id='word_1_582' title='bbox 417 5085 514 5123; x_wconf 82' lang='lat' dir='ltr'>uereor</span> <span class='ocrx_word' id='word_1_583' title='bbox 528 5074 559 5123; x_wconf 87' lang='lat' dir='ltr'>ui</span> <span class='ocrx_word' id='word_1_584' title='bbox 574 5074 613 5124; x_wconf 88' lang='lat' dir='ltr'>sic</span> <span class='ocrx_word' id='word_1_585' title='bbox 629 5070 681 5122; x_wconf 91' lang='lat' dir='ltr'>dici</span> <span class='ocrx_word' id='word_1_586' title='bbox 697 5072 826 5135; x_wconf 87' lang='lat' dir='ltr'>potuerit;</span> <span class='ocrx_word' id='word_1_587' title='bbox 853 5071 913 5123; x_wconf 85' lang='lat' dir='ltr'>tort.</span> <span class='ocrx_word' id='word_1_588' title='bbox 931 5073 1057 5135; x_wconf 82' lang='lat' dir='ltr'>irspietclis</span> <span class='ocrx_word' id='word_1_589' title='bbox 1072 5074 1166 5125; x_wconf 76' lang='grc'><strong>4444444</strong></span> <span class='ocrx_word' id='word_1_590' title='bbox 1183 5069 1233 5134; x_wconf 81' lang='lat' dir='ltr'>(vel</span> <span class='ocrx_word' id='word_1_591' title='bbox 1249 5073 1343 5123; x_wconf 80' lang='grc'><strong>44444444</strong></span> <span class='ocrx_word' id='word_1_592' title='bbox 1358 5073 1512 5134; x_wconf 78' lang='lat' dir='ltr'>inuidiaque,</span> <span class='ocrx_word' id='word_1_593' title='bbox 1530 5070 1579 5121; x_wconf 85' lang='lat' dir='ltr'>nisi</span> <span class='ocrx_word' id='word_1_594' title='bbox 1596 5069 1684 5134; x_wconf 89' lang='lat' dir='ltr'>potius</span> <span class='ocrx_word' id='word_1_595' title='bbox 1699 5070 1744 5117; x_wconf 80' lang='lat' dir='ltr'>ie-</span> 
     </span>
     <span class='ocr_line' id='line_1_52' title="bbox 417 5143 1745 5216; baseline -0.002 -19"><span class='ocrx_word' id='word_1_596' title='bbox 417 5148 488 5197; x_wconf 82' lang='grc'><strong>44444</strong></span> <span class='ocrx_word' id='word_1_597' title='bbox 504 5146 636 5211; x_wconf 85' lang='lat' dir='ltr'>glossema</span> <span class='ocrx_word' id='word_1_598' title='bbox 648 5148 697 5211; x_wconf 87' lang='lat' dir='ltr'>est)</span> <span class='ocrx_word' id='word_1_599' title='bbox 710 5152 854 5216; x_wconf 77' lang='grc'><strong>4444444444,</strong></span> <span class='ocrx_word' id='word_1_600' title='bbox 873 5150 904 5198; x_wconf 92' lang='lat' dir='ltr'>ut</span> <span class='ocrx_word' id='word_1_601' title='bbox 919 5160 1000 5213; x_wconf 86' lang='lat' dir='ltr'>saepe</span> <span class='ocrx_word' id='word_1_602' title='bbox 1018 5147 1045 5198; x_wconf 90' lang='lat' dir='ltr'>iu</span> <span class='ocrx_word' id='word_1_603' title='bbox 1061 5146 1102 5197; x_wconf 89' lang='lat' dir='ltr'>his</span> <span class='ocrx_word' id='word_1_604' title='bbox 1114 5145 1275 5198; x_wconf 87' lang='lat' dir='ltr'>orationibus</span> <span class='ocrx_word' id='word_1_605' title='bbox 1291 5148 1382 5199; x_wconf 82' lang='lat' dir='ltr'>hostes</span> <span class='ocrx_word' id='word_1_606' title='bbox 1397 5147 1437 5197; x_wconf 89' lang='lat' dir='ltr'>rei</span> <span class='ocrx_word' id='word_1_607' title='bbox 1453 5143 1575 5211; x_wconf 88' lang='lat' dir='ltr'>publicae</span> <span class='ocrx_word' id='word_1_608' title='bbox 1591 5143 1664 5208; x_wconf 77' lang='lat' dir='ltr'>impii</span> <span class='ocrx_word' id='word_1_609' title='bbox 1679 5143 1745 5195; x_wconf 82' lang='lat' dir='ltr'>cicer</span> 
     </span>
     <span class='ocr_line' id='line_1_53' title="bbox 419 5223 595 5279; baseline 0.023 -4"><span class='ocrx_word' id='word_1_610' title='bbox 419 5223 595 5279; x_wconf 80' lang='lat' dir='ltr'>nominantur.</span> 
     </span>
    </p>
   </div>
   <div class='ocr_carea' id='block_1_4' title="bbox 0 0 2010 6153">
    <p class='ocr_par' dir='ltr' id='par_1_12' title="bbox 0 0 2010 6153">
     <span class='ocr_line' id='line_1_54' title="bbox 0 0 2010 6153; baseline 0 0"><span class='ocrx_word' id='word_1_611' title='bbox 0 0 2010 6153; x_wconf 95' lang='lat' dir='ltr'> </span> 
     </span>
    </p>
   </div>
  </div>
 </body>
</html>
