4009 6159
412 539 496 607 libb
804 540 955 607 canalo
976 541 1056 608 PRO
1080 542 1140 608 CN.
1162 541 1333 608 PLANCIO

282 697 316 808 s
388 716 493 781 ,simo
515 713 600 802 rigo,
627 731 692 776 non
714 712 784 776 dico
806 711 840 774 C.
862 711 1046 786 Serranum,
1075 711 1295 777 stultissimum
1315 713 1476 778 bominem
1498 745 1539 762 -
1559 713 1620 778 luit
1646 719 1730 780 enim

385 786 517 875 ltamen
547 805 661 871 nobilis
683 840 740 883 -,
773 826 837 869 uon
860 806 894 868 C.
916 806 1102 881 Fimbriam,
1131 827 1248 870 novum
1270 793 1430 895 bomirsem
1451 810 1574 873 -fuit
1595 811 1678 873 enim
1700 817 1733 873 et

411 904 507 968 animi
529 901 606 966 satis
628 902 734 984 magni
755 907 787 963 et
805 899 928 963 consilii
943 934 995 973 -,
1018 900 1073 964 sed
1096 900 1151 964 Cn.
1166 887 1415 976 Manliumsnon
1430 903 1533 967 solum
1549 905 1732 987 ignobilem,

410 1019 520 1062 verum
551 999 620 1060 sine
649 995 784 1069 virtute,
817 994 886 1058 sine
918 994 1063 1076 iugenio,
1095 995 1159 1057 vita
1191 995 1285 1058 etiam
1318 1004 1501 1079 contempta
1529 1017 1566 1061 ac
1595 997 1732 1063 sordida.

387 1089 462 1157 sta.
483 1094 707 1157 Desiderarunt
728 1096 775 1163 tc,
796 1089 917 1171 iuquit,
939 1088 1022 1151 oculi
1044 1089 1122 1161 mei,
1145 1109 1216 1152 cum
1237 1094 1272 1151 tu
1295 1109 1381 1152 esses
1404 1090 1552 1174 Cyrenis,
1575 1113 1625 1156 me
1647 1093 1733 1156 enim

410 1208 504 1271 quam
527 1188 631 1250 socios
652 1191 709 1247 tua
727 1182 790 1245 frui
811 1181 925 1245 virtute
948 1181 1119 1255 malebam,
1147 1190 1196 1255 ct,
1226 1202 1290 1264 quo
1312 1183 1383 1265 plus
1404 1185 1568 1259 intererat,
1598 1205 1636 1248 eo
1659 1185 1733 1268 plus

409 1278 520 1345 aberas
549 1299 666 1342 ame:
694 1295 818 1340 mecum
846 1282 877 1338 te
904 1294 970 1337 non
999 1255 1155 1338 videbam.
1196 1274 1318 1338 Deinde
1348 1276 1506 1340 sitientem
1535 1297 1586 1340 me
1607 1278 1732 1342 virtutis

408 1383 483 1440 tuae
504 1371 672 1437 deseruisti
695 1390 732 1433 ac
752 1369 919 1452 reliquisti.
960 1369 1118 1452 Coeperas
1140 1369 1224 1432 enim
1246 1377 1353 1453 petere
1374 1372 1567 1436 tribunatum
1588 1373 1632 1456 pl.
1653 1381 1732 1437 mm·

408 1471 539 1554 poribus
559 1467 617 1542 iis,
640 1485 721 1550 quae
742 1465 835 1527 istam
858 1462 1074 1547 eloquentiam
1095 1470 1127 1525 et
1147 1464 1295 1527 virtutem
1316 1465 1535 1547 requirebant:
1557 1486 1652 1550 quam
1675 1487 1732 1550 pe-

371 1579 399 1626 to
408 1564 552 1628 titionem
574 1580 646 1624 eum
666 1556 867 1642 reliquisses,
889 1557 916 1618 si
936 1556 998 1619 boc
1020 1556 1182 1630 indicasti,
1205 1564 1293 1621 tauta
1314 1558 1347 1620 in
1369 1565 1555 1642 tempestate
1569 1569 1601 1624 te
1617 1561 1731 1644 guber·

407 1679 484 1723 nare
505 1677 570 1720 uon
591 1674 703 1739 posse,
734 1651 775 1714 de
795 1651 910 1714 virtute
938 1659 993 1714 tua
1015 1651 1173 1723 dubitavi,
1204 1652 1231 1714 si
1253 1651 1353 1726 nolle,
1384 1651 1424 1714 de
1445 1653 1618 1719 voluntate.
1662 1655 1731 1728 Sin,

407 1753 494 1836 quod
515 1749 614 1833 magis
634 1746 794 1828 intelligo,
815 1744 1011 1827 temporibus
1033 1752 1065 1807 te
1080 1743 1150 1807 aliis
1173 1745 1350 1820 reservasti,
1372 1765 1431 1828 ego
1446 1766 1585 1830 quoque,
1607 1749 1733 1832 inquiet

406 1847 543 1932 populus
563 1846 739 1914 llomauus,
769 1840 809 1902 ad
832 1859 869 1901 ea
891 1845 921 1900 te
944 1845 1087 1920 tempora
1107 1838 1268 1912 revocavi,
1295 1837 1335 1899 ad
1358 1859 1441 1923 quae
1463 1848 1497 1903 tu
1519 1849 1551 1904 te
1572 1843 1641 1924 ipse
1664 1861 1732 1902 ser-

406 1961 507 2006 varas.
545 1941 620 2003 Pete
641 1935 739 2018 igitur
759 1953 832 1997 eum
854 1933 1085 2015 magistratum,
1115 1933 1148 1994 in
1170 1952 1234 2013 quo
1257 1931 1332 1994 mibi
1354 1952 1485 2015 magnae
1506 1935 1635 1998 utilitati
1658 1954 1730 1997 esse

369 2036 526 2121 repossis:
555 2030 676 2096 aediles
704 2027 899 2111 quicumque
920 2033 1029 2100 erunt,
1059 2025 1156 2088 iidem
1178 2025 1255 2087 mibi
1277 2031 1351 2088 sunt
1371 2027 1437 2090 ludi
1459 2029 1581 2109 parati,
1610 2028 1730 2091 tribuni

405 2130 505 2215 plebis
526 2122 689 2211 permagni
711 2123 843 2185 interest
863 2120 918 2204 qui
940 2121 1013 2182 sint.
1050 2119 1154 2194 Quare
1176 2127 1231 2182 aut
1252 2119 1350 2182 redde
1372 2121 1449 2183 mibi
1472 2123 1558 2206 quod
1581 2122 1730 2186 ostende-

405 2244 474 2298 ras,
503 2228 557 2285 aut
577 2218 620 2292 si,
650 2216 738 2300 quod
760 2234 830 2279 mea
850 2213 955 2277 miuus
976 2213 1124 2287 interest,
1150 2212 1182 2274 id
1205 2221 1236 2276 te
1260 2213 1358 2296 magis
1380 2214 1461 2278 forte
1484 2215 1635 2289 delectat,
1657 2215 1731 2278 red-

404 2316 477 2379 dam
504 2313 564 2377 tibi
591 2312 683 2393 istam
713 2307 908 2372 aedilitatem
929 2307 1023 2370 etiam
1045 2307 1241 2390 negligenter
1261 2307 1402 2388 petenti:
1432 2309 1488 2372 sed
1515 2309 1730 2390 amplissimos

402 2410 540 2473 bonores
559 2413 596 2469 ut
616 2424 674 2487 pro
696 2402 847 2485 dignitate
867 2408 924 2465 tua
945 2420 1157 2484 consequare,
1187 2399 1352 2464 condiscas
1382 2422 1495 2467 censeo
1525 2402 1603 2466 mibi
1631 2403 1727 2486 paulo

366 2499 586 2585 indiligentius
608 2497 813 2581 supplicare.»

218 2612 249 2699 l
487 2596 539 2658 VI.
561 2587 612 2656 ll.
634 2592 720 2679 Haec
740 2590 851 2674 populi
873 2589 974 2653 oratio
996 2597 1061 2663 est,
1084 2608 1154 2652 mea
1176 2609 1267 2664 vero,
1289 2590 1486 2665 Laterensis,
1508 2591 1603 2678 baec:
1626 2608 1726 2673 quare

228 2637 257 2726 l
402 2692 503 2757 victus
524 2689 585 2761 sis,
607 2705 672 2749 non
693 2683 810 2747 debere
832 2683 970 2747 iudicem
991 2702 1162 2766 quaerere,
1185 2683 1277 2746 modo
1299 2704 1339 2747 ne
1362 2683 1528 2766 largitione
1550 2685 1592 2747 sis
1614 2684 1726 2747 victus.

402 2787 480 2848 Nam
501 2782 547 2856 si,
569 2780 854 2864 quotienscumque
875 2777 1066 2861 praeteritus
1088 2778 1147 2840 erit
1169 2779 1206 2850 is,
1228 2778 1284 2860 qui
1306 2796 1371 2840 non
1386 2777 1532 2841 debuerit
1553 2777 1726 2860 praeteriri,

401 2879 519 2943 totiens
541 2873 698 2959 oportebit
718 2891 808 2945 eum,
837 2870 894 2955 qui
916 2869 1018 2934 factus
1041 2870 1115 2945 erit,
1141 2869 1361 2944 condemnari,
1384 2870 1465 2933 nihil
1486 2872 1549 2934 iam
1570 2869 1726 2952 estquod

363 2970 521 3057 aepopulo
544 2966 747 3051 supplicetur,
768 2963 850 3027 nibil
871 2964 959 3046 quod
978 2963 1128 3037 diribitio,
1150 2963 1231 3028 nibil
1246 2966 1332 3050 quod
1349 2962 1550 3050 [supplicatio
1564 2966 1728 3049 magistra·

401 3060 512 3151 tuum,]
535 3060 726 3125 renuntiatio
750 3052 996 3141 [suffragiorum]
1021 3064 1238 3138 exspectetur,
1262 3059 1356 3123 simul
1372 3067 1416 3134 ut,
1432 3061 1486 3143 qui
1502 3060 1564 3124 sint
1580 3059 1728 3143 professi,

400 3161 521 3233 videro,
535 3156 655 3219 dicam:
676 3152 737 3215 Hic
750 3151 870 3215 familia
884 3150 1046 3214 consulari
1060 3157 1118 3224 est,
1133 3150 1187 3214 ille
1202 3152 1374 3234 praetoria,
1394 3152 1535 3234 reliquos
1549 3153 1642 3218 rideo
1657 3171 1727 3215 esse

401 3273 443 3318 ex
464 3247 605 3336 equestri
626 3247 715 3310 loco:
737 3253 813 3309 sunt
831 3264 940 3308 omnes
961 3245 1030 3307 sine
1052 3244 1191 3319 macula,
1213 3255 1288 3310 sunt
1310 3266 1549 3330 omuesaeque
1569 3247 1645 3311 bcni
1667 3243 1728 3310 siri

401 3354 499 3432 atque
519 3342 644 3424 integri,
666 3338 722 3404 sed
738 3338 856 3402 servari
871 3358 1003 3401 necesse
1018 3345 1067 3400 est
1081 3338 1213 3420 gradm:
1236 3340 1328 3403 cedat
1342 3340 1500 3403 consulari
1514 3339 1623 3422 generi
1637 3359 1728 3421 prae·

364 3441 531 3515 actorium,
552 3455 593 3499 ne
615 3433 787 3498 contendat
808 3453 878 3496 cum
900 3433 1057 3515 praetorio
1079 3434 1208 3496 nomine
1223 3434 1490 3514 equester-locus.
1524 3427 1574 3495 lb.
1598 3432 1728 3495 Sublata

239 3550 264 3648 '3
401 3540 477 3599 sunt
490 3530 605 3603 studia,
615 3528 791 3591 exstinctae
805 3527 1056 3608 suffragationes,
1068 3525 1174 3620 nullae
1188 3528 1417 3601 contentiones,
1426 3527 1515 3620 nulla
1527 3513 1653 3588 libertas
1668 3545 1728 3608 po·

401 3628 470 3712 puli
483 3627 517 3689 in
536 3622 722 3689 mandandis
741 3619 986 3703 magistratibus,
1007 3619 1095 3682 nulla
1115 3623 1308 3703 exspectatio
1325 3620 1560 3703 suffragiorum:
1583 3619 1673 3694 nibil,
1690 3626 1728 3682 ut

402 3723 589 3805 plerumque
612 3715 730 3791 evenit,
752 3719 877 3798 praeter
898 3713 1081 3796 opinionem
1103 3713 1242 3790 accidet,
1265 3715 1353 3778 nulla
1368 3716 1428 3778 erit
1445 3714 1576 3799 posthac
1591 3716 1726 3778 varietas

403 3814 611 3880 comitiorum.
643 3809 700 3873 Sin
720 3809 783 3875 boc
803 3827 955 3894 persaepe
977 3807 1111 3883 accidit,
1133 3815 1169 3870 ut
1190 3816 1222 3872 et
1241 3807 1343 3873 iactos
1357 3808 1482 3894 aliquos
1498 3816 1531 3872 et
1543 3828 1610 3873 non
1626 3807 1726 3873 lectos

382 4152 386 4160 .
469 4125 494 4174 4.
512 4122 651 4172 mum
667 4112 791 4167 Orellius:
809 4126 927 4164 serenam
943 4114 991 4163 TE
1011 4141 1038 4151 -
1057 4114 1081 4164 3.
1098 4115 1221 4166 montium
1237 4115 1299 4166 TE:
1317 4115 1432 4165 Mctttm
1448 4116 1469 4166 0
1487 4139 1515 4152 -
1533 4115 1559 4167 l.
1575 4115 1726 4182 comolet-

403 4213 462 4251 mm
478 4198 498 4250 T
515 4223 543 4234 -
561 4197 586 4246 e.
604 4193 754 4244 Deciderant
770 4190 790 4239 T
804 4216 830 4227 —
847 4190 872 4241 6.
885 4203 934 4252 parc
946 4186 1014 4252 plats]
1027 4189 1233 4252 populosaque
1246 4190 1305 4252 plus
1320 4189 1350 4251 E,
1369 4189 1418 4240 sed
1435 4187 1482 4241 litt.
1495 4190 1522 4241 tu
1537 4191 1565 4242 ln
1581 4192 1682 4254 rasura)
1693 4219 1725 4230 -

404 4275 429 4324 T.
441 4273 530 4323 oberat
540 4271 585 4322 TE
604 4296 632 4306 -
651 4280 669 4316 o
684 4279 737 4326 nse,
753 4277 849 4316 mecam
865 4269 889 4315 te
905 4263 1061 4314 Fritzschius
1078 4265 1104 4314 in
1121 4277 1234 4316 censura
1245 4266 1288 4316 ed.
1299 4265 1494 4318 Wunderianne
1508 4266 1641 4333 (Schalstg.
1652 4267 1724 4320 4334.

405 4351 435 4400 N.
455 4349 503 4398 439
519 4346 606 4412 sqq.):
629 4358 647 4395 a
662 4356 702 4394 me
716 4355 773 4392 mm
789 4345 813 4391 te
828 4340 890 4400 TE,
909 4352 928 4388 a
942 4351 999 4389 mr:
1016 4344 1081 4389 certe
1097 4340 1117 4389 0
1136 4367 1164 4377 -
1181 4341 1301 4392 attentem
1316 4353 1357 4391 me
1371 4343 1471 4392 virtutis
1486 4347 1544 4393 tare
1560 4341 1643 4393 hebet
1658 4343 1727 4392 Aru-

404 4424 494 4475 eiauus
514 4421 626 4473 Messius
646 4432 673 4484 p.
691 4416 740 4467 363
757 4414 801 4466 ed.
819 4415 938 4465 Lindem.
958 4440 986 4448 —
1004 4413 1128 4464 daemon
1145 4415 1178 4476 T,
1200 4413 1308 4466 edentis
1324 4416 1377 4480 (sic)
1396 4417 1416 4468 E
1432 4445 1466 4455 —
1482 4418 1506 4469 8.
1524 4417 1646 4481 reliqattstt
1662 4416 1724 4468 TE:

405 4499 555 4562 doedqebtt
571 4497 591 4546 0
610 4520 638 4532 -
661 4493 767 4556 Οφπω
783 4492 803 4541 Τ
820 4517 847 4527 -
871 4489 1034 4554 marn]
1053 4494 1108 4541 ter.
1127 4490 1160 4550 T,
1186 4495 1227 4540 .tn.
1246 4490 1267 4541 E
1285 4514 1313 4527 -
1330 4491 1366 4553 pl.
1385 4492 1447 4543 TE:
1468 4491 1583 4556 plebtro
1602 4520 1630 4531 -
1653 4493 1679 4543 3.
1695 4491 1728 4542 tis

406 4575 492 4624 om.T
510 4598 539 4610 -
558 4573 599 4622 ld.
616 4568 732 4618 tcdtecsts'
748 4567 797 4616 TE
816 4589 844 4601 -
867 4566 907 4615 ta.
925 4564 1009 4616 ίπωὶὶο
1025 4565 1045 4614 T
1061 4591 1089 4600 -
1114 4565 1218 4630 qaoque]
1235 4571 1319 4617 aman
1335 4567 1355 4618 T
1374 4595 1402 4605 -
1427 4565 1528 4631 mmet]
1546 4567 1651 4630 taquam
1665 4565 1725 4616 etE

406 4674 434 4686 -
453 4647 494 4698 te.
511 4652 535 4697 te
550 4658 604 4696 om.
623 4644 643 4694 T
665 4669 693 4679 -
715 4641 750 4690 ed
767 4639 839 4702 quae]
856 4640 915 4700 adq.
933 4639 953 4689 T
972 4667 998 4676 -
1023 4638 1062 4690 tl.
1082 4639 1264 4705 mauseolum]
1284 4653 1364 4691 mccc.
1383 4641 1420 4701 E,
1439 4655 1485 4692 .ee.
1503 4641 1523 4691 T
1542 4667 1569 4680 ·-
1582 4643 1622 4693 tlt.
1641 4640 1728 4692 sedilia

404 4724 425 4775 E
444 4749 472 4758 -
489 4721 555 4772 wan
570 4719 619 4769 TE
637 4743 665 4754 -
683 4715 736 4766 ludi
752 4714 901 4766 Emeetius:
919 4713 972 4763 tadi
988 4713 1020 4774 T,
1039 4714 1131 4764 tadmor
1147 4714 1168 4765 E
1186 4739 1213 4750 -
1229 4720 1310 4777 perot
1326 4715 1346 4766 T
1365 4740 1392 4753 -
1413 4720 1455 4767 ,tr.
1470 4714 1507 4778 pl.
1521 4716 1554 4776 T,
1572 4715 1726 4768 trimum

400 4797 562 4862 plebtrO-
581 4791 853 4845 l8.eds'lttotemT-
871 4788 1108 4853 oepteqeatrrT-
1126 4789 1168 4840 33.
1187 4791 1367 4852 qtterereT-
1385 4790 1426 4841 33.
1445 4790 1723 4854 quotletseaenqttrT,

404 4868 673 4936 prodromum:
697 4865 972 4930 ausemano-
997 4863 1144 4915 2l.tctteor
1165 4864 1231 4915 TE:
1252 4865 1406 4916 mttero-
1428 4863 1726 4930 cwnlcrnnT-coo-

403 4946 535 5009 damnari
551 4945 571 4994 T
586 4970 621 4982 —
643 4947 679 4994 ert
693 4943 747 4993 tam
763 4942 783 4991 E
801 4967 828 4976 -
856 4941 922 5004 quod
941 4953 959 4990 c
974 4938 1069 5002 populo
1085 4939 1133 4992 TE
1151 4964 1179 4973 -
1206 4940 1247 4992 33.
1265 4941 1413 5005 supplicatio
1428 4940 1621 5006 meptatrotaans
1634 4940 1725 5007 spuria

403 5035 464 5074 esse
480 5021 582 5086 primus
592 5017 658 5068 vidit
668 5015 807 5068 Manutius.
820 5041 848 5051 —
865 5015 1046 5080 raffrcptonon
1063 5013 1202 5062 Gamtonlo
1219 5015 1327 5064 auctore
1344 5016 1420 5068 uncis
1437 5013 1541 5067 inclusit
1557 5016 1577 5067 0
1591 5043 1617 5053 -
1637 5017 1678 5070 26.
1689 5015 1726 5065 st—

402 5096 456 5148 mc
469 5101 499 5147 ut
514 5099 537 5144 et
553 5093 641 5157 qetE,
660 5091 721 5142 tort.
739 5090 812 5140 dmm
827 5094 902 5152 atque
913 5090 969 5153 pat,
988 5088 1021 5139 cl.
1034 5087 1193 5150 Madvigium
1210 5089 1244 5140 ad
1255 5091 1309 5145 Cic.
1323 5089 1357 5142 de
1372 5091 1444 5142 Fiuu.
1458 5103 1485 5156 p.
1498 5089 1555 5142 203.
1569 5116 1598 5128 -
1616 5091 1656 5142 27.
1669 5104 1728 5142 con·

401 5172 565 5225 ³61de-
588 5169 730 5220 ¹·de-
752 5165 1170 5230 westmonasteriensem
1193 5165 1383 5229 cequeEO-
1404 5164 1724 5220 ³0.oeTE:ooc0-

403 5248 444 5300 et.
461 5245 626 5313 antepones
641 5245 661 5295 T
679 5267 707 5281 ·-
726 5240 767 5294 el.
781 5254 884 5307 gesepe
900 5242 929 5292 T.
