4009 6159
350 559 354 564 ’
396 537 478 607 libb
799 544 949 610 catulo
970 543 1050 610 PRO
1073 544 1112 623 Q.
1132 543 1298 609 LIGARIO

394 714 518 798 legatus
538 715 572 776 in
593 733 671 797 pace
692 716 849 798 profectus
871 723 936 792 est;
960 718 994 780 in
1016 716 1176 799 provincia
1196 714 1392 798 pacatissima
1413 716 1457 778 ita
1477 735 1512 779 se
1533 718 1645 798 gessit,
1673 725 1710 780 ut

396 809 425 871 ei
446 827 556 890 pacem
578 827 648 872 esse
670 811 843 892 expediret.
879 809 1035 874 Profectio
1057 817 1140 874 certo
1160 810 1300 872 animum
1321 816 1411 872 tuum
1424 829 1488 872 non
1503 809 1597 873 debet
1610 812 1709 875 otien-

396 901 479 964 dere.
520 901 601 964 Num
633 902 731 984 igitur
757 903 937 968 remansio?
968 904 1069 967 blulto
1090 903 1212 978 minus3
1242 921 1331 966 nam·
1343 903 1494 986 protectio
1515 903 1709 969 voluntatem

396 993 506 1057 babuit
526 1013 589 1057 non
610 1001 753 1078 turpem,
775 998 932 1060 remansio
953 999 1172 1061 necessitatem
1193 999 1287 1061 etiam
1308 997 1483 1062 honestam.
1526 997 1609 1080 Ergo
1630 999 1710 1063 baec

373 1087 459 1152 uduo
480 1095 623 1172 tempora
645 1096 750 1154 carent
772 1093 920 1155 cumina:
942 1112 1050 1166 unum,
1072 1110 1142 1155 cum
1161 1097 1210 1154 est
1229 1091 1352 1173 legatus
1372 1090 1544 1174 proiectus,
1564 1093 1708 1166 alterum,

396 1201 468 1245 cum
489 1181 676 1266 efflagitatus
698 1203 716 1247 a
738 1186 900 1267 provincia
921 1185 1120 1267 praepositus
1133 1185 1256 1248 Africae
1277 1193 1334 1248 est.
1376 1183 1407 1247 5.
1424 1186 1564 1248 Tertium
1584 1194 1709 1269 tempus

395 1285 460 1351 est,
482 1277 566 1359 quod
590 1285 663 1360 post
683 1277 850 1342 adventum
866 1279 940 1342 Vari
960 1279 993 1341 in
1012 1278 1117 1344 Africa
1137 1279 1272 1352 restitit,
1294 1278 1381 1362 quod
1395 1280 1421 1342 si
1436 1285 1485 1342 est
1498 1280 1709 1354 criminosum,

396 1371 591 1436 necessitatis
613 1373 731 1437 crimen
753 1381 820 1448 est,
842 1392 907 1437 non
927 1375 1107 1439 voluntatis.
1143 1379 1192 1440 An
1213 1376 1284 1451 ille,
1306 1376 1332 1439 si
1353 1375 1510 1459 potuisset
1528 1372 1594 1437 ullo
1616 1375 1709 1438 modo

396 1464 547 1540 evadere,
576 1467 682 1531 Uticae
712 1487 807 1550 quam
836 1469 968 1544 Romae,
998 1489 1069 1532 cum
1089 1471 1123 1534 P.
1144 1473 1229 1535 attio
1251 1491 1346 1555 quam
1367 1490 1438 1534 cum
1460 1469 1711 1534 concordissimis

360 1574 387 1624 to
395 1557 558 1636 fratribus,
580 1582 650 1625 cum
672 1562 783 1625 alienis
803 1583 872 1626 esse
895 1582 1083 1646 quamvcum
1105 1568 1172 1628 suis
1194 1565 1376 1629 maluisset?
1407 1565 1486 1628 Cum
1506 1565 1576 1647 ipsa
1596 1563 1711 1647 legatio

396 1652 491 1736 plena
523 1654 673 1719 desiderii
705 1676 741 1719 ac
774 1655 995 1721 sollicitudinis
1024 1657 1137 1722 fuisset
1164 1666 1293 1743 propter
1316 1659 1533 1722 incredibilem
1554 1657 1711 1741 quendam

395 1745 526 1810 lratmm
548 1769 705 1826 amorem,
731 1751 783 1814 bic
805 1769 906 1834 aequo
928 1752 1032 1815 aniano
1056 1772 1125 1816 esse
1147 1752 1266 1841 potuit',
1294 1754 1370 1817 belli
1391 1752 1523 1816 discidio
1545 1750 1712 1816 distractus

396 1839 609 1906 airatribus‘t

480 1933 510 1998 6.
533 1937 659 2002 Nullum
680 1939 776 2022 igitur
796 1939 910 2015 babes,
932 1940 1056 2015 Caesar,
1078 1941 1182 2006 adbuc
1203 1944 1236 2004 in
1251 1941 1292 2017 Q.
1306 1941 1433 2025 Ligario
1451 1939 1576 2023 signum
1590 1942 1711 2007 alienae

343 2045 416 2106 sisu
437 2035 468 2091 te
489 2029 676 2122 voluntatis3
703 2034 793 2098 cuius
815 2055 874 2118 ego
898 2053 1040 2109 causam,
1067 2036 1298 2110 animadverte,
1326 2054 1461 2118 quaeso,
1490 2055 1553 2118 qna
1574 2033 1636 2100 lide
1657 2037 1713 2102 de-

396 2119 540 2186 fendam:
561 2127 662 2208 prodo
685 2147 797 2191 meam.
832 2129 859 2192 Ο
881 2128 1078 2198 clementiam
1099 2131 1317 2194 admirabilem
1337 2137 1433 2214 atque
1447 2130 1587 2194 omnium
1608 2130 1711 2205 lande,

397 2215 645 2296 praedicatione,
667 2220 780 2285 litteris
801 2223 1079 2307 monumentisque
1101 2224 1325 2288 decorandaml
1349 2224 1428 2287 Cum
1442 2226 1482 2286 bl.
1500 2223 1609 2286 Cicero
1626 2224 1711 2307 apud

397 2315 428 2373 te
450 2309 607 2388 defendit,
629 2314 725 2377 alium
748 2316 780 2378 in
803 2335 839 2378 ea
862 2314 1023 2378 voluntate
1043 2336 1109 2380 non
1129 2317 1245 2396 fuisset,
1267 2321 1383 2402 inqua
1404 2339 1438 2381 se
1461 2319 1563 2401 ipsum
1584 2315 1713 2381 conlite-

398 2410 449 2467 tur
475 2405 588 2483 baisse,
617 2427 675 2471 nec
706 2417 775 2472 tuus
802 2409 912 2473 tacitas
935 2410 1142 2494 cogitationes
1163 2414 1354 2487 extimescit,
1382 2432 1457 2486 neo,
1485 2411 1561 2494 quid
1587 2412 1645 2473 tibi
1672 2411 1711 2474 dc

361 2499 460 2564 toalio
482 2500 623 2564 audienti
647 2502 686 2566 de
709 2523 743 2567 se
765 2504 836 2587 ipso
858 2511 1015 2579 occurrat,
1037 2504 1229 2569 reformidat.
1271 2507 1325 2568 lll.
1347 2507 1444 2580 Vide,
1466 2524 1560 2588 quarn
1579 2525 1644 2568 non
1664 2527 1713 2568 re·

397 2594 582 2674 formidem
604 2599 686 2673 vide,
709 2606 825 2682 quanta
847 2600 903 2661 lux
924 2598 1117 2662 liberalitatis
1139 2607 1171 2662 et
1192 2600 1364 2684 sapientiae
1385 2608 1459 2662 tuae
1480 2599 1557 2662 mibi
1578 2600 1659 2683 apud
1681 2609 1712 2663 te

397 2688 511 2754 dicenti
539 2692 718 2756 oboriatur:
754 2700 905 2778 quantum
933 2701 1045 2776 potero
1077 2713 1154 2757 voce
1183 2694 1388 2768 contendam,
1420 2702 1457 2756 ut
1488 2694 1550 2756 boc
1576 2695 1712 2777 populus

396 2781 555 2850 Romanus
583 2789 751 2852 exaudiat:
781 2789 935 2870 Suscepto
962 2787 1062 2861 bello,
1090 2787 1220 2862 Caesar,
1248 2795 1336 2870 gesto
1359 2787 1453 2850 etiam
1476 2807 1517 2850 ex
1538 2797 1627 2870 parte
1649 2809 1715 2851 ma·

397 2898 474 2962 gna,
502 2882 589 2945 nulla
609 2884 641 2946 vi
662 2890 805 2958 coactus,
831 2883 949 2946 iudicio
971 2902 1008 2945 ac
1028 2882 1190 2945 voluntate
1216 2880 1314 2944 adea
1339 2900 1425 2966 arma
1451 2881 1608 2965 proiectus
1633 2903 1713 2957 sum,

359 2987 479 3056 atquae
501 2984 591 3039 erant
612 2984 736 3060 sumpta
761 2982 869 3042 contra
889 2984 931 3040 te.
968 2973 998 3038 7.
1020 2974 1112 3058 Apud
1142 2995 1236 3059 quem
1266 2975 1361 3057 igitur
1381 2974 1443 3036 boc
1466 2974 1559 3037 dicct
1594 2977 1713 3059 Nempe

396 3070 480 3152 apud
502 3090 589 3146 eum,
612 3073 683 3155 qui,
704 3091 776 3135 cum
798 3071 859 3134 boc
881 3071 993 3144 sciret,
1023 3077 1128 3133 tamen
1149 3090 1216 3142 me,
1238 3076 1408 3151 antequam
1429 3064 1523 3141 vidit,
1544 3070 1590 3132 rei
1612 3071 1714 3153 publi-

397 3182 451 3225 cae
472 3163 623 3242 reddidit;
652 3166 708 3250 qui
730 3165 769 3230 ad
792 3185 841 3228 me
863 3185 904 3226 ex
925 3166 1068 3248 Aegypto
1089 3163 1208 3227 litteras
1230 3163 1329 3238 misit,
1359 3169 1396 3224 ut
1421 3181 1522 3225 essem
1548 3162 1631 3225 idem
1659 3164 1713 3247 qui

395 3256 543 3336 tuissem3
571 3261 642 3344 qui,
670 3280 741 3324 eum
769 3260 838 3342 ipse
860 3260 1084 3341 imperatorin
1105 3265 1171 3322 toto
1193 3258 1324 3342 imperio
1347 3256 1458 3340 populi
1478 3257 1611 3321 Romani
1631 3278 1714 3322 unus

397 3362 496 3427 esset,
518 3375 587 3420 esse
609 3375 660 3418 me
681 3355 813 3418 alterum
835 3373 947 3436 passus
969 3359 1034 3428 est;
1055 3373 1172 3437 aquo,
1193 3354 1254 3417 boc
1275 3353 1345 3436 ipso
1368 3352 1401 3415 C.
1417 3353 1518 3415 Pansa
1537 3350 1614 3413 mibi
1634 3373 1715 3415 nun-

360 3450 475 3512 eotium
504 3448 697 3530 perferente,
726 3467 890 3511 concessos
918 3446 1020 3511 fasces
1040 3447 1198 3510 laureatos
1220 3448 1323 3520 tenui,
1352 3444 1458 3530 quoad
1480 3445 1634 3509 tenendos
1656 3466 1716 3530 pu·

397 3543 477 3618 tavi;
507 3541 561 3625 qui
589 3541 666 3604 mibi
695 3548 761 3604 tum
791 3541 928 3624 denique
957 3562 991 3604 se
1013 3541 1145 3605 salutem
1168 3541 1288 3625 putavit
1308 3540 1457 3615 reddere,
1482 3541 1507 3602 si
1529 3559 1597 3603 eam
1619 3542 1715 3604 nullis

399 3636 564 3719 spoliatam
593 3636 785 3700 ornamentis
813 3635 963 3699 dedisset.
1007 3633 1036 3698 8.
1058 3637 1155 3709 vide,
1185 3655 1319 3718 quaeso,
1348 3635 1493 3709 Tubero,
1520 3642 1570 3708 ut,
1599 3636 1715 3718 quide

463 3973 487 4022 t.
505 3977 540 4022 est
556 3974 590 4022 G:
610 3983 662 4021 om.
681 3971 739 4022 ΕΟ.
765 3969 803 4021 Cl.
821 3971 991 4033 anonymum
1008 3970 1033 4020 in
1051 3969 1255 4020 zimmermanni
1272 3969 1362 4019 Dissio
1378 3968 1460 4031 Antiq.
1479 3969 1551 4021 ⁴837.
1570 3983 1597 4035 p.
1614 3971 1670 4021 646.
1685 3998 1712 4008 -

398 4047 714 4112 6.cicust(toaitctusc
734 4074 761 4084 -
780 4046 1087 4113 tempaoertquodGE:
1106 4046 1364 4110 tempusquidcmffl
1384 4046 1668 4109 esttsmpiuqooo-
1688 4047 1713 4095 Ἰ.

398 4118 480 4184 asdod
498 4124 518 4173 G
537 4149 564 4160 -
583 4124 649 4186 quod
665 4135 718 4173 om.
738 4123 756 4174 C
777 4148 804 4158 —
823 4122 847 4172 8.
864 4122 915 4171 uilo
932 4123 996 4172 GE:
1021 4123 1089 4172 iitiac
1103 4124 1154 4174 ulio
1170 4123 1190 4171 0
1210 4147 1236 4158 —
1263 4122 1287 4172 9.
1308 4122 1392 4171 Uticae
1408 4119 1513 4172 GE¹Cz
1537 4122 1621 4171 diosa
1634 4122 1716 4183 potius

398 4193 457 4248 Euo
476 4223 503 4236 ·-
523 4198 562 4250 tl.
581 4198 669 4264 adbuc]
692 4211 826 4263 superscr.
848 4197 942 4248 mmcd
964 4199 989 4248 in
1011 4199 1030 4247 E
1054 4225 1081 4235 -—
1106 4199 1147 4248 ⁴5.
1165 4209 1256 4259 quasso
1274 4209 1326 4246 om.
1345 4199 1362 4245 S
1380 4223 1408 4232 -
1433 4197 1473 4246 46.
1491 4196 1601 4245 cossiano
1617 4195 1713 4246 GEC:

399 4273 503 4323 omnio
521 4299 548 4309 -
567 4275 607 4324 Π.
626 4275 795 4324 lidmisGE:
818 4273 945 4333 litaris03
970 4275 1077 4324 itemv.
1095 4274 1136 4324 il.
1157 4299 1184 4310 -
1201 4273 1339 4322 cumGE:
1358 4285 1411 4322 om.
1430 4273 1450 4321 0
1468 4299 1496 4310 -
1515 4273 1555 4321 49.
1572 4273 1717 4333 aequidt}

400 4374 427 4385 -
446 4347 487 4398 22.
506 4347 602 4399 dicem
618 4350 696 4401 GEC
712 4375 739 4386 -
757 4348 890 4399 mouetur
906 4349 925 4399 C
939 4373 966 4386 ·-
986 4353 1107 4411 qudeim
1120 4353 1207 4411 potero
1216 4375 1254 4386 --
1263 4352 1337 4410 parts
1351 4361 1445 4412 mepta
1458 4347 1535 4398 alleri
1545 4346 1716 4407 Quintilianus

398 4423 444 4484 Xl,
463 4422 491 4486 3,
510 4425 566 4474 466.
586 4451 614 4462 -
632 4424 699 4490 occa]
716 4435 850 4488 superscr.
868 4423 1026 4487 formidinem
1042 4425 1068 4474 in
1085 4425 1105 4474 E
1125 4451 1152 4460 -
1169 4430 1198 4473 ut
1212 4425 1257 4474 boc
1271 4438 1297 4486 p.
1316 4438 1339 4473 r.
1352 4423 1426 4474 ds:
1444 4428 1472 4473 st
1487 4424 1532 4473 boc
1547 4437 1570 4472 r.
1586 4436 1613 4485 p.
1626 4421 1671 4483 (3²,
1688 4429 1719 4473 ut

396 4498 502 4561 populus
517 4499 557 4548 tic
572 4501 601 4550 a.
621 4501 654 4561 C;
672 4505 700 4550 ut
714 4501 821 4562 populus
836 4499 881 4549 too
898 4501 1022 4550 Bormum
1038 4499 1058 4548 0
1075 4510 1137 4549 cum
1154 4497 1325 4558 Quintiliano;
1343 4498 1497 4549 Wunderus
1511 4498 1557 4548 boc
1573 4495 1717 4549 delendum

399 4577 500 4625 censet.
516 4600 543 4610 -
562 4576 602 4626 23.
621 4581 730 4637 accepto
748 4575 808 4627 betto
818 4600 855 4611 --
866 4579 955 4624 ecutm
970 4581 993 4625 te
1010 4575 1087 4625 allert
1098 4573 1270 4635 Quintilianus
1282 4574 1328 4632 tx,
1347 4575 1372 4633 2,
1387 4575 1434 4634 283
1452 4578 1607 4635 acepta„
1617 4577 1719 4622 coactus

400 4647 478 4699 lulius
498 4649 650 4701 Rufinianus
675 4651 704 4701 da
725 4653 769 4716 (tp.
791 4655 852 4701 sest.
874 4655 898 4700 et
918 4650 977 4700 stoc.
996 4649 1011 4713 5
1028 4649 1068 4700 33.
1092 4676 1119 4685 -
1147 4650 1230 4712 ettam]
1247 4649 1299 4698 idm
1315 4650 1392 4698 uim
1408 4648 1578 4710 Quintilianus
1594 4648 1718 4711 (utroque

399 4724 475 4785 loco).
496 4752 524 4762 -
545 4730 619 4788 porte
634 4739 729 4790 mepta
745 4728 807 4787 GE,
833 4725 1005 4787 Quintilianus
1022 4726 1144 4789 (utroque
1162 4723 1243 4787 loco),
1262 4724 1428 4775 Rufinianus:
1451 4735 1546 4787 mopere
1559 4723 1669 4784 parido
1688 4750 1716 4759 -

398 4799 439 4851 at.
452 4801 542 4851 iudicio
559 4813 590 4851 oc
604 4801 731 4852 volumtate
742 4803 800 4852 GE:
820 4803 850 4852 de
864 4802 956 4852 iudicio
972 4815 1026 4851 meo
1042 4806 1065 4851 st
1080 4801 1205 4850 solicitata
1216 4801 1250 4859 C;
1268 4801 1369 4849 comdio
1386 4813 1417 4848 ac
1432 4799 1557 4848 caiuma
1568 4812 1625 4850 mco
1636 4799 1718 4858 Quin-

398 4875 510 4926 tilianus.
531 4901 555 4913 -
577 4877 612 4926 ad
627 4889 658 4926 eo
674 4887 748 4925 amco
759 4881 894 4925 --coutrc
911 4881 934 4926 ta
950 4875 1027 4927 alleri
1041 4874 1184 4926 Diomedes
1200 4888 1228 4940 p.
1245 4873 1302 4934 468,
1320 4875 1361 4924 tt.
1379 4901 1406 4909 —
1424 4875 1466 4925 95.
1483 4874 1589 4935 nancto]
1606 4877 1719 4935 accepta

399 4951 549 5002 Diomedes.
571 4977 597 4987 -
615 4951 687 5014 Apud
703 4964 775 5013 quem
785 4977 822 4988 -·
832 4951 870 5000 rei
883 4964 910 5013 p.
927 4950 1035 5001 reddidit
1052 4949 1164 4999 afferunt
1181 4947 1351 5009 Quintilianus
1368 4949 1410 5009 lx,
1428 4949 1453 5008 2,
1471 4946 1504 4998 tt
1520 4952 1547 4999 et
1563 4953 1661 5000 Auctor
1675 4950 1718 4999 in·

400 5029 489 5080 certus
509 5027 535 5078 in
551 5026 652 5078 anecd.
670 5027 752 5077 Paris.
771 5025 813 5076 ed.
832 5025 918 5076 Eckst.
937 5039 964 5090 p.
982 5024 1024 5085 93,
1042 5025 1068 5074 b.
1086 5050 1114 5059 —
1138 5023 1179 5073 28.
1197 5026 1240 5085 qut
1258 5037 1311 5086 me,
1334 5037 1390 5074 euin
1406 5025 1458 5086 ipsa
1473 5023 1610 5086 mentor
1625 5028 1652 5076 ta
1667 5030 1717 5074 tato

400 5102 458 5154 orbs
474 5103 503 5153 li.
519 5115 584 5152 uuus
600 5105 673 5162 meet,
695 5113 745 5151 csse
761 5101 903 5151 stamme
923 5126 950 5134 —
972 5100 1014 5150 99.
1031 5099 1146 5149 nostium
1162 5099 1227 5148 GE:
1252 5099 1316 5148 tuuc
1337 5099 1452 5148 amoses
1467 5098 1514 5149 CS
1532 5127 1559 5137 -
1581 5100 1621 5151 39.
1638 5100 1719 5163 fasces

401 5179 527 5230 tauram
541 5177 655 5242 tomuli
674 5203 701 5212 -
720 5177 760 5228 34.
778 5177 884 5228 salutm
899 5176 960 5227 sec
981 5201 1008 5213 -
1031 5177 1133 5226 reddere
1149 5177 1215 5226 GE:
1240 5176 1301 5226 dore
1317 5177 1367 5226 CO
1385 5200 1412 5212 -
1432 5174 1472 5225 32.
1494 5174 1718 5225 Vida--cudoom

403 5255 483 5306 dicere
499 5253 546 5320 (sic
561 5267 610 5322 pro
626 5251 745 5320 conflat)
764 5252 840 5304 affert
857 5250 1027 5316 Quintilianus
1042 5251 1074 5314 V,
1092 5252 1133 5314 to,
1151 5249 1192 5305 93.
1213 5277 1240 5288 -
1258 5263 1350 5318 quaem
1366 5261 1406 5300 cu
1423 5248 1515 5302 lbbsro
1530 5249 1561 5301 C.
