4009 6159
641 617 716 682 cn.
737 615 1061 682 xxxo-xxxin.
1088 615 1134 701 §l
1157 613 1303 682 ee-so.
1550 607 1632 677 4444

311 789 438 853 decreta
457 787 666 871 perfregerat,
687 787 822 871 pecunia
845 807 879 851 se
900 807 920 851 a
940 787 1096 852 iudicibus
1117 786 1220 872 palam
1234 785 1427 861 redemerat,
1448 790 1578 849 vexartu
1598 783 1632 847 iu

310 882 471 947 tribunatu
499 889 658 955 senatum,
689 882 830 944 omnium
859 881 1006 945 ordinum
1035 900 1191 944 consensu
1218 901 1275 965 pro
1298 881 1399 944 salute
1420 879 1632 962 reipublicae

310 983 399 1061 gesta
418 973 605 1051 resciderat,
627 995 678 1040 me
699 976 801 1058 patria
823 976 998 1060 expulerat,
1019 976 1102 1040 bona
1124 975 1311 1059 diripuerat,
1334 974 1463 1037 domum
1484 973 1634 1038 incende·
1771 1044 1786 1054 ,

309 1077 373 1143 rat,
393 1067 525 1142 liberos,
549 1069 714 1152 coniugem
736 1088 837 1155 meam
859 1078 1006 1144 vexarat,
1030 1069 1085 1131 Cn.
1100 1070 1250 1151 Pompeio
1270 1067 1425 1132 nefarium
1445 1065 1564 1131 bellum
1586 1065 1634 1127 in·
1755 1064 1809 1144 js

309 1163 443 1236 dixerat,
465 1163 704 1244 magistratuum
721 1164 980 1247 priuatorumque
995 1165 1109 1226 caedes
1124 1164 1286 1237 effecerat,
1309 1161 1436 1226 domum
1451 1163 1514 1225 mei
1528 1158 1657 1223 fratrisl

308 1254 506 1329 incenderat,
534 1263 672 1320 vastarat
698 1258 873 1330 Etruriam,
900 1257 1016 1320 multos
1039 1257 1166 1321 sedibus
1188 1276 1225 1320 ac
1246 1255 1381 1319 fortunis
1404 1257 1556 1329 eiecerat;
1584 1253 1634 1314 in·

309 1351 424 1424 stabat,
447 1350 730 1433 urgebat;(caperc
752 1350 820 1413 eius
842 1352 1010 1414 amentiam
1034 1351 1161 1425 civitas,
1191 1349 1295 1425 ltalia,
1316 1349 1514 1433 provinciae,
1537 1363 1634 1430 regua

308 1463 374 1507 non
395 1441 561 1533 poterant)
580 1443 803 1507 incidebantur
823 1445 886 1508 iam
908 1445 994 1507 domi
1017 1446 1117 1528 leges,
1142 1463 1223 1527 quae
1245 1463 1303 1507 noa
1326 1444 1427 1506 servis
1447 1443 1564 1507 nostris
1578 1439 1634 1504 ad·
1721 1401 1812 1514 ff*

308 1538 468 1611 dicereut3
497 1537 576 1599 nibil
598 1545 665 1600 erat
687 1538 891 1622 cuiusquam,
914 1538 1001 1621 quod
1024 1537 1152 1622 quidem
1171 1537 1225 1601 ille
1246 1535 1438 1611 adamasset,
1461 1535 1548 1621 quod
1569 1551 1634 1597 non

307 1632 369 1695 boc
401 1651 484 1696 anno
516 1651 608 1693 suum
639 1631 707 1696 lore
735 1640 868 1714 putaret
910 1629 962 1693 88.
993 1631 1148 1695 obstabat
1175 1633 1244 1695 eius
1273 1630 1514 1713 cogitationibus
1540 1639 1671 1690 remoto

308 1733 433 1810 praeter
453 1725 614 1788 blilonem.
648 1725 740 1788 Illum
762 1729 883 1810 ipsum,
905 1727 961 1810 qui
983 1727 1107 1789 obstare
1129 1732 1265 1809 poterat,
1288 1745 1371 1788 novo
1393 1725 1497 1788 reditu
1511 1722 1545 1784 in
1565 1739 1634 1802 gra-

308 1822 384 1884 tiam
406 1820 497 1904 quasi
520 1820 702 1882 devinctum
730 1820 956 1896 arbitrabatur;
987 1819 1130 1883 Caesaris
1151 1821 1325 1903 potentiam
1347 1837 1435 1882 suam
1459 1833 1527 1880 esse
1550 1812 1635 1876 dice-

308 1916 379 1989 bat3
408 1914 565 1978 bonorum
594 1914 718 1977 animoa
748 1915 781 1976 in
809 1933 880 1976 meo
907 1931 981 1977 casu
1002 1919 1253 1995 contempserat:
1285 1912 1361 1975 ldilo
1388 1927 1472 1974 unus
1493 1906 1635 1990 urgebat.

307 2009 456 2071 XXXIII.
477 2007 537 2070 llic
566 2007 599 2069 di
628 2007 839 2082 Immortales,
867 2017 904 2071 ut
924 2028 1022 2092 snpra
1042 2007 1127 2081 dixi,
1157 2013 1293 2071 mentem
1314 2005 1362 2068 illi
1383 2004 1505 2088 perdito
1527 2021 1565 2065 ac
1584 1999 1635 2062 fu·

223 2093 226 2098 ’
306 2105 393 2168 rioso
419 2101 593 2174 dederunt,
623 2109 659 2163 ut
688 2101 764 2164 buic
792 2100 910 2165 faceret
934 2102 1077 2165 insidias.
1114 2101 1212 2164 Aliter
1238 2100 1342 2184 perire
1369 2097 1467 2183 pestis
1494 2095 1550 2159 illa
1569 2109 1671 2157 nonu

308 2197 426 2282 potuit;
447 2215 621 2278 numquam
642 2195 732 2258 illum
753 2215 804 2258 res
826 2196 953 2279 publica
974 2215 1033 2259 suo
1053 2197 1122 2258 iure
1144 2202 1229 2258 esset
1249 2194 1324 2257 ulta.
1362 2195 1507 2266 Senatus,
1528 2187 1634 2254 medo·

307 2296 487 2376 praetorem
510 2309 583 2352 eum
604 2289 913 2373 circumscripsisset.
954 2291 1001 2352 Ne
1024 2309 1094 2352 cum
1117 2287 1237 2352 solebat
1258 2287 1388 2372 quidem
1409 2287 1442 2350 id
1464 2286 1578 2358 iacere,
1600 2284 1633 2345 in

306 2387 428 2472 privato
461 2384 574 2447 eodem
607 2383 668 2447 boc
704 2383 826 2467 aliquid
861 2383 1048 2464 profecerat
1097 2379 1147 2444 89.
1176 2383 1224 2444 An
1252 2381 1397 2444 consules
1425 2381 1458 2444 in
1490 2385 1634 2464 praetere

306 2478 486 2544 coercendo
507 2476 607 2541 fortes
621 2477 779 2540 fuissent?
801 2478 938 2540 Primum
952 2477 1072 2539 Milone
1087 2477 1191 2540 occiso
1205 2474 1370 2540 habuisset
1383 2497 1456 2540 suos
1471 2471 1634 2544 consulem

307 2571 423 2637 deinde
445 2571 518 2654 quis
539 2572 573 2634 in
595 2591 632 2634 eo
655 2578 800 2653 praetore
821 2571 933 2634 consul
954 2567 1043 2634 fortis
1066 2578 1166 2645 essct,
1196 2591 1253 2654 per
1275 2589 1370 2654 quem
1390 2569 1551 2634 tribunum
1572 2565 1671 2629 vir-ao

308 2675 405 2730 tutem
435 2664 634 2728 consularem
663 2663 881 2727 crudelissime
902 2671 1048 2727 vexatam
1070 2684 1141 2728 esse
1162 2664 1383 2728 meminisset?
1417 2660 1636 2745 Oppressisset

308 2759 430 2830 omnia,
452 2757 648 2841 possideret,
670 2759 901 2842 teneret31ege
922 2778 1006 2823 nora
1030 2755 1125 2842 [quae
1147 2767 1195 2821 est
1217 2758 1344 2822 inventa
1365 2757 1450 2841 apud
1472 2773 1634 2819 eumcum

306 2853 439 2937 reliquis
461 2851 585 2933 legibus
605 2844 777 2934 Clodianis]
799 2871 907 2916 servos
922 2860 1047 2916 nosnos
1062 2851 1194 2916 libertos
1209 2870 1282 2915 suos
1296 2850 1441 2928 iecisset3
1463 2856 1635 2933 postremo,

306 2949 368 3012 nisi
390 2966 463 3009 eum
486 2943 519 3007 di
540 2945 735 3008 immortales
756 2945 790 3007 in
812 2964 881 3009 eam
904 2953 1044 3010 mentem
1065 2945 1277 3031 impulissent,
1301 2953 1337 3008 ut
1356 2945 1454 3009 bomo
1474 2942 1634 3006 effemina-

307 3049 358 3105 tus
385 3038 592 3104 fortissimum
622 3039 724 3102 virum
751 3046 917 3104 conaretur
939 3041 1100 3114 occidere,
1129 3039 1227 3102 bodie
1247 3059 1313 3103 rem
1335 3039 1495 3124 publicam
1515 3034 1672 3100 nullarum

305 3133 472 3198 baberetis.
516 3129 568 3192 90.
588 3133 639 3194 Au
660 3132 717 3194 ills
739 3139 881 3215 praetor,
911 3134 966 3199 ille
987 3153 1062 3197 vero
1087 3134 1216 3208 consul,
1249 3135 1277 3198 si
1299 3134 1394 3198 modo
1416 3133 1495 3197 haec
1516 3129 1635 3212 templa

305 3234 402 3311 atque
424 3227 495 3310 ipsa
516 3226 643 3289 moenia
664 3234 746 3290 stare
769 3247 807 3290 eo
829 3229 901 3291 rivo
924 3236 990 3291 tam
1012 3228 1067 3292 diu
1089 3237 1120 3290 et
1141 3228 1338 3291 consulatum
1360 3229 1428 3292 eius
1452 3232 1634 3308 exspectare

305 3321 498 3406 potuissent,
526 3321 583 3384 ille
611 3321 752 3404 denique
777 3322 869 3384 vivum
897 3323 971 3385 mali
993 3322 1073 3386 nibil
1095 3323 1238 3398 iecisset,
1266 3324 1322 3405 qui
1343 3331 1485 3387 mortuus
1506 3338 1571 3383 uuo
1593 3339 1634 3381 ex

306 3416 370 3479 suis
392 3415 579 3478 satellitibus
610 3413 696 3498 [Sex.
719 3411 842 3500 Clodio]
865 3417 946 3478 duce
969 3416 1087 3479 curiam
1110 3415 1312 3479 incenderit?
1346 3417 1418 3493 Quo
1441 3415 1519 3500 quid
1540 3413 1635 3476 mise·

305 3515 392 3584 rius,
414 3509 491 3592 quid
513 3510 675 3584 acerbius,
699 3509 777 3594 quid
800 3511 973 3574 luctuosius
994 3510 1153 3574 vidimus?
1182 3512 1335 3594 templum
1357 3509 1547 3584 sanctitatis,
1569 3523 1671 3571 am-ao

305 3603 486 3686 plitudinis,
509 3605 636 3678 mentis,
659 3604 782 3668 consilii
806 3605 940 3699 publici,
962 3613 1059 3688 caput
1080 3605 1179 3679 urbis,
1202 3625 1288 3668 aram
1311 3606 1487 3679 sociorum,
1509 3611 1634 3686 portum

305 3699 445 3761 omnium
475 3699 633 3780 gentium,
661 3700 769 3763 sedem
801 3701 840 3769 ab
863 3701 1012 3763 uniuerso
1035 3700 1156 3783 populo
1180 3719 1360 3764 concessam
1383 3700 1439 3762 uui
1462 3697 1564 3762 ordini
1587 3698 1634 3760 iu-

305 3793 477 3865 flammari,
511 3792 672 3867 exscindi,
705 3794 879 3869 funestari,
911 3813 1017 3879 neque
1044 3794 1076 3856 id
1104 3790 1172 3858 lieri
1200 3814 1218 3857 a
1246 3793 1451 3868 multitudine
1478 3794 1634 3876 imperita,

305 3905 497 3970 quamquam
520 3894 605 3949 esset
625 3888 774 3951 miserum
797 3887 829 3950 id
851 3888 966 3971 ipsum,
990 3887 1046 3951 sed
1072 3889 1110 3952 ab
1127 3889 1210 3951 unol
1234 3888 1385 3964 Quicum
1402 3895 1524 3954 tantum
1537 3907 1633 3951 ausus

305 3981 347 4042 sit
367 3986 458 4043 ustor
478 3999 536 4063 pro
558 3988 700 4055 mortuo,
723 3982 801 4064 quid
824 3982 955 4065 signifer
976 4002 1034 4064 pro
1049 3984 1123 4045 vivo
1144 4002 1209 4045 non
1224 3990 1307 4046 esset
1323 3987 1443 4046 ausus?
1465 3985 1502 4046 ln
1516 3983 1670 4046 curiamau

304 4072 503 4157 potissimum
531 4074 660 4148 abiecit,
690 4085 723 4139 ut
754 4095 824 4137 eam
855 4083 996 4139 mortuus
1019 4077 1219 4152 incenderet,
1242 4097 1336 4161 quam
1357 4078 1448 4142 rivin
1470 4085 1633 4140 everterat

370 4326 394 4375 t.
413 4325 479 4376 oS:
497 4338 552 4374 om.
570 4325 619 4376 TE
643 4353 668 4362 -
692 4327 718 4378 3.
734 4328 847 4390 patrium
864 4329 882 4378 Ρ
900 4354 928 4363 -
947 4326 971 4380 4.
988 4333 1098 4378 omarus
1115 4329 1147 4379 P:
1166 4328 1398 4380 maculas
1416 4355 1443 4364 -
1462 4329 1633 4380 induraret?

305 4424 332 4436 -
346 4401 371 4451 5,
391 4399 577 4464 444944νωὶ444
593 4400 613 4449 Τ
627 4427 654 4437 —·
672 4401 697 4450 4.
715 4415 804 4464 supere
819 4403 839 4452 E
858 4428 885 4438 -
904 4403 928 4453 8.
947 4401 1321 4454 oddeoomor--oddicereat
1341 4403 1423 4455 babet
1439 4407 1460 4456 Α
1474 4431 1501 4442 -
1519 4405 1572 4470 noa]
1589 4419 1635 4456 nor

302 4476 1634 4542 iomX-scruirooslrtaPEA82oostriracraisT0-tt.ittornipsasnPTES:lpnimiltran
1818 4533 1821 4540 ,
1912 4520 1914 4528 ,

302 4552 362 4601 0-
380 4549 591 4613 obddmpotcrot
606 4551 640 4600 P:
657 4556 756 4614 potam
772 4551 869 4603 cbston
885 4553 1027 4606 Tuso-
1048 4555 1087 4604 42.
1101 4553 1223 4606 4444444444
1239 4554 1351 4605 TES-
1369 4567 1442 4604 somn
1457 4555 1542 4606 PCS:
1560 4568 1633 4606 suom
1715 4547 1721 4558 '

299 4627 437 4690 potentiam
456 4626 504 4676 TE
523 4651 551 4661 -
569 4623 673 4676 ducebat
689 4627 794 4678 Bakius.
814 4655 842 4665 -
861 4629 903 4680 43.
919 4631 948 4679 in
964 4629 1081 4680 PTES:
1100 4630 1175 4680 ctiam
1191 4631 1218 4678 in
1235 4631 1255 4681 0
1272 4657 1304 4668 -
1322 4628 1362 4681 44.
1381 4629 1407 4680 di
1422 4633 1456 4682 P:
1478 4631 1514 4680 dii
1529 4630 1632 4682 TESO

305 4730 332 4741 —
351 4702 393 4752 ts.
410 4700 489 4767 44444444]
510 4714 558 4764 por
576 4700 684 4752 44444444Ε
704 4728 729 4740 -
750 4703 1056 4768 Senatu-profecerat
1080 4703 1162 4756 babet
1178 4709 1199 4756 A
1218 4732 1245 4742 -
1270 4707 1310 4756 47.
1329 4705 1548 4769 circumscripsisse
1564 4709 1585 4758 Δ
1604 4732 1632 4746 -
1661 4725 1666 4731 ·

302 4790 347 4828 eac
365 4790 423 4827 curn
439 4777 473 4835 E;
500 4789 530 4826 ns
551 4782 605 4826 tum
624 4777 646 4826 Α
668 4799 697 4812 -
723 4775 820 4828 vectat
835 4780 932 4832 Bakina
950 4807 977 4817 -
997 4781 1037 4832 48.
1052 4781 1195 4844 profecerat
1211 4794 1264 4832 om.
1283 4782 1308 4832 in
1326 4779 1421 4834 lacuna
1437 4781 1459 4832 Α
1477 4806 1505 4816 -
1533 4781 1572 4831 ta.
1590 4795 1634 4831 cn-

302 4851 422 4902 lsrcendo
439 4851 486 4900 TE
501 4877 527 4887 -
546 4851 588 4900 24.
603 4852 759 4913 opprodsret
775 4865 829 4904 om.
847 4855 906 4904 Τ-
925 4855 966 4904 22.
986 4868 1051 4917 quoe
1067 4861 1102 4906 cat
1112 4881 1126 4893 -
1136 4881 1150 4892 -
1161 4855 1254 4919 lapibus
1270 4855 1395 4906 Clodianis
1410 4853 1567 4908 scholiastae
1586 4855 1634 4906 tri-

303 4924 361 4976 bnlt
377 4925 480 4978 mutus.
496 4951 523 4962 -
541 4925 582 4976 23.
599 4925 695 4988 ferret
709 4940 767 4977 auos
783 4929 802 4978 Τ
820 4953 847 4964 -
867 4927 909 4980 24.
927 4930 962 4979 dii
979 4931 1082 4981 TESO
1099 4955 1126 4965 —
1145 4930 1364 4992 tnpnlireessl-
1384 4931 1425 4982 26.
1443 4933 1474 4982 At
1488 4931 1529 4981 ills
1544 4932 1589 4982 TS
1603 4957 1630 4967 -

302 5001 343 5051 24.
361 5001 463 5049 moenio
479 5001 538 5050 T*
557 5000 598 5050 28.
617 5001 661 5062 pai
676 5002 710 5051 S:
729 5004 770 5052 cai
785 5003 819 5061 Ε;
838 5000 869 5053 cri
887 5004 948 5053 Τ-
966 5004 1008 5054 29.
1026 5006 1086 5055 Sec.
1106 5004 1189 5054 Clodio
1206 5006 1240 5055 S:
1259 5019 1293 5056 an
1308 5007 1433 5064 clodioT;
1451 5019 1485 5056 aa
1500 5005 1585 5056 clodio
1602 5007 1631 5056 E.

303 5075 444 5126 «AddItum
460 5088 558 5126 nomen
575 5089 628 5126 non
645 5074 732 5127 solum
749 5076 917 5138 abundabat,
943 5078 993 5129 aad
1011 5079 1063 5128 viru
1081 5080 1227 5130 sententiae
1245 5078 1448 5145 corrumpebat,
1467 5093 1536 5143 quae
1554 5081 1588 5130 ita
1606 5081 1632 5132 in

303 5148 500 5214 comparatione
517 5151 642 5215 principis
659 5151 818 5203 seditionum
836 5155 862 5204 et
878 5154 955 5204 unius
971 5151 1091 5204 satellitis
1108 5154 1192 5217 posita
1210 5157 1266 5214 est,
1284 5157 1313 5204 ut
1331 5155 1448 5217 generali
1465 5153 1631 5220 appellationi

302 5225 410 5289 propria
428 5223 489 5273 addi
508 5222 577 5274 nullo
595 5224 676 5276 modo
694 5228 803 5290 pocati.»
816 5228 926 5279 murro.
941 5254 967 5263 -
988 5229 1028 5278 34.
1047 5227 1113 5278 orbis
1126 5229 1145 5279 C
1159 5255 1186 5264 -
1206 5228 1246 5280 32.
1262 5229 1355 5294 popolo
1372 5230 1454 5280 TES:
1470 5231 1563 5295 popolo
1581 5231 1630 5280 llu-

301 5299 730 5366 moneo-3⁵.qatd]pnodlt.
