4009 6159
721 589 794 656 cn.
815 590 967 657 nr-rv.
994 588 1040 675 §a
1063 587 1188 657 s-io.
1527 587 1604 655 isos

296 782 348 826 ces
375 760 535 845 appellare
565 758 761 825 consuetudo
788 760 878 825 solet
925 757 955 824 8.
976 760 1100 824 liellum
1126 762 1316 847 inexpiabile
1343 762 1437 828 infert
1465 770 1613 847 quattuor

296 855 480 919 consulibus
500 875 584 919 unus
607 854 747 918 omnium
769 854 928 919 latronum
949 858 1162 933 taeterrimum
1191 858 1271 939 gerit
1297 857 1382 921 idem
1402 857 1519 921 bellum
1540 877 1612 920 oum

294 956 406 1014 senatu
426 949 611 1034 populoque
632 952 792 1024 llomau03
814 950 961 1014 omnihus
981 984 1023 999 -
1043 970 1234 1035 quamquam
1255 954 1319 1015 ruit
1338 954 1407 1035 ipse
1428 952 1494 1014 suis
1515 950 1613 1013 cladi·

293 1045 353 1108 bus
373 1078 417 1089 -
437 1052 573 1127 pestem,
603 1044 797 1119 vastitatem,
827 1045 1015 1120 cruciatum,
1044 1052 1198 1109 tormenta
1220 1047 1401 1122 denuntiat3
1429 1042 1612 1108 Dolabellae

293 1139 395 1203 ferum
419 1145 451 1200 et
471 1138 608 1200 immane
630 1136 769 1212 facinus,
792 1138 877 1220 quod
899 1138 985 1201 nulla
1007 1138 1151 1203 barbaria
1172 1145 1280 1222 posset
1300 1158 1486 1223 agnoscere,
1509 1137 1541 1201 id
1555 1146 1634 1201 suoi

294 1232 426 1297 consilio
448 1231 567 1295 factum
589 1249 659 1293 esse
680 1236 828 1305 testatur3
858 1251 1005 1315 quaeque
1027 1240 1111 1297 esset
1133 1232 1272 1297 facturos
1294 1235 1327 1297 in
1348 1233 1407 1297 hac
1427 1232 1522 1307 urbe,
1550 1230 1613 1293 nisi

294 1348 365 1392 eum
396 1326 450 1389 hic
477 1326 545 1409 ipse
574 1324 717 1407 luppiter
746 1325 868 1388 abhoc
891 1326 1009 1410 templo
1032 1334 1126 1411 atque
1147 1328 1310 1392 moenibus
1332 1325 1537 1411 reppulisset,
1558 1323 1613 1387 de·
1728 1324 1749 1411 3

293 1421 423 1485 claravit
443 1419 477 1484 in
499 1419 712 1481 Parmensium
735 1406 925 1493 calamitate,
948 1439 1028 1501 quos
1050 1420 1185 1504 optimos
1207 1422 1290 1485 viros
1313 1420 1614 1502 honestissimosque

291 1515 455 1588 hominos,
485 1513 622 1576 maxime
649 1532 720 1574 cum
749 1514 932 1576 auctoritate
959 1514 1054 1576 huius
1076 1513 1196 1577 ordinis
1218 1517 1390 1599 populique
1412 1514 1544 1577 Romani
1566 1511 1615 1574 di-

292 1610 411 1694 gnitate
433 1608 634 1680 coniunctos,
665 1605 891 1669 crudelissimis
914 1606 1067 1689 exemplis
1095 1607 1253 1671 interemit
1274 1609 1461 1692 propudium
1478 1606 1561 1691 „illud
1583 1613 1674 1748 etto)
1745 1600 1775 1656 ι’

292 1709 492 1788 portentum,
514 1702 548 1762 L.
571 1700 740 1775 Antonius,
762 1700 886 1782 insigne
908 1700 1015 1787 odium
1040 1701 1180 1763 omnium
1202 1701 1364 1766 hominum
1382 1702 1447 1776 vel,
1471 1702 1497 1764 si
1520 1702 1614 1764 etiam
1649 1753 1659 1774 ,

293 1799 326 1862 di
349 1797 485 1860 odemnt
506 1812 586 1878 quos
604 1802 745 1876 oportet,
768 1793 909 1856 deorum.
953 1790 982 1856 9.
1006 1794 1132 1876 Refugit
1152 1796 1289 1870 animus,
1311 1802 1415 1879 patres
1438 1793 1615 1875 conscripti,

293 1910 394 1975 eaque
425 1889 530 1953 dicere
562 1887 761 1962 reformidat,
793 1906 875 1970 qnae
903 1888 939 1949 L.
961 1888 1119 1963 Antonius
1147 1888 1181 1952 in
1209 1890 1423 1953 Parmensium
1453 1887 1560 1950 liberis
1584 1894 1616 1948 et

293 1984 478 2066 coniugibus
502 1979 653 2045 effecerit.
688 1980 775 2056 Quas
796 1982 880 2043 enim
902 1981 1112 2065 turpitudines
1124 1983 1253 2047 Antonii
1276 1982 1410 2049 libenter
1429 2002 1500 2045 cum
1520 1980 1616 2044 dede-

293 2098 366 2141 core
388 2077 567 2150 subierunt,
590 2074 718 2138 easdem
740 2093 797 2157 per
818 2074 882 2137 vim
903 2074 1060 2139 laetantur
1081 2077 1150 2140 aliis
1172 2097 1206 2140 se
1228 2076 1383 2140 intulisse.
1421 2076 1483 2140 Sed
1504 2077 1550 2139 vis
1565 2081 1653 2139 cadi

292 2171 437 2234 lamitosa
467 2178 529 2243 est,
558 2188 653 2252 quam
684 2168 748 2231 illis
769 2168 968 2230 obtulerunt:
998 2167 1096 2232 libido
1127 2170 1298 2251 flagitiosa,
1326 2190 1388 2254 qua
1409 2170 1615 2233 Antoniorum

294 2263 394 2327 oblita
416 2272 464 2327 esi
485 2264 559 2326 viia.
604 2263 656 2324 iv.
676 2262 734 2323 Est
754 2262 852 2343 igitur
872 2261 1059 2344 quisquam,
1090 2264 1144 2345 qui
1166 2262 1274 2326 hostes
1296 2264 1456 2347 appellare
1476 2283 1540 2328 non
1561 2282 1617 2326 au·

294 2358 381 2431 dest,
412 2375 546 2439 quorum
576 2355 696 2419 scelere
723 2354 939 2418 crudelitatem
962 2355 1271 2437 Karthaginiensium
1292 2360 1405 2421 victam
1428 2378 1497 2421 esse
1518 2356 1617 2421 falca-

292 2453 366 2514 turl
398 2450 467 2525 Qua
497 2449 581 2512 enim
607 2449 640 2512 in
670 2448 747 2511 urhe
774 2456 838 2511 tam
864 2448 1011 2511 immanis
1039 2449 1197 2511 Hannibal
1223 2457 1314 2533 capta
1336 2470 1430 2534 quam
1451 2455 1485 2517 in
1506 2454 1616 2515 Parma

292 2552 436 2627 surrepta
456 2544 636 2607 Antonius?
662 2543 724 2605 nisi
749 2542 830 2607 forte
851 2542 946 2607 huius
968 2542 1113 2605 coloniae
1136 2551 1168 2606 et
1189 2550 1377 2618 ceterarum,
1407 2546 1439 2608 in
1461 2565 1540 2627 quas
1562 2554 1652 2606 ecio

293 2639 365 2702 dem
396 2647 445 2701 est
472 2638 597 2713 animo,
630 2658 695 2701 non
727 2647 775 2702 est
802 2638 900 2701 hostis
928 2639 1097 2720 putandus.
1141 2632 1192 2699 i0.
1215 2638 1248 2700 Si
1274 2658 1348 2701 vero
1370 2640 1562 2702 coloniarum
1585 2643 1617 2700 et

296 2734 539 2816 municipiorum
568 2735 636 2795 sine
663 2733 729 2795 ulla
751 2732 947 2795 dubitatione
968 2732 1069 2795 hostis
1092 2740 1153 2808 est,
1181 2732 1257 2815 quid
1280 2731 1406 2795 tandem
1427 2732 1521 2795 huius
1543 2750 1617 2793 cen-

168 2875 172 2884 ,
295 2830 372 2892 setis
394 2829 498 2900 urhis,
526 2846 621 2910 quam
650 2828 706 2890 ille
734 2827 774 2890 ad
797 2826 969 2912 explendas
991 2834 1146 2909 egestates
1168 2827 1322 2890 latrocinii
1345 2826 1394 2889 sui
1415 2825 1616 2909 concupivit?

293 2941 387 3007 quam
416 2922 477 2983 iam
508 2922 630 3003 peritus
660 2927 793 2984 metator
820 2927 851 2983 et
877 2920 1009 2983 callidus
1038 2921 1229 3005 decempeda
1257 2941 1312 2985 sua
1341 2921 1425 2985 Saxa
1446 2920 1615 2983 diviserat?

292 3013 529 3090 Recordamini,
559 3036 615 3099 per
642 3014 719 3078 deos
745 3014 954 3077 immortales!
984 3021 1088 3099 patres
1118 3017 1303 3098 conscripti,
1333 3015 1409 3098 quid
1435 3014 1496 3077 hoc
1518 3013 1652 3075 biduoii

294 3109 505 3183 timuerimus,
538 3129 558 3172 a
590 3109 771 3172 domesticis
803 3109 948 3173 hostibus
972 3111 1149 3172 rumoribus
1178 3110 1417 3193 improbissimis
1445 3108 1615 3190 dissipatis.

294 3203 373 3277 Quis
397 3202 531 3277 liberos,
554 3205 625 3286 quis
648 3205 812 3285 coniugem
835 3204 999 3284 adspicere
1021 3212 1146 3286 poterat
1167 3207 1235 3268 sine
1257 3205 1356 3268 fletui
1379 3204 1450 3288 quis
1467 3204 1615 3267 domum?

293 3298 365 3380 quis
389 3300 491 3360 tecta‘l
514 3298 587 3381 quis
610 3297 707 3360 larem
727 3295 934 3361 familiarem?
955 3298 1020 3359 hut
1040 3296 1254 3362 foedissimam
1278 3306 1410 3362 mortem
1431 3318 1541 3363 omnes
1562 3304 1617 3361 aut

292 3390 502 3453 miserabilem
528 3390 634 3472 fugam
665 3390 851 3473 cogitabant.
893 3392 978 3455 llaec
1005 3412 1023 3455 a
1051 3392 1167 3473 quihus
1197 3392 1401 3466 timebantur,
1430 3411 1485 3481 eos
1506 3390 1615 3453 hostes
1730 3386 1755 3467 fl

292 3485 452 3567 appellare
474 3485 678 3548 dubitamus?
700 3485 830 3549 Gravius
852 3486 879 3549 si
895 3487 968 3569 quis
982 3484 1124 3549 attulerit
1141 3505 1273 3560 nomen,
1296 3485 1432 3549 libenter
1445 3484 1652 3549 assentiamus

291 3577 353 3643 hoc
373 3580 494 3663 vulgari
516 3586 681 3643 contentus
702 3582 756 3644 vix
778 3599 865 3654 sum,
888 3579 1007 3643 leviore
1029 3598 1094 3642 non
1116 3586 1196 3642 utar.

290 3940 336 3986 out
351 3936 459 3985 undum
475 3932 586 3997 scripsi:
613 3937 659 3982 out
675 3945 730 3983 om.
751 3931 852 3992 ahtv3
878 3937 902 3983 ct
917 3934 1027 3983 codeces
1042 3932 1081 3984 io
1103 3958 1129 3968 -
1159 3934 1182 3983 t.
1201 3932 1260 3983 solet
1275 3932 1457 3983 cmmctudoh
1478 3958 1505 3969 -
1524 3934 1616 3997 eopio-

291 4012 457 4062 bitcatv-
483 4010 648 4071 quotuoret
670 4035 697 4045 -
721 4008 945 4060 idstmimma
971 4035 997 4045 -
1022 4009 1047 4058 3.
1066 4009 1275 4071 quenquennis:
1298 4010 1464 4071 squami-
1488 4008 1612 4058 luita-

291 4089 316 4137 5.
333 4088 429 4149 imon
446 4092 469 4137 st
484 4086 611 4135 inmunes
626 4110 654 4123 -
673 4084 842 4145 bmhorierp.
860 4084 986 4147 ignoscere
1002 4083 1011 4133 i
1029 4108 1056 4119 —
1075 4084 1128 4145 nso]
1146 4084 1252 4132 morum
1270 4083 1277 4131 i
1296 4106 1323 4117 -
1343 4082 1418 4133 'liic
1434 4080 1485 4143 bt,
1504 4084 1613 4133 utconi.

291 4162 439 4213 Ferrarius:
457 4162 513 4209 hinc
530 4161 591 4210 aiv
609 4187 637 4198 -
659 4160 771 4223 luppiter
786 4161 811 4209 t:
833 4159 928 4222 iupiter
943 4158 964 4207 0
982 4184 1008 4195 -
1032 4160 1077 4211 boo
1094 4162 1182 4223 tuopte
1198 4166 1272 4223 utque
1288 4172 1342 4211 om.
1360 4161 1370 4210 i
1387 4186 1414 4197 -
1432 4158 1614 4211 mammaeae

291 4238 340 4285 iv:
358 4236 395 4285 liis
410 4234 536 4286 moenibus
551 4236 590 4287 io
609 4262 637 4273 -
654 4236 800 4298 reppulerat
816 4235 882 4285 itv:
900 4234 980 4296 repul.
993 4234 1014 4285 0
1027 4260 1053 4271 -
1074 4236 1098 4285 9.
1116 4236 1232 4286 marimo
1247 4237 1257 4285 i
1274 4258 1301 4271 -
1320 4236 1362 4286 td.
1374 4234 1613 4296 crudelissimclom.

291 4309 416 4371 moolli)
429 4310 438 4359 i
451 4335 478 4346 -
496 4312 618 4375 missorii
633 4312 642 4361 i
659 4337 687 4348 -
704 4312 856 4375 propediem
870 4309 904 4371 b,
922 4314 951 4361 ut
962 4310 1030 4361 coni.
1045 4312 1191 4362 Ferrarius:
1207 4311 1351 4374 proludium
1366 4313 1441 4369 etv,
1456 4310 1616 4373 praeiudicas

291 4386 300 4435 i
318 4410 347 4421 -
365 4385 454 4435 ludu
470 4388 522 4437 mel
540 4388 608 4446 eto,
626 4385 675 4437 sed
691 4388 798 4437 vdis-
814 4388 919 4436 odom
935 4384 1036 4435 bi0-
1056 4388 1158 4437 deorum
1174 4385 1227 4437 bt:
1247 4398 1301 4437 om,
1317 4398 1373 4443 av;
1391 4386 1616 4435 omniumdoomm

290 4460 366 4513 io-
384 4458 478 4523 mmet
488 4462 513 4521 t,
531 4460 565 4510 ct.
575 4461 654 4522 i'erg.
669 4463 734 4513 Aen.
747 4463 778 4523 11,
790 4463 863 4512 η-
875 4461 916 4512 ti.
929 4459 1015 4525 oopus]
1027 4465 1103 4523 utque
1112 4461 1181 4513 coni.
1193 4462 1297 4512 Ernesti
1309 4484 1337 4497 ·-
1353 4461 1473 4524 fumidos
1484 4461 1549 4521 mei,
1565 4458 1614 4511 sed

292 4538 299 4587 i
314 4534 435 4599 sommus
450 4534 543 4594 diesim
561 4535 709 4595 reformidat
724 4537 868 4599 Naugerius
884 4536 986 4601 primus
1001 4536 1107 4587 videtur
1123 4538 1271 4602 scripsisse.
1285 4562 1313 4573 -
1333 4536 1372 4588 ll.
1386 4549 1443 4585 mon
1458 4536 1545 4587 decors
1559 4534 1613 4585 sub.

290 4623 319 4671 a;
336 4607 740 4661 mbiouotmcndedecorct-
763 4612 803 4661 46.
821 4610 961 4662 obtutam
978 4614 1002 4662 t:
1020 4613 1157 4663 umbrosi
1173 4611 1303 4673 obvio,
1324 4612 1361 4663 illi
1377 4612 1486 4663 tulos-unt
1502 4610 1616 4673 (ausm-

289 4685 376 4747 muti)
394 4684 463 4736 coni.
475 4685 592 4735 Faernus
609 4708 638 4720 -
656 4686 697 4735 ti.
710 4685 793 4737 obtutu
809 4688 821 4736 t
838 4714 866 4723 -
883 4688 958 4738 hostis
973 4690 984 4738 t
1002 4714 1029 4725 -
1049 4687 1089 4738 ts.
1102 4690 1323 4753 curmqinisnctmn
1339 4702 1371 4748 v;
1389 4687 1616 4752 carthaginensem

290 4758 369 4811 abit
386 4758 442 4822 (sed
459 4760 471 4809 t
485 4761 594 4822 cartag.)
607 4784 635 4795 -
653 4760 765 4823 imur
780 4774 835 4811 om.
850 4762 858 4810 i
875 4763 903 4813 et
918 4760 1001 4812 habet
1016 4768 1111 4813 emutat
1128 4766 1188 4828 post
1203 4764 1296 4814 model.
1310 4789 1338 4801 -
1357 4764 1397 4813 ie.
1416 4763 1508 4823 ortua
1528 4790 1555 4801 -
1574 4762 1613 4811 io·

289 4835 372 4886 munis
387 4847 403 4884 a
420 4859 448 4871 -
467 4833 495 4883 io
510 4846 567 4885 om.
586 4846 600 4882 a
621 4860 647 4870 -
668 4834 709 4884 2⁰.
727 4835 842 4898 eutropio
858 4851 875 4886 v
893 4862 921 4873 -
939 4843 963 4888 at
978 4849 1033 4887 om.
1053 4840 1065 4887 t
1082 4864 1109 4874 -
1135 4839 1175 4891 il.
1193 4839 1267 4890 hortis
1283 4839 1353 4889 mei:
1371 4839 1445 4888 hostis
1459 4839 1580 4889 Antoniis
1595 4836 1616 4887 0

294 4938 320 4947 -
339 4910 380 4961 is.
398 4914 433 4961 ort
454 4922 508 4961 om.
526 4909 545 4960 b
564 4936 590 4946 -
615 4909 656 4959 ie.
674 4908 744 4960 urbis
764 4912 864 4962 murts
878 4912 952 4962 huius
968 4914 979 4962 t
995 4936 1023 4947 -
1050 4912 1185 4975 aphidas
1201 4912 1256 4963 ab:
1278 4914 1419 4975 expirem
1441 4914 1505 4975 itv;
1529 4912 1562 4964 cl.
1581 4912 1616 4963 ad

290 4999 318 5051 p.
337 4985 414 5047 itii,
431 4986 456 5034 5.
476 5010 504 5021 -
528 4984 667 5035 maeoniis
690 4985 741 5034 auis
763 4984 832 5035 male
856 4988 926 5039 coni.
944 4987 1084 5045 timerium
1107 4990 1148 5039 est
1169 4989 1240 5039 enim
1261 4988 1386 5039 meconii
1400 4989 1439 5039 sui
1455 4988 1527 5039 idem
1544 4986 1616 5052 quod

290 5061 417 5110 mamam
431 5072 542 5111 suoram.
562 5084 591 5097 ·-
617 5059 658 5110 ii.
675 5066 801 5112 masor
816 5063 825 5111 i
853 5088 880 5100 -
908 5062 948 5111 tt.
966 5063 1012 5111 ioc
1029 5061 1101 5113 dubio
1117 5074 1134 5111 v
1154 5088 1180 5097 -
1208 5064 1248 5113 io.
1266 5065 1328 5128 post
1343 5064 1450 5115 bonbar
1465 5064 1544 5115 codd.
1561 5064 1616 5115 noti

291 5134 422 5200 glossema
445 5134 560 5186 hahent:
582 5136 610 5185 id
631 5140 667 5185 ost
683 5133 746 5201 (idi)
769 5138 812 5199 qui
833 5138 903 5187 istro
917 5137 1017 5187 moesto
1032 5137 1110 5187 hostes
1125 5142 1196 5200 auu,
1219 5138 1291 5201 quod
1308 5140 1442 5190 Ferrarius
1459 5136 1565 5204 expulit.
1585 5163 1613 5175 -

291 5211 788 5275 compescatis-poem-
811 5212 1196 5277 ss.samssarosurasa-
1215 5213 1565 5266 Autabtvtiumautio
1584 5237 1611 5249 -

291 5282 767 5339 3⁰.udrcociura-3t.lcuiorit.
