4009 6159
369 491 454 562 alsa
675 506 693 594 g
768 493 919 560 orario
941 492 1020 559 rao
1044 491 1105 559 os.
1126 491 1299 559 rmucro

370 690 429 753 ego
461 669 501 732 de
530 687 581 730 me
609 674 730 730 mutum
759 666 862 730 audeo
892 665 1014 740 dicere,
1047 665 1217 729 amicitiam
1243 683 1344 727 meam
1373 662 1523 747 voluptati
1547 660 1704 745 pluribus*

370 783 465 847 quam
486 761 647 844 praesidio
668 760 783 834 fuisse,
813 779 928 844 meqne
950 759 1153 823 vehementer
1174 759 1257 821 vitae
1279 776 1368 820 meae
1391 755 1581 840 paeniteret,
1610 754 1637 818 si
1657 754 1691 818 in

370 875 440 919 mea
461 855 672 919 familiaritate
693 853 783 918 locus
806 860 890 918 esset
911 853 1029 916 nemini
1051 853 1113 916 nisi
1135 851 1272 935 litigioso
1294 859 1350 914 aut
1370 852 1506 914 nocenti.

453 949 600 1012 XXXIV.
622 945 674 1010 83.
704 948 768 1011 Sed
793 947 871 1011 haec
899 948 1008 1011 nescio
1030 967 1093 1031 qno
1115 945 1209 1010 modo
1230 945 1413 1028 frequenter
1433 943 1467 1008 in
1489 965 1539 1008 me
1560 961 1692 1026 conges-

346 1045 438 1109 ssisti
467 1063 607 1127 saneque
637 1043 670 1105 in
697 1061 736 1104 eo
758 1042 869 1105 creber
896 1041 998 1114 inisti,
1027 1050 1059 1105 te
1081 1039 1199 1104 idcirco
1219 1040 1253 1104 in
1275 1039 1368 1103 ludos
1389 1059 1516 1102 causam
1537 1037 1691 1102 coniicere

368 1139 528 1210 noluisse,
549 1157 590 1199 ne
612 1156 672 1219 ego
694 1154 765 1199 mea
786 1135 1017 1199 consuetudine
1039 1134 1161 1218 aliquid
1177 1133 1216 1197 de
1234 1134 1334 1197 tensis
1347 1133 1583 1198 misericordiae
1597 1149 1692 1195 eausa

370 1234 524 1307 dicerem,
552 1229 638 1315 quod
667 1232 700 1294 in
729 1230 800 1293 aliis
828 1229 982 1293 aedilibus
1009 1234 1082 1292 ante
1110 1227 1268 1292 iecissem.
1309 1229 1381 1291 Non
1410 1226 1490 1304 nihil
1519 1224 1610 1308 egisti
1631 1223 1693 1287 hoc

370 1329 457 1400 loco;
478 1346 552 1389 nam
572 1325 650 1388 mihi
666 1324 811 1409 eripuisti
827 1330 1044 1387 ornamentum
1058 1322 1209 1386 orationis
1228 1341 1326 1384 meae.
1357 1319 1542 1394 Deridebor,
1564 1320 1591 1383 si
1605 1339 1693 1382 men·

369 1423 489 1485 tionem
511 1427 669 1497 tensarum
691 1418 814 1493 secero,
837 1438 907 1480 cum
929 1425 963 1480 tn
984 1417 1018 1480 id
1040 1415 1252 1500 praedixeris:
1279 1416 1347 1479 sine
1369 1416 1467 1478 tensis
1488 1420 1593 1478 autem
1615 1412 1692 1496 quid

333 1523 481 1598 sopotero
504 1514 632 1577 diceret
664 1512 724 1574 llic
746 1511 840 1574 etiam
862 1509 1013 1574 addidisti
1035 1531 1086 1574 me
1106 1510 1224 1574 ideirco
1246 1529 1316 1573 mea
1331 1510 1400 1593 lege
1415 1508 1528 1572 exsilio
1542 1506 1693 1570 ambitum

370 1609 532 1680 sanxisse,
561 1612 596 1668 ut
626 1601 871 1668 miserabiliores
900 1604 1042 1687 epilogos
1070 1624 1195 1688 possem
1218 1603 1333 1667 dicere.
1369 1606 1437 1667 Non
1459 1600 1549 1666 vobis
1569 1600 1695 1664 ridetur

370 1724 442 1768 curn
470 1702 578 1784 aliquo
608 1698 835 1772 declamatore,
863 1718 928 1761 non
959 1719 1031 1762 cum
1061 1699 1177 1762 laboris
1200 1706 1232 1760 et
1252 1697 1312 1761 fori
1335 1696 1488 1780 discipulo
1510 1694 1692 1777 disputaret

371 1793 422 1859 84.
449 1793 553 1858 llbodi
583 1795 685 1866 enim,
718 1793 838 1874 inquit,
867 1811 926 1874 ego
954 1813 1020 1857 non
1051 1793 1112 1855 fui:
1143 1812 1192 1855 me
1221 1791 1288 1855 vult
1314 1790 1430 1854 inisse:
1464 1788 1520 1852 sed
1548 1787 1611 1862 lui,
1644 1789 1693 1852 in-

372 1889 459 1972 quit,
480 1919 523 1934 —
551 1885 701 1969 putabam
731 1885 766 1947 in
794 1886 945 1949 Vaccaeis
976 1885 1134 1949 dicturum
1155 1919 1197 1934 -
1218 1886 1267 1948 bis
1288 1887 1323 1948 in
1344 1883 1498 1967 Bithynia.
1540 1883 1573 1946 Si
1604 1883 1692 1947 locus

335 1982 468 2047 sehabet
494 1978 752 2063 reprehensionis
781 1998 891 2042 ansam
919 1980 1075 2062 aliquam,
1108 1979 1214 2042 nescio
1244 1999 1300 2042 cur
1327 1979 1516 2041 severiorem
1545 1979 1692 2042 Nicaeam

371 2082 465 2159 putes
488 2094 584 2158 quam
605 2072 770 2136 Rhodum:
794 2072 821 2135 si
842 2070 1014 2156 spectanda
1035 2093 1131 2137 causa
1152 2059 1273 2151 est,i‘et
1294 2079 1328 2135 tn
1349 2073 1382 2134 in
1403 2071 1550 2155 Bithynia
1572 2092 1693 2136 summa
1800 2065 1804 2068 ’

373 2189 444 2233 cnm
467 2167 620 2251 dignitate
641 2165 730 2230 inisti
752 2172 784 2229 et
805 2186 864 2252 ego
887 2166 990 2229 Rhodi
1012 2188 1077 2231 non
1099 2159 1243 2250 minoreb
1261 2159 1340 2230 Nam
1362 2167 1450 2249 quod
1470 2167 1503 2228 in
1526 2186 1564 2230 eo
1580 2186 1629 2230 me
1644 2185 1693 2228 re-

373 2261 588 2346 prehendisti,
611 2258 699 2344 quod
720 2251 851 2325 nimium
874 2260 990 2324 multos
1006 2260 1224 2335 defenderem,
1238 2253 1366 2353 prtinam
1388 2270 1420 2324 et
1440 2269 1492 2335 tu,
1515 2261 1570 2343 qui
1591 2267 1693 2342 potes,

212 2383 279 2493 (a
374 2363 406 2419 et
426 2355 540 2428 ceteri,
568 2355 623 2437 qui
647 2352 828 2436 defugiunt,
856 2355 974 2418 vellent
1002 2375 1052 2418 me
1079 2356 1186 2419 labore
1215 2355 1274 2419 hoc
1301 2354 1421 2419 levaret
1450 2354 1507 2417 sed
1536 2351 1570 2416 fit
1589 2360 1693 2418 vestra

236 2464 267 2510 Γ
336 2448 554 2532 indiligentia,
578 2448 633 2530 qui
655 2447 759 2512 causis
780 2441 994 2532 ponderandis
1010 2470 1120 2513 omnes
1133 2449 1200 2513 lere
1214 2448 1407 2533 repudiatis,
1429 2448 1524 2512 ulad
1545 2468 1604 2512 nos
1626 2448 1693 2532 ple-

373 2564 491 2628 raeque
519 2543 695 2617 confluant,
729 2543 783 2625 qui
811 2543 934 2606 miseris
965 2552 996 2607 et
1023 2542 1235 2608 laborantibus
1262 2562 1378 2624 negare
1406 2543 1485 2606 nihil
1512 2562 1691 2626 possumus.

373 2635 424 2700 85.
446 2635 649 2699 Admonnisti
671 2636 773 2710 etiam,
796 2637 883 2720 quod
905 2639 938 2700 in
957 2637 1049 2702 Creta
1070 2637 1198 2712 luisses,
1222 2638 1338 2701 dictum
1360 2635 1490 2720 aliquod
1512 2637 1546 2699 in
1568 2637 1693 2720 petitio-

373 2752 445 2795 nem
467 2737 553 2793 tuam
575 2728 638 2793 diei
660 2731 818 2813 potuisse:
845 2751 896 2793 me
917 2731 948 2795 id
970 2731 1159 2815 perdidisse.
1195 2731 1269 2794 Uter
1290 2731 1386 2814 igitur
1405 2737 1547 2793 nostrum
1570 2737 1619 2792 est
1639 2749 1692 2792 eu-

372 2825 478 2910 pidior
499 2823 597 2886 dicut
619 2843 738 2906 egone,
761 2824 817 2908 qui
832 2825 919 2908 qnod
942 2826 1002 2890 dici
1026 2825 1130 2909 potuit
1145 2845 1210 2888 non
1225 2824 1374 2900 dixerim,
1397 2843 1437 2888 an
1451 2833 1502 2900 lu,
1525 2824 1580 2909 qui
1598 2823 1692 2888 etiam

336 2921 442 3004 etipse
464 2920 498 2982 in
519 2925 551 2982 te
572 2916 715 2980 dixerint
737 2921 782 2982 Te
804 2919 911 2982 aiebas
934 2919 974 2984 de
996 2921 1060 2983 tuis
1083 2920 1177 2983 rebus
1194 2920 1289 3003 gestis
1304 2919 1408 2983 nullas
1423 2919 1542 2982 litteras
1558 2917 1691 2990 misisse,

374 3014 461 3098 quod
483 3012 561 3075 mihi
583 3031 686 3086 meae,
709 3033 788 3096 quas
810 3013 851 3076 ad
872 3014 1011 3098 aliquem
1033 3015 1203 3089 misissem,
1228 3012 1420 3077 obfuissent:
1440 3032 1522 3096 quas
1537 3032 1596 3094 ego
1615 3011 1691 3076 mihi

374 3106 513 3171 obfuisse
535 3126 601 3169 non
621 3106 784 3189 intelligo,
806 3107 853 3172 rei
873 3107 1020 3190 publicae
1041 3109 1134 3172 video
1155 3107 1307 3191 prodesse
1331 3108 1483 3190 potuisse.

455 3200 589 3264 XXXV.
611 3197 662 3262 86.
692 3201 755 3264 Sed
783 3208 856 3265 sunt
883 3201 962 3266 haec
987 3203 1122 3276 leviora,
1151 3202 1206 3265 illa
1227 3221 1302 3266 vero
1326 3202 1432 3284 gravia
1453 3209 1548 3284 atque
1570 3219 1691 3283 magna,

373 3296 458 3381 quod
481 3315 584 3358 meum
607 3294 799 3369 discessum,
828 3315 923 3379 quem
950 3315 1044 3380 saepe
1067 3296 1216 3371 delleras,
1244 3315 1329 3358 nuno
1351 3297 1440 3378 quasi
1461 3295 1692 3377 reprehendere

335 3397 406 3456 soet
426 3389 636 3451 subaccusare
656 3387 795 3452 voluisti.
827 3390 942 3452 Dixisti
965 3391 1048 3452 enim
1071 3410 1137 3453 non
1158 3389 1312 3452 auxilium
1327 3389 1415 3465 mihi,
1437 3390 1493 3452 sed
1507 3409 1558 3452 me
1573 3389 1691 3453 auxilio

373 3481 529 3545 defuisset
560 3500 619 3564 ego
641 3501 717 3544 vero
739 3481 841 3545 fateor
861 3502 928 3556 me,
951 3483 1038 3565 qnod
1061 3481 1190 3546 viderim
1213 3483 1289 3547 mihi
1311 3482 1463 3548 auxilium
1484 3504 1549 3547 non
1571 3483 1691 3556 deesse,

372 3575 490 3638 idcirco
519 3595 569 3638 me
599 3574 648 3638 illi
675 3575 793 3639 auxilio
822 3578 1011 3659 pepercisse.
1052 3577 1115 3653 Qui
1146 3577 1230 3640 enim
1253 3583 1369 3652 status,
1402 3577 1488 3660 qnod
1512 3577 1691 3650 discrimen,

206 3711 217 3772 ’,Ι
246 3716 273 3785 ¹,st
372 3688 455 3758 quae
481 3667 578 3754 luerit
605 3668 639 3731 in
666 3689 702 3732 re
731 3669 860 3752 publica
881 3678 1052 3753 tempestas
1073 3653 1142 3746 illa,
1170 3673 1242 3755 quis
1263 3672 1387 3736 nesciit
1408 3669 1620 3776 (l‘mbunicius
1642 3691 1691 3734 me

434 4063 459 4114 2.
474 4062 614 4125 ρνιιοιίἀίοι
629 4060 683 4111 T-
699 4062 820 4126 peniteret
835 4064 869 4124 T;
885 4065 1020 4126 poeniteret
1035 4065 1118 4116 EO-
1138 4064 1163 4116 l.
1180 4065 1241 4116 tneo
1256 4066 1319 4117 TE:
1337 4065 1413 4116 Aon
1426 4091 1453 4102 -·
1472 4068 1497 4118 n.
1509 4067 1688 4120 emicare'l-

369 4136 732 4204 §.oeJaeell-threntsT3
750 4138 1105 4190 onomathoteram
1121 4141 1153 4201 El
1173 4141 1354 4191 demcmT-
1373 4145 1471 4190 mam
1487 4141 1585 4193 th-
1603 4142 1692 4193 deuia

369 4215 417 4265 TE
431 4240 459 4251 -
478 4212 545 4278 maid]
562 4214 629 4275 quod
644 4214 664 4264 Τ
677 4237 705 4251 -
725 4215 824 4264 tullio
838 4216 1068 4278 ettom·-poasem
1084 4216 1165 4266 dicae
1181 4214 1263 4266 habet
1279 4219 1341 4266 A-
1358 4215 1458 4266 Addidit
1472 4229 1512 4268 me
1527 4217 1620 4268 idcirco
1635 4221 1692 4268 med

368 4289 420 4352 leqe
434 4301 467 4338 em
482 4288 526 4338 illo
541 4287 637 4338 canoa
652 4288 1005 4342 marcommannas
1022 4306 1044 4343 s.
1057 4305 1082 4342 v.
1096 4293 1180 4342 Sentio
1196 4293 1290 4342 mmm
1307 4305 1339 4342 oc
1355 4291 1398 4342 illo
1415 4305 1441 4355 p.
1453 4291 1502 4342 263
1513 4290 1555 4343 ed.
1570 4291 1689 4342 hindam.

370 4391 398 4401 -
411 4363 502 4414 addon
517 4363 577 4414 E·
595 4364 672 4415 emitto
689 4363 810 4414 mutuam
825 4367 938 4416 menese
948 4370 983 4418 A:
1002 4367 1078 4418 cmlto
1094 4367 1189 4417 ambitu
1205 4367 1312 4416 tramisso
1328 4365 1385 4416 TE.
1406 4366 1491 4416 Etiam
1502 4366 1573 4430 apnd
1584 4365 1691 4417 Arusia-

367 4452 432 4489 num
448 4437 592 4502 legendnm
608 4452 669 4490 esse
684 4440 767 4491 Sosim
783 4441 876 4492 crimea
893 4443 969 4493 amilio
986 4444 1013 4492 et
1030 4443 1105 4492 exitio
1122 4441 1242 4492 amatam
1257 4442 1370 4492 semisse
1386 4441 1474 4492 docuit
1485 4442 1647 4493 Garatonius.
1661 4467 1688 4478 -

367 4514 407 4564 43.
426 4514 504 4564 aanor
519 4515 717 4578 esim--taiaae
731 4515 813 4567 hahet
829 4520 850 4567 A
869 4543 896 4554 -
914 4518 992 4568 Hodie
1008 4519 1073 4568 erim
1090 4517 1139 4568 ΤΕ
1157 4543 1184 4554 -
1204 4522 1221 4581 †
1238 4517 1280 4566 sed
1294 4517 1332 4578 sui
1348 4517 1368 4567 O
1387 4542 1414 4552 -
1437 4515 1477 4567 44.
1495 4517 1614 4567 Borcaots
1629 4517 1692 4568 Nie-

366 4588 493 4648 buhrins;
512 4587 561 4640 sed
577 4591 686 4641 minime
703 4603 816 4643 neceam
833 4595 874 4643 est
890 4596 997 4656 gentem
1015 4593 1158 4652 nominari,
1177 4591 1247 4657 apud
1263 4604 1345 4655 quam
1356 4593 1506 4644 Laterensis
1522 4606 1617 4657 reapse
1627 4605 1691 4643 ver-

366 4667 440 4716 satus
456 4665 503 4724 slt,
522 4663 586 4715 dnm
604 4665 685 4716 modo
702 4668 727 4717 ei
743 4669 815 4731 genti
831 4667 900 4719 desit
917 4667 1027 4720 incultas
1044 4669 1135 4719 ornate
1147 4667 1261 4719 dicendi.
1276 4693 1303 4704 -
1322 4667 1359 4718 bis
1375 4669 1439 4718 TE:
1458 4667 1494 4718 hta
1508 4668 1647 4719 Nicaeaoo
1661 4691 1688 4704 -

366 4740 478 4801 maan
493 4739 529 4799 u;
547 4738 659 4791 ιιιιιιιιι
675 4743 737 4792 r-
757 4744 797 4793 ss.
814 4744 913 4795 sem
928 4744 978 4794 rs
997 4770 1024 4779 -
1045 4744 1085 4794 se.
1098 4744 1213 4794 raonem
1229 4744 1249 4794 s
1263 4770 1289 4782 -
1309 4743 1437 4805 uramara
1452 4744 1484 4803 r;
1503 4742 1613 4804 suasca
1629 4725 1688 4793 i-

366 4814 406 4865 47.
418 4814 447 4863 in
462 4826 490 4864 eo
505 4815 649 4866 na--Aoc
665 4815 749 4867 lenm
764 4815 847 4868 habet
862 4820 883 4868 A
898 4843 925 4854 -
944 4819 984 4869 48.
1003 4817 1230 4876 defenderenAT:
1249 4821 1398 4885 defenderim
1413 4820 1458 4884 El)
1470 4847 1502 4858 —
1518 4820 1559 4870 26.
1577 4819 1621 4881 qui
1631 4818 1688 4869 TE:

365 4891 409 4951 qui
424 4889 452 4939 tn
468 4890 488 4939 0
506 4915 533 4925 -
560 4892 640 4941 οιιιιιίι
659 4893 679 4942 T
705 4919 731 4931 -
759 4882 800 4944 24ἶ
818 4905 913 4966 aeano
934 4895 997 4944 nihil
1012 4895 1077 4946 TE:
1103 4895 1165 4944 nibil
1180 4909 1273 4959 separe
1288 4896 1309 4945 0
1326 4921 1354 4932 -
1373 4896 1414 4946 22.
1431 4893 1618 4957 Adoneaefeciati
1634 4893 1688 4956 (sle)

364 4966 442 5016 aima
452 4991 490 5003 --
500 4966 550 5015 diei
562 4968 672 5029 notariam
687 4966 770 5018 habet
785 4969 807 5018 A
822 4995 849 5004 -
866 4970 1014 5034 pettcioaem
1030 4971 1064 5028 T;
1081 4970 1198 5032 petitione
1213 4973 1276 5020 A·
1295 4970 1335 5021 23.
1354 4970 1433 5036 mm]
1451 4975 1504 5021 tam
1519 4971 1541 5020 A
1554 4997 1581 5006 -
1597 4968 1691 5031 potnia-

364 5055 415 5092 aem
430 5042 451 5092 E
469 5066 497 5078 —
523 5039 565 5093 24.
583 5043 651 5108 dicti]
668 5042 708 5093 dic
724 5049 751 5094 tn
767 5045 787 5094 E
806 5069 833 5081 -
860 5047 901 5096 26.
919 5047 946 5095 ta
962 5045 993 5106 te]
1011 5044 1076 5094 tator
1092 5044 1112 5094 E
1132 5067 1158 5080 -
1187 5045 1217 5095 Tc
1233 5045 1509 5108 aiebas--otfatsssat
1523 5042 1640 5094 habetA
1660 5069 1688 5079 -

365 5118 461 5170 litteras
475 5118 540 5169 AE:
558 5117 645 5168 literas
661 5120 695 5179 03
714 5131 768 5169 om.
786 5120 806 5169 T
824 5145 853 5156 -·
871 5120 913 5170 26.
931 5122 1056 5184 emebant
1067 5146 1104 5157 --
1115 5119 1213 5183 optabas
1228 5118 1248 5169 E
1268 5145 1295 5156 -
1314 5120 1354 5170 27.
1373 5120 1486 5184 talemqo
1501 5121 1521 5170 T
1536 5147 1562 5158 -
1581 5119 1622 5168 29.
1635 5129 1689 5181 sepo

367 5193 387 5248 T
406 5218 434 5231 -
452 5193 492 5245 32.
510 5193 604 5248 iddrco
619 5207 659 5246 me
674 5194 711 5245 illi
727 5193 792 5245 TE:
811 5194 904 5246 ideirco
920 5195 957 5246 tttt
973 5206 1035 5245 cum
1052 5195 1143 5262 paucis
1160 5193 1238 5247 codd.
1251 5193 1285 5255 03
1304 5193 1338 5246 ci.
1356 5207 1413 5248 var.
1431 5193 1492 5258 lect.
1509 5207 1536 5262 p.
1550 5193 1624 5256 4426,
1638 5192 1662 5245 9.

1408 5351 1421 5386 Ι
