4009 6159
397 560 461 631 956
826 571 978 637 ORATIO
999 571 1079 637 rao
1100 574 1134 637 P.
1156 570 1298 637 SESTIO

398 740 571 821 respirasse
592 738 735 805 homines
756 742 944 805 ridebantur
965 741 1106 807 nondum
1127 762 1177 816 re,
1199 740 1257 804 sed
1278 760 1334 824 epe
1354 740 1566 825 reipublicae
1587 760 1722 827 reeupe-

398 832 526 895 randae.
558 832 713 898 Exierunt
733 836 825 899 malie
846 837 1003 900 ominibus
1025 844 1119 919 atque
1142 834 1412 899 exsecrationibus
1432 835 1497 899 duo
1514 836 1642 901 vultmii
1664 856 1722 921 pa·

398 923 517 991 ludatis
540 927 656 1011 quibus
677 930 798 994 utinam
818 930 894 1015 ipsis
917 930 1098 995 evenissent
1118 950 1172 1004 ea,
1195 946 1276 1012 quae
1296 935 1364 991 tum
1382 928 1527 993 homines
1549 931 1722 1014 precaban-

399 1018 464 1081 turl
492 1038 596 1103 neque
626 1042 684 1085 nos
707 1024 902 1106 provinciam
925 1022 1142 1088 Macedoniam
1163 1043 1235 1086 cum
1257 1022 1398 1087 exercitu
1419 1043 1524 1106 neque
1545 1026 1722 1109 equitatum

374 1111 432 1175 ain
454 1112 544 1197 Syria
566 1122 598 1177 et
619 1116 765 1181 cohortes
787 1118 922 1202 optimas
943 1118 1200 1202 perdidissemus.
1244 1114 1295 1180 72.
1310 1117 1424 1181 lneunt
1437 1118 1650 1199 magistratum
1664 1118 1722 1181 tri·

397 1205 474 1269 buni
495 1206 550 1289 pl.,
573 1209 628 1293 qui
651 1229 759 1274 omnes
782 1232 816 1274 se
838 1212 878 1275 de
900 1230 950 1274 me
972 1212 1228 1295 promulgaturos
1243 1207 1474 1273 confirmarant.
1504 1211 1554 1272 lix
1574 1210 1614 1274 iis
1634 1209 1721 1294 prin-

353 1355 356 1362 .
398 1318 473 1382 ceps
495 1300 610 1364 emitur
631 1303 671 1366 ab
692 1304 828 1376 inimicis
850 1306 929 1368 meis
952 1306 996 1380 is,
1019 1326 1114 1389 quem
1135 1305 1279 1369 homines
1296 1305 1330 1367 in
1344 1304 1431 1368 luctu
1444 1304 1611 1368 irridentes
1625 1304 1722 1367 tirac-

398 1392 490 1456 cbum
513 1395 684 1473 vocabant;
707 1399 857 1483 quoniam
877 1398 912 1462 id
934 1400 1029 1464 etiam
1051 1398 1151 1463 latum
1172 1398 1305 1461 civitatis
1325 1396 1405 1472 fuit,
1426 1405 1462 1461 ut
1481 1398 1537 1460 illa
1555 1418 1596 1461 ex
1608 1417 1721 1481 vepre-

398 1485 478 1549 culis
501 1496 642 1553 extracta
663 1490 805 1555 nitedula
823 1512 891 1556 rem
905 1493 1061 1577 publicam
1077 1500 1245 1556 conaretur
1257 1492 1414 1555 arrodere.
1447 1491 1535 1554 Alter
1547 1512 1634 1568 vero,
1655 1512 1721 1556 non

361 1579 452 1643 soille
474 1582 627 1647 Serranus
649 1584 687 1649 ab
709 1591 831 1661 aratro,
853 1585 909 1649 sed
932 1606 972 1649 ex
995 1586 1118 1650 deserto
1141 1586 1231 1649 Gavii
1253 1585 1277 1667 †
1297 1583 1449 1647 olaeliore
1477 1604 1496 1648 a
1521 1586 1631 1649 calatis
1660 1587 1721 1650 Ga·

398 1674 458 1737 viis
486 1675 519 1737 in
550 1676 710 1742 Calatinos
737 1679 850 1743 Atilios
878 1680 1013 1757 insitus„
1042 1680 1164 1754 subito,
1195 1678 1379 1742 nominibus
1399 1680 1433 1741 in
1455 1678 1579 1743 tabulas
1599 1680 1717 1756 relatis,

398 1786 514 1831 nornen
536 1790 627 1833 suum
648 1772 688 1835 de
710 1772 817 1836 tabula
839 1774 977 1837 sustulit.
1009 1775 1150 1838 Veniunt
1170 1771 1331 1836 Kalendae
1352 1773 1534 1837 lanuariae=
1562 1794 1620 1838 vos
1640 1776 1720 1839 lraec

399 1861 511 1927 melius
533 1864 613 1927 scire
634 1867 785 1948 potestis,
808 1866 956 1949 squidem
979 1867 1086 1931 audita
1101 1858 1291 1955 dicozsqrma
1306 1874 1373 1929 tum
1390 1865 1568 1950 frequentia
1580 1876 1718 1943 mustias,

279 1958 292 2038 4
399 1974 480 2045 quae
502 1960 696 2041 exspectatio
718 1958 844 2043 populi,
866 1960 922 2043 qui
944 1980 1115 2025 concursus
1136 1960 1309 2044 legatorum
1332 1980 1374 2025 ex
1395 1960 1485 2024 ltalia
1499 1971 1622 2037 cuncta,
1636 1983 1718 2046 quae

269 2046 297 2120 Ἄ
362 2050 513 2125 savirtus,
542 2052 640 2126 actio,
671 2054 808 2135 gravitas
834 2054 867 2116 P.
889 2055 1016 2118 Lentuli
1045 2055 1185 2118 consulis
1205 2042 1325 2152 fuerit)
1347 2074 1428 2138 quae
1456 2056 1549 2120 etiam
1577 2057 1720 2141 collegae

243 2132 312 2187 *ἲ*
399 2143 468 2206 eius
491 2146 663 2210 moderatio
686 2145 725 2209 de
747 2168 815 2209 me:
847 2150 902 2231 qui
925 2169 995 2212 cum
1018 2150 1199 2214 inimicitias
1220 2149 1280 2211 sibi
1302 2168 1425 2212 mecum
1447 2169 1488 2212 ex
1509 2150 1555 2213 rei
1577 2152 1719 2236 publicae

399 2236 597 2303 dissensione
619 2247 779 2325 susceptas
801 2260 870 2305 esse
893 2242 1043 2318 dixisset,
1072 2262 1126 2306 eas
1155 2262 1189 2306 se
1211 2242 1354 2325 patribus
1376 2243 1563 2326 conscriptis
1585 2244 1668 2308 dixit
1688 2253 1719 2309 ct

398 2332 594 2415 temporibus
622 2335 667 2398 rei
696 2334 842 2417 publicae
869 2337 1106 2419 permissurum.
1148 2337 1294 2399 XXXIV.
1317 2332 1368 2398 73.
1390 2338 1471 2399 Tum
1500 2338 1648 2423 princeps
1668 2359 1719 2402 ro-

398 2433 489 2509 gatus
518 2429 705 2493 sententiam
734 2430 769 2492 L.
793 2429 881 2494 Cotta
909 2430 989 2496 dixit
1017 2429 1066 2504 id,
1095 2428 1181 2515 quod
1205 2428 1424 2513 dignissimum
1445 2450 1479 2493 re
1500 2432 1627 2514 publica
1647 2432 1718 2509 fuit,

361 2520 477 2586 tonihil
505 2521 546 2585 de
575 2542 625 2586 me
647 2530 751 2586 actum
773 2542 842 2587 esse
864 2524 948 2599 iure,
970 2524 1051 2588 nibil
1073 2543 1160 2587 more
1182 2522 1353 2597 maiorum,
1382 2523 1464 2586 nibil
1485 2524 1624 2608 legibus:
1653 2546 1719 2590 non

397 2634 490 2701 posse
512 2636 702 2700 quemquam
724 2617 764 2681 de
786 2618 912 2683 civitate
934 2618 1003 2682 tolli
1025 2616 1095 2681 sine
1114 2616 1252 2692 iudici03
1274 2616 1314 2679 de
1329 2618 1430 2700 capite
1443 2636 1510 2681 non
1524 2618 1619 2683 modo
1632 2619 1718 2695 ferri,

398 2708 454 2773 sed
476 2730 517 2773 ne
538 2710 674 2775 iudicari
696 2710 823 2795 quidem
845 2732 939 2796 posse
961 2712 1024 2776 nisi
1046 2711 1182 2777 comitiis
1204 2706 1492 2788 centuriatis;(vim
1505 2711 1604 2777 fuisse
1620 2705 1725 2788 illam)

225 2744 266 2873 li*
397 2804 554 2869 flammam
576 2812 742 2888 quassatae
763 2805 810 2870 rei
840 2806 986 2890 publicae
1007 2805 1326 2890 perturbatorumque
1348 2811 1525 2888 temporum
1547 2796 1720 2871 41ιοίὤί-

398 2899 520 2985 ciisque
541 2898 693 2975 sublatis3
722 2918 836 2984 magna
863 2920 968 2964 rerum
990 2900 1224 2984 permutatione
1247 2898 1450 2983 impendente
1472 2898 1647 2963 declinasse
1668 2919 1719 2964 me

360 2993 529 3079 aopaulum
551 3002 581 3057 et
602 3012 659 3079 spe
681 2993 822 3078 reliquae
844 2994 1083 3078 tranquillitatis
1103 3001 1286 3077 praesentes
1303 2995 1418 3058 fluctus
1439 3000 1720 3077 tempestatemque

396 3087 532 3172 fugisse:
564 3108 680 3174 quare,
708 3109 780 3153 cum
810 3090 923 3153 absens
950 3109 1017 3153 rem
1040 3088 1196 3173 publicem
1216 3106 1281 3151 non
1302 3088 1408 3151 minus
1428 3088 1550 3170 magnis
1571 3086 1720 3169 periculis

398 3202 494 3269 quam
517 3184 653 3269 quodam
675 3190 816 3269 tempora
839 3202 990 3267 praesens
1012 3184 1212 3259 liberassem,
1233 3201 1300 3246 non
1321 3182 1444 3246 restitui
1458 3202 1510 3246 me
1524 3182 1642 3258 solum,
1663 3180 1719 3245 sed

464 3470 487 3517 4.
505 3479 546 3531 spe
561 3466 705 3529 republica
719 3470 869 3527 recuperato
885 3466 954 3515 coni.
973 3464 1117 3516 Lambinus
1132 3464 1209 3531 prob.
1229 3464 1314 3517 lladv.
1331 3478 1359 3529 p.
1375 3463 1432 3516 469.
1452 3488 1479 3499 -
1498 3464 1523 3515 2.
1540 3464 1657 3514 aciem
1670 3464 1720 3513 duo

396 3543 502 3593 cauam
518 3542 634 3605 paludati
655 3540 775 3591 habeti
795 3566 822 3578 ·-
840 3541 977 3591 bominibus
992 3543 1042 3592 PG
1061 3568 1088 3577 -
1106 3540 1339 3592 eoemotimiburl’
1359 3566 1386 3575 -
1405 3542 1429 3590 5.
1448 3540 1595 3589 11444414)-
1614 3540 1721 3589 cohortis

397 3620 442 3670 PG
458 3644 483 3655 -
497 3618 522 3668 t.
536 3618 580 3681 qut
595 3618 625 3667 S:
644 3617 710 3679 qood
721 3616 766 3666 l’t}
781 3614 858 3681 (quod
868 3642 904 3653 ·-
915 3618 1105 3681 confirmarant,
1120 3616 1284 3679 pomoque
1294 3615 1502 3677 ltommsenius.)
1516 3640 1543 3651 -
1562 3627 1589 3664 ss
1598 3614 1637 3680 de]
1647 3628 1720 3677 scope

398 3694 458 3743 G·
478 3692 509 3743 ita
525 3694 586 3744 PG:
605 3692 714 3742 4410-
732 3691 902 3741 timoratae
917 3705 1037 3755 processa
1053 3694 1110 3741 P-
1128 3692 1153 3742 8.
1171 3691 1622 3756 [ocimaG-utttto--odmdere
1638 3690 1721 3742 habet

397 3772 418 3819 Α
432 3792 460 3804 -
477 3766 633 3831 uomrmslis
648 3766 700 3817 AG
713 3793 739 3801 -
759 3764 873 3815 4144141
889 3766 996 3817 Servius
1013 3766 1048 3817 sd
1059 3766 1155 3831 Georg.
1169 3769 1188 3827 l,
1203 3767 1264 3826 484;
1282 3767 1385 3817 simulo
1396 3765 1557 3817 Hildebrand
1574 3766 1609 3817 ad
1619 3766 1718 3817 Amob.

398 3844 434 3904 ll,
452 3857 477 3895 c.
495 3844 542 3904 ii;
561 3841 610 3894 sed
625 3841 737 3892 nitedula
753 3840 877 3891 firmati
897 3870 924 3879 -
945 3843 983 3893 .lt.
1000 3844 1028 3893 P.
1047 3844 1080 3902 P;
1100 3846 1244 3905 .p.r.o-
1263 3844 1385 3894 edredo-s
1400 3844 1491 3894 ΑΡ-
1509 3843 1721 3894 aise--craam

398 3918 515 3970 habeta
535 3944 562 3954 —
581 3918 622 3968 40.
640 3916 837 3982 pusioloeliorso
853 3919 886 3977 P;
913 3918 990 3981 gauto
1010 3918 1125 3976 latiores
1140 3919 1176 3975 G;
1203 3919 1313 3984 †Gooii
1333 3918 1395 3969 Oleli
1414 3918 1503 3968 borres
1519 3917 1552 3978 03
1579 3930 1612 3967 ac
1627 3918 1721 3967 dsaarto

398 3994 464 4046 Gavi
485 3992 547 4044 Oleli
561 4006 623 4043 rore
645 3993 713 4043 coni.
733 3990 878 4055 Madvigius
898 4004 924 4056 p.
943 3990 1007 4051 llt;
1029 4004 1062 4042 ec
1086 3992 1180 4042 deserto
1196 3992 1271 4043 Gauii
1287 3996 1304 4058 †
1321 3992 1382 4042 Oleli
1399 3991 1481 4056 (Ofelli
1497 3990 1539 4042 vel
1556 3992 1635 4056 loeti)
1650 3992 1722 4042 horto

398 4069 487 4120 colotis
502 4069 567 4119 ovib
583 4070 613 4119 C.
631 4070 658 4119 F.
678 4068 845 4119 Hermannus
862 4068 888 4117 in
905 4068 1084 4133 disputatione
1101 4066 1136 4117 de
1153 4067 1179 4117 41.
1192 4064 1209 4117 l.
1229 4066 1292 4119 4848
1310 4068 1447 4130 Gottingae
1463 4066 1534 4118 edite
1551 4065 1588 4130 tet
1603 4065 1722 4118 similiter

398 4146 432 4196 ll.
446 4144 578 4205 llertzlus,
597 4142 644 4194 sed
663 4142 783 4194 Gooiotue
798 4155 847 4206 pro
862 4142 1020 4206 gouioloui);
1038 4155 1072 4192 ec
1091 4142 1186 4193 dumio
1207 4142 1287 4192 Gooio
1308 4141 1382 4192 uma
1401 4155 1445 4193 ore
1460 4154 1478 4191 a
1494 4142 1583 4192 ociotis
1597 4142 1685 4193 Gcoits
1699 4142 1720 4193 l.

399 4220 516 4285 leepius;
539 4232 572 4271 aa
588 4220 682 4271 domm
700 4220 779 4270 Gosaio
795 4219 902 4269 laetiora
918 4218 944 4268 ia
961 4232 1027 4268 suro
1044 4220 1094 4268 cet.
1113 4215 1225 4281 llaehly.
1251 4219 1307 4268 Nec
1329 4215 1417 4282 placet
1432 4216 1505 4281 quod
1520 4216 1586 4267 mihi
1601 4217 1628 4267 ln
1645 4229 1723 4269 men-

398 4296 454 4345 tem
470 4294 561 4345 venit:
587 4306 620 4345 ee
642 4294 736 4345 deserto
752 4292 872 4343 duculos
886 4294 950 4357 (tore
965 4306 983 4343 c
998 4292 1088 4343 cuiatis
1104 4295 1156 4343 cet.
1177 4316 1204 4329 —
1223 4292 1314 4342 calmo
1328 4292 1412 4355 goras
1427 4296 1459 4352 1³;
1477 4292 1567 4344 11141441
1581 4294 1671 4357 protes
1686 4294 1719 4352 G;

398 4369 487 4419 colatis
501 4368 590 4433 pronis
605 4370 662 4429 a0;
684 4382 702 4419 a
720 4368 816 4419 Galatis
833 4367 919 4418 Gcoiu
935 4368 1139 4429 llommaenius,
1157 4380 1210 4432 qua
1226 4366 1340 4418 lectione
1357 4367 1430 4431 origo
1447 4365 1542 4419 Gallica
1559 4368 1659 4419 homini
1676 4366 1723 4418 ob-

398 4444 534 4503 iiceretur;
557 4444 780 4508 praepositionem
798 4455 815 4492 o
831 4454 864 4493 ex
880 4442 1027 4503 olceborec,
1050 4442 1096 4491 ubi
1112 4441 1249 4504 adhaesit,
1271 4443 1473 4507 assumpsimus.
1494 4468 1522 4479 -
1540 4443 1581 4493 44.
1597 4442 1723 4507 qoiutteos

397 4515 427 4571 Ρι
445 4544 473 4555 -
497 4516 580 4569 utitor
601 4520 663 4579 PG;
687 4518 783 4569 Attiiios
799 4519 833 4576 0;
860 4517 893 4567 cl.
912 4516 1039 4568 Wesenb.
1057 4529 1084 4581 p.
1103 4516 1135 4567 39
1152 4519 1207 4567 not.
1219 4516 1245 4566 2.
1265 4542 1293 4554 ·-
1316 4516 1415 4567 tubulos
1430 4518 1464 4566 G:
1485 4516 1582 4574 iubata.
1598 4520 1631 4580 P,
1649 4519 1722 4571 unde

397 4592 513 4659 praeteri
528 4594 695 4644 Hermaonus
711 4607 737 4658 p.
756 4593 771 4643 7
788 4592 914 4653 tabulam
937 4594 965 4643 at
981 4594 1093 4657 apparet
1108 4593 1135 4642 in
1151 4604 1245 4643 rasura
1260 4593 1401 4656 vestigium
1417 4590 1520 4643 litterae
1536 4608 1549 4644 s
1566 4620 1595 4631 -
1614 4594 1655 4646 44.
1672 4608 1721 4646 ιω-

394 4668 502 4733 pectotio
519 4671 551 4732 G,
574 4669 699 4730 repetatis
716 4671 734 4719 P
754 4694 781 4706 -
800 4669 840 4718 tt.
858 4669 935 4719 etium
951 4680 1017 4731 quoe
1031 4671 1060 4729 P,
1079 4665 1127 4718 sed
1144 4665 1234 4717 addita
1250 4669 1313 4718 sunt
1328 4666 1402 4730 signa
1419 4669 1629 4732 transpositionis
1646 4682 1720 4734 apr.

398 4757 446 4806 m.,
465 4745 540 4795 ouius
556 4746 594 4795 rei
611 4744 709 4794 inscius
726 4742 855 4794 Wesenb.
871 4757 896 4808 p.
911 4742 942 4793 se
958 4745 1035 4793 etium
1051 4755 1115 4805 quoe
1130 4740 1267 4808 praetulit,
1286 4744 1348 4805 quia
1363 4742 1455 4802 etiosa,
1473 4742 1546 4807 qood
1562 4746 1646 4795 totam
1662 4756 1722 4794 sen-

399 4820 507 4870 tentiam
525 4832 589 4881 quoe
599 4844 635 4855 --
645 4832 685 4869 me
701 4817 882 4883 superioribus
899 4816 1036 4881 adiunget,
1054 4820 1085 4869 ut
1100 4818 1156 4869 iere
1172 4820 1206 4868 sit
1221 4818 1293 4868 idern
1307 4818 1379 4882 quod
1397 4818 1512 4880 meum,
1530 4818 1581 4868 rite
1597 4817 1632 4868 ab
1649 4818 1721 4869 initio

399 4896 537 4959 ponatur.»
556 4920 584 4931 -
604 4894 644 4945 46.
663 4895 706 4955 qai
722 4896 740 4944 P
758 4905 826 4943 corr.
846 4906 878 4943 ex
895 4906 942 4955 que
960 4919 987 4930 -·
1005 4893 1130 4943 &timidos
1146 4895 1165 4943 P
1182 4920 1216 4931 —-
1232 4894 1272 4943 ti.
1290 4893 1431 4943 ἀᾶιιιιιίοιιο
1448 4888 1478 4942 (4Ι
1497 4919 1523 4929 -
1543 4894 1583 4944 48.
1600 4895 1722 4956 penmrsu

398 4972 428 5021 4)ι
447 4995 474 5008 -
494 4970 535 5019 49.
553 4973 633 5019 oouue
649 4970 714 5019 dizit
730 4970 764 5027 P;
783 4969 944 5019 maerdice
960 4970 981 5019 G
999 4994 1026 5005 -
1045 4968 1087 5018 20.
1104 4968 1205 5020 mosiP
1222 4970 1311 5032 (snper
1328 4969 1338 5016 i
1354 4972 1396 5018 est
1412 4968 1436 5030 oi
1456 4993 1483 5004 -·
1501 4968 1627 5017 maiorica
1642 4968 1677 5016 liii
1692 4971 1721 5019 ΡΙ

401 5072 428 5082 -
447 5046 489 5095 ii.
507 5058 557 5095 eoo
581 5045 654 5095 modo
678 5045 800 5105 iudicari,
826 5045 868 5095 red
891 5058 923 5097 as
941 5045 1005 5109 ferri
1025 5044 1123 5105 quium
1143 5043 1311 5104 Schuetzius,
1337 5056 1417 5107 quam
1437 5044 1507 5093 coni.
1525 5042 1722 5094 commendavit

400 5116 506 5183 llaehly
526 5132 553 5184 p.
572 5118 613 5171 46.
639 5144 666 5156 -
693 5117 735 5170 tl.
754 5119 937 5181 pematotioac
953 5123 983 5172 P:
1007 5118 1231 5183 perorationes
1254 5120 1315 5183 (nen
1331 5120 1395 5170 item
1411 5123 1440 5180 P,
1458 5122 1489 5169 ut
1503 5118 1541 5169 ait
1556 5118 1719 5181 sumptura

400 5197 591 5248 emmatutious
607 5198 636 5248 L.
663 5194 701 5253 Ci.
720 5196 811 5249 Herm.
829 5208 856 5261 p.
875 5195 899 5253 7.
920 5222 948 5239 -
970 5194 1115 5266 inputem
1131 5196 1151 5245 Ρ
1168 5219 1195 5234 -
1213 5194 1376 5259 tbpoaimu
1391 5195 1453 5246 PG:
1477 5193 1612 5256 putidulum
1627 5193 1672 5243 a0
1690 5217 1718 5228 -
