4009 6159
784 569 947 636 ⁴⁴44
1391 570 1694 636 ORATIO
1738 570 1895 635 PRO
1942 568 2010 634 C.
2053 568 2378 633 RABIRIO
2423 567 2803 634 POSTUMO

784 766 910 809 non
951 744 1056 807 hic
1097 743 1519 826 imposuerat:
1564 741 1785 806 oderat
1815 741 2105 805 vestitum
2142 740 2329 804 etiam
2368 738 2580 814 illum,
2624 737 2738 803 sed
2769 736 2905 802 sine
2937 757 3015 802 eo
3041 757 3161 801 nec
3187 755 3453 802 nomen

785 838 938 902 illud
988 843 1235 922 poterat
1273 856 1393 899 nec
1433 855 1663 899 munus
1702 835 1885 898 tueri.
1942 835 2111 915 Ergo
2147 833 2400 897 «aderat
2426 832 2584 907 vis»,
2613 840 2684 896 ut
2712 831 2801 896 ait
2828 837 3016 914 poeta
3049 831 3159 896 ille
3187 838 3456 905 noster,

1336 949 1533 1012 «quae
1579 948 1851 992 summas
1893 928 2124 1009 frangit
2163 923 2561 1010 infirmatque
2604 945 2812 1009 opes.»

784 1022 886 1089 29.
931 1026 1309 1098 Mol-eretur,
1355 1023 1637 1107 inquies3
1681 1042 1827 1084 nam
1871 1022 1935 1085 id
1979 1021 2289 1105 sequitur.
2347 1021 2630 1083 Fecisset
2658 1025 2846 1093 certe,
2891 1019 2946 1082 si
2976 1020 3116 1083 sine
3146 1019 3455 1082 maximo

740 1119 1097 1185 sdedecore
1152 1125 1280 1180 tam
1337 1115 1652 1200 impeditis
1710 1118 1839 1179 suis
1882 1115 2070 1178 rebus
2114 1114 2426 1197 potuisset
2473 1109 2744 1197 [emori].
2828 1114 2941 1176 XI.
2983 1112 3195 1176 Nolite
3236 1113 3461 1194 igitur

783 1213 1098 1277 fortunam
1146 1219 1511 1275 convertere
1555 1211 1623 1273 in
1668 1209 1949 1292 culpam,
2001 1227 2210 1291 neque
2252 1209 2420 1290 regis
2463 1208 2754 1271 iniuriam
2797 1208 2986 1271 huius
3030 1206 3268 1269 crimen
3310 1226 3460 1288 pu-

783 1316 947 1380 tare,
992 1326 1108 1369 nec
1154 1305 1487 1368 consilium
1533 1324 1613 1366 ex
1659 1304 2034 1366 necessitate
2078 1322 2195 1364 nec
2227 1300 2611 1364 voluntatem
2642 1321 2724 1364 ex
2753 1303 2814 1365 vi
2843 1301 3260 1384 interpretari,
3304 1300 3458 1362 uisi

782 1400 947 1464 forte
991 1418 1101 1463 eos
1145 1399 1363 1474 etiam,
1408 1398 1521 1481 qui
1563 1399 1630 1460 in
1672 1395 1886 1459 hostes
1931 1403 2039 1460 aut
2078 1396 2144 1457 in
2178 1395 2529 1477 praedones
2558 1394 2914 1470 inciderint,
2945 1395 2998 1458 si
3028 1395 3214 1457 aliter
3241 1394 3458 1477 quip-

785 1495 956 1579 piam
1000 1493 1199 1556 coacti
1241 1492 1471 1556 saciant
1514 1510 1587 1554 ac
1628 1489 1848 1565 liberi,
1906 1487 2358 1573 vituperandos
2403 1497 2609 1570 putes.
2680 1491 2877 1553 Nemo
2920 1497 3206 1553 nostrum
3246 1490 3457 1570 igno-

713 1608 767 1655 ιο
786 1596 916 1662 rat,
961 1586 1150 1649 etiam
1194 1586 1249 1650 si
1293 1586 1538 1670 experti
1578 1602 1709 1646 non
1753 1604 2002 1658 sumus,
2049 1582 2570 1645 consuetudinem
2610 1583 2867 1666 regiam.
2933 1584 3174 1665 Regum
3216 1588 3451 1644 autem

788 1690 935 1745 sunt
973 1681 1131 1744 haec
1173 1679 1440 1762 imperia
1487 1677 1803 1740 «animum
1845 1677 2103 1740 advorte
2147 1695 2221 1739 ac
2264 1675 2432 1739 dicto
2476 1696 2699 1759 paren:
2759 1683 2825 1740 et
2872 1683 3155 1761 «praeter
3193 1674 3452 1757 rogita-

787 1781 922 1838 tum
964 1775 1018 1837 si
1067 1772 1294 1858 quide:
1339 1780 1404 1834 et
1444 1772 1590 1834 illae
1635 1770 1876 1832 minae:
2273 1775 2277 1778 ’

1379 1866 1432 1929 si
1477 1874 1538 1929 te
1584 1863 1865 1928 secundo
1908 1864 2149 1929 lumine
2189 1864 2295 1929 hic
2337 1865 2696 1940 offendero,

1374 1959 1680 2024 moriere:

717 2077 772 2123 ⁴5
791 2076 955 2141 quae
1011 2075 1175 2129 non,
1231 2060 1305 2117 ut
1358 2053 1745 2117 delectemur
1799 2053 2036 2130 solum,
2101 2052 2306 2136 legere
2363 2061 2428 2118 et
2483 2059 2767 2138 spectare
2812 2052 3146 2129 debemus,
3202 2052 3315 2115 sed
3360 2059 3449 2115 ut

792 2169 1011 2215 cavere
1054 2149 1238 2212 etiam
1283 2154 1347 2211 et
1385 2147 1603 2229 fugere
1648 2148 1980 2212 discamus.

958 2241 1060 2308 30.
1101 2243 1186 2307 At
1224 2262 1308 2306 ex
1346 2240 1469 2305 hoc
1510 2242 1651 2324 ipso
1696 2242 1932 2304 crimen
1976 2245 2275 2306 exoritur.
2339 2242 2449 2306 Ait
2490 2242 2694 2317 enim,
2755 2260 2890 2305 cum
2932 2240 3197 2307 Gabinio
3240 2262 3448 2326 pecu-

791 2339 958 2402 niam
1001 2339 1333 2400 Postumus
1377 2342 1660 2417 cogeret,
1706 2335 1985 2398 decumis
2019 2334 2064 2415 -Ξ-
2094 2336 2542 2418 imperatorum
2587 2337 2921 2418 pecuniam
2961 2337 3082 2400 sibi
3123 2337 3444 2419 coegisse.

791 2435 931 2496 Non
975 2430 1259 2513 intelligo
1304 2427 1429 2491 hoc
1470 2427 1657 2510 quale
1703 2429 1819 2491 sit:
1879 2436 2086 2492 utrum
2132 2431 2560 2492 accessionem
2604 2429 2938 2506 decumae,
2986 2438 3058 2494 ut
3099 2431 3297 2494 nostri
3338 2429 3448 2493 fa-

720 2542 936 2591 socere
981 2530 1304 2587 coactores
1358 2521 1566 2586 solent
1618 2523 1685 2584 in
1729 2523 2096 2596 centesima,
2155 2542 2235 2585 an
2291 2522 2722 2586 decessionem
2778 2524 2856 2587 de
2908 2545 3147 2588 summa
3192 2523 3442 2587 fecerit.

794 2619 860 2682 Si
904 2617 1353 2692 accessionem,
1411 2614 1710 2679 undecim
1755 2615 1927 2678 milia
1970 2615 2272 2680 talentum
2317 2616 2396 2679 ad
2451 2616 2784 2680 Gabinium
2830 2627 3271 2701 pervenerunt.
3349 2621 3445 2681 At

790 2733 924 2777 non
966 2710 1153 2774 modo
1197 2711 1308 2774 abs
1353 2717 1414 2773 te
1459 2710 1677 2773 decem
1719 2709 1891 2772 milia
1933 2710 2173 2774 obiecta
2217 2719 2393 2786 sunt,
2443 2711 2555 2774 sed
2600 2713 2789 2775 etiam
2832 2713 2911 2775 ab
2953 2712 3054 2776 his
3085 2715 3439 2776 aestimata.

792 2803 895 2871 3⁴.
937 2805 1118 2870 Addo
1174 2802 1333 2867 illud
1378 2804 1599 2867 etiam:
1659 2804 1769 2886 qui
1825 2803 2077 2866 tandem
2123 2806 2416 2867 convenit
2459 2813 2569 2867 aut
2610 2813 2736 2869 tam
2781 2806 2952 2887 gravi
2997 2826 3190 2870 onere
3235 2807 3441 2869 tribu-

792 2910 1000 2965 torum
1065 2897 1148 2962 ad
1209 2904 1443 2961 tantam
1488 2897 1822 2980 pecuniam
1867 2897 2212 2979 cogendam
2256 2898 2427 2961 mille
2472 2898 2775 2961 talentum
2821 2901 3248 2962 accessionem
3293 2920 3438 2963 esse

718 2996 1057 3069 asfactam,
1098 2998 1211 3057 aut
1252 2992 1318 3054 in
1361 2997 1534 3054 tanta
1575 2989 1861 3054 mercede
1904 2991 2210 3066 hominis,
2252 2999 2326 3055 ut
2368 2991 2492 3064 vis,
2537 2991 2884 3055 avarissimi
2922 2991 3095 3055 mille
3130 2992 3438 3056 talentum

794 3088 1229 3153 decessionem
1273 3105 1413 3149 esse
1456 3087 1866 3149 concessam?
1912 3086 2132 3167 Neque
2179 3085 2342 3146 enim
2384 3084 2507 3147 fuit
2536 3085 2785 3147 Gabinii
2829 3087 3150 3149 remittere
3188 3093 3437 3159 tantum

794 3184 874 3247 de
917 3201 1063 3257 suo,
1119 3200 1238 3244 nec
1295 3180 1460 3262 regis
1503 3179 1828 3260 imponere
1871 3183 2116 3240 tantum
2161 3178 2292 3259 pati
2337 3176 2492 3241 suis.
2538 3212 2619 3222 —-·
2660 3180 2741 3241 At
2783 3186 2969 3242 erunt
3011 3187 3202 3242 testes
3246 3180 3434 3261 legati

793 3274 1222 3340 Alexandrini.
1251 3307 1333 3319 —-
1376 3274 1428 3335 Ii
1469 3272 1629 3335 nihil
1673 3272 1740 3334 iu
1784 3271 2119 3334 Gabinium
2163 3269 2493 3348 dixerunt3
2539 3272 2730 3334 immo
2781 3268 2871 3356 [ii]
2915 3272 3251 3336 Gabinium
3293 3274 3435 3336 lau·

927 3470 975 3518 4.
1010 3467 1087 3517 hic
1120 3466 1187 3515 b:
1222 3466 1311 3515 hoc
1344 3463 1499 3516 codd.
1536 3464 1881 3514 Mommsenio
1916 3477 2003 3514 vv.
2027 3478 2126 3515 nou
2156 3466 2204 3515 h.
2230 3467 2404 3528 impos.
2435 3464 2698 3529 glossema
2721 3466 2983 3517 videntur.
3013 3492 3064 3504 -
3104 3469 3154 3519 5.
3192 3468 3438 3530 impeditis

797 3544 1072 3596 ed.1uut.:
1106 3541 1403 3604 impudentis
1423 3538 1581 3590 codd.
1611 3565 1665 3575 —
1699 3541 1912 3602 potuisse
1946 3542 1979 3590 S
2004 3567 2058 3576 —
2097 3542 2274 3601 mori,
2313 3542 2462 3592 cuius
2497 3540 2614 3592 loco
2648 3542 2779 3591 mori
2805 3543 3173 3606 exspectares,
3211 3545 3436 3595 Patricio

794 3617 1297 3684 glossa-videbatur.
1324 3643 1379 3652 —
1420 3617 1468 3666 6.
1505 3616 1595 3666 hoc
1628 3616 1814 3665 crimen
1846 3617 1883 3668 U
1922 3642 1976 3652 -
2007 3621 2192 3678 putare
2225 3616 2257 3664 S
2278 3617 2344 3668 U:
2375 3616 2558 3677 punire
2591 3616 2692 3666 EV
2716 3618 2814 3680 (pr.
2840 3618 2934 3678 m.)
2965 3617 2995 3666 6
3019 3619 3143 3669 Oxx.
3175 3647 3229 3657 —
3269 3620 3318 3668 7.
3343 3633 3437 3670 ne-

793 3709 889 3758 que
917 3695 1015 3746 vol.
1040 3695 1080 3745 E
1108 3719 1162 3729 —·
1198 3694 1248 3744 8.
1283 3692 1432 3742 hostis
1453 3693 1492 3741 C
1517 3717 1573 3728 —
1611 3692 1871 3753 quippiam
1895 3692 2014 3742 CG:
2053 3691 2311 3752 quidpiam
2333 3693 2373 3742 Ο
2400 3717 2453 3727 -
2492 3692 2542 3742 9.
2567 3705 2630 3741 ac
2660 3692 2802 3742 liberi
2825 3692 3112 3756 Madvigius
3136 3697 3192 3744 et
3210 3695 3438 3746 Momm-

794 3771 999 3822 senius:
1049 3767 1197 3818 iibere
1231 3767 1359 3824 CG‚
1396 3767 1427 3814 5
1461 3764 1617 3825 Oxx.;
1664 3765 1841 3816 liberos
1871 3768 1963 3818 Ox.
2000 3767 2071 3824 T;
2107 3780 2258 3828 quam
2289 3766 2436 3816 libere
2470 3768 2509 3817 Ο
2545 3780 2668 3817 cum
2705 3769 2792 3818 ed.
2827 3769 2994 3825 lunt.;
3030 3769 3189 3819 coacti
3218 3770 3432 3833 faciant,

791 3844 1142 3906 vituperandos
1179 3842 1360 3904 putetis
1400 3841 1652 3891 Patricius
1688 3867 1742 3876 —
1798 3844 1877 3893 40.
1914 3840 2095 3905 autem]
2131 3842 2260 3891 enim
2293 3842 2435 3893 idem
2474 3869 2528 3879 -
2567 3845 2646 3894 Η.
2683 3845 2909 3894 animum
2940 3845 3145 3895 advorte
3176 3845 3431 3910 Scaliger:

794 3918 1137 3969 animadverte
1169 3917 1207 3966 C
1229 3916 1268 3966 Ο
1308 3941 1360 3952 -·
1398 3928 1461 3964 ac
1493 3915 1624 3965 dicto
1666 3917 1812 3978 (HV,
1849 3918 1941 3968 Ox.
1978 3918 2033 3979 T)
2069 3915 2152 3966 vel
2186 3918 2384 3968 addicto
2418 3917 2603 3970 codd.:
2639 3924 2687 3968 et
2718 3920 2846 3969 dicto
2880 3921 2949 3979 Ο,
2983 3925 3031 3969 et
3063 3920 3304 3971 Ciceroni
3340 3923 3437 3971 tri-

793 3993 984 4046 busne.
1024 4017 1078 4029 -—
1119 3992 1198 4042 ⁴2.
1234 3989 1276 4039 si
1309 3990 1428 4051 quid
1460 3991 1646 4053 scripsi
1672 4005 1683 4039 :
1719 3991 1762 4040 si
1789 3993 1873 4055 pie
1903 3990 1983 4042 vel
2016 3992 2135 4055 piae
2157 3992 2361 4054 (EUV‚
2398 3993 2429 4045 4
2452 3993 2599 4056 Oxx.)
2623 3995 2714 4043 aut
2744 3994 2807 4043 sit
2834 3995 2917 4056 pie
2952 3995 3053 4056 (GS
3084 3997 3137 4045 et
3159 3995 3285 4045 Oxx.
3310 3997 3432 4058 Τψ)

796 4067 985 4126 codd.;
1022 4067 1063 4116 si
1096 4065 1355 4128 quippiam
1388 4077 1447 4122 a;
1485 4065 1526 4112 si
1560 4078 1776 4124 querare
1797 4069 1836 4116 O
1861 4081 1983 4118 cum
2010 4067 2094 4117 ed.
2122 4069 2286 4129 lunt.;
2321 4069 2365 4117 si
2396 4069 2606 4131 loquare
2638 4069 2756 4119 cod.
2784 4070 2994 4121 Hotom.
3021 4096 3076 4106 -
3111 4071 3279 4121 minae
3310 4073 3432 4124 GU:

791 4144 847 4193 in
876 4154 956 4193 me
988 4141 1113 4200 BV,
1150 4140 1181 4190 3
1215 4139 1371 4199 Oxx.;
1408 4152 1541 4188 nunc
1573 4140 1606 4189 S
1645 4166 1699 4176 -
1738 4140 1818 4191 43.
1854 4142 1943 4192 hoc
1976 4143 2217 4203 codices;
2254 4144 2348 4193 huc
2380 4142 2435 4193 b.
2484 4145 2709 4208 Repetiit
2738 4144 2880 4195 hunc
2914 4159 3129 4197 versum
3163 4146 3348 4197 Cicero
3382 4146 3434 4196 in

795 4231 880 4282 ep.
918 4215 986 4266 ad
1019 4216 1121 4265 Att.
1157 4215 1273 4274 vn,
1312 4215 1406 4276 26,
1446 4216 1501 4274 4,
1551 4213 1643 4264 ubi
1676 4218 1823 4266 recte
1858 4217 2014 4267 codd.
2051 4218 2130 4267 hic
2168 4246 2222 4255 —
2261 4219 2338 4268 ⁴5.
2375 4219 2532 4269 solum
2565 4220 2741 4273 SUV:
2789 4221 2950 4270 aidum
2981 4223 3022 4272 E
3056 4224 3112 4272 et
3142 4220 3174 4273 4
3210 4222 3333 4271 Oxx.
3374 4248 3429 4258 -

795 4293 874 4344 46.
912 4297 958 4342 οι
986 4291 1158 4353 rupere
1190 4290 1281 4340 Ox.
1320 4289 1364 4339 H
1399 4290 1451 4339 et
1488 4290 1766 4342 Patricius:
1818 4294 2031 4355 effuyere
2064 4293 2214 4343 EGS
2250 4294 2303 4342 et
2334 4291 2446 4343 rell.
2485 4294 2639 4354 Oxx.;
2685 4296 2835 4344 eciam
2866 4299 3082 4362 effugere
3112 4297 3184 4355 Vi
3231 4301 3279 4346 et
3308 4298 3437 4358 effu·
3504 4335 3512 4344 .

791 4379 909 4432 pere
940 4366 1037 4418 UO
1072 4390 1127 4400 —
1165 4364 1414 4413 discarms
1446 4365 1512 4416 U:
1551 4365 1779 4415 dicamur
1813 4366 1969 4417 codd.
2006 4366 2150 4429 rell.‚
2193 4368 2289 4419 sed
2323 4369 2369 4415 V
2401 4382 2536 4419 corr.
2575 4382 2639 4419 ex
2673 4371 2887 4420 dicimur
2920 4397 2974 4408 —
3016 4372 3094 4421 47.
3130 4384 3245 4420 omn
3276 4371 3436 4421 Lam-

792 4442 979 4493 binus:
1016 4453 1122 4490 om.
1160 4439 1347 4497 codd.;
1396 4440 1514 4490 dum
1546 4441 1636 4491 aO
1674 4468 1729 4478 -
1768 4442 1846 4492 48.
1884 4444 2099 4494 decumis
2135 4443 2234 4493 CG
2268 4445 2322 4493 et
2352 4443 2383 4493 ⁴·
2419 4442 2569 4494 Oxx.:
2618 4457 2684 4493 ex
2716 4447 2929 4496 decianis
2959 4446 2996 4496 b
3018 4446 3058 4495 0
3099 4473 3148 4483 -
3190 4447 3435 4513 imperato

790 4520 855 4570 iis
896 4532 955 4577 a;
1000 4518 1259 4580 imperatis
1300 4517 1482 4568 Lamb.
1528 4518 1579 4567 in
1629 4531 1826 4581 marg.;
1880 4520 2110 4568 decumas
2152 4518 2515 4579 imperatarum
2548 4520 2877 4580 pecuniarum
2918 4519 3263 4584 probabiliter
3294 4523 3430 4572 coni.

792 4593 1082 4657 Madvigius
1106 4618 1161 4628 —
1200 4593 1281 4643 20.
1318 4593 1372 4641 in
1405 4594 1668 4642 centesima
1702 4606 1828 4644 nos:
1864 4593 2080 4643 centima
2105 4591 2291 4651 codd.;
2327 4595 2589 4643 centesima
2621 4592 2686 4654 b;
2724 4594 3012 4645 centesimae
3032 4597 3071 4646 Ο
3096 4610 3219 4647 cum
3246 4596 3430 4647 Lamb.

798 4696 852 4705 —
888 4670 969 4719 24.
1007 4668 1067 4731 si]
1102 4668 1185 4717 sed
1217 4669 1255 4720 U
1293 4692 1348 4702 -·
1394 4668 1633 4718 talentum
1665 4681 1770 4718 om.
1811 4668 1849 4718 E
1885 4694 1949 4704 —-
1995 4669 2077 4718 22.
2115 4666 2178 4716 ab
2211 4668 2274 4716 iis
2315 4668 2473 4719 EUV
2511 4696 2564 4705 —
2609 4670 2691 4719 23.
2730 4675 2834 4719 tam
2865 4671 3015 4734 yravi
3046 4686 3192 4723 onere
3222 4673 3435 4723 tributo-

792 4756 908 4792 rum
949 4747 1097 4792 tanta
1132 4741 1351 4804 pecunia
1396 4744 1618 4806 copenda
1646 4756 1715 4792 m.
1753 4748 1789 4792 t.
1826 4756 1876 4792 a.
1914 4755 1956 4792 c.
1991 4743 2206 4805 factam,
2253 4749 2342 4792 aut
2373 4744 2432 4792 de
2465 4747 2608 4793 tanta
2642 4746 2743 4793 cet.
2784 4745 3066 4805 PatriciuS‚
3113 4747 3210 4797 nisi
3243 4760 3328 4796 vv.
3364 4748 3434 4797 ad

793 4822 988 4867 laneam
1016 4829 1125 4878 pec.
1162 4818 1434 4881 acuendam
1468 4831 1562 4882 pro
1597 4817 1915 4881 glossemate
1949 4816 2196 4868 habenda
2230 4817 2350 4867 sint.
2390 4840 2440 4852 -
2482 4818 2560 4867 25.
2601 4823 2691 4867 aut
2721 4819 2797 4867 vis
2828 4820 2896 4879 E3
2934 4820 3050 4870 fort.
3075 4829 3132 4870 ut
3163 4826 3218 4871 tu
3247 4822 3339 4882 cis,
3374 4824 3435 4871 ut

794 4894 876 4942 est
908 4892 938 4956 S
971 4892 1053 4941 24.
1095 4917 1149 4927 -
1196 4893 1278 4943 26.
1314 4892 1486 4957 pabini
1527 4894 1568 4944 E
1605 4920 1657 4929 —
1711 4895 1793 4944 27.
1828 4907 1918 4943 uec
1960 4895 2092 4957 repis
2135 4894 2254 4955 imp.
2293 4898 2489 4942 tantum
2516 4894 2627 4955 pati
2657 4893 2758 4944 suis
2789 4896 2856 4947 U:
2902 4907 2991 4945 nec
3021 4896 3154 4959 repis
3185 4897 3435 4958 imponere

791 4973 985 5018 tantum
1028 4969 1087 5017 dc
1127 4980 1216 5018 suo
1256 4981 1345 5019 nec
1384 4969 1517 5032 repis
1559 4970 1809 5032 imponere
1848 4974 2042 5020 tantum
2080 4969 2192 5031 pali
2223 4968 2325 5018 suis
2356 4967 2397 5017 E
2415 4969 2447 5018 S
2466 4968 2537 5027 V;
2583 4981 2672 5018 nec
2702 4969 2836 5031 regis
2866 4971 2985 5031 imp.
3021 4975 3161 5020 tanto
3188 4971 3303 5032 pius
3333 4972 3435 5020 suis

792 5043 912 5093 cod.
952 5044 1189 5101 Hotom.;
1226 5044 1413 5105 imponi
1448 5045 1584 5093 coni.
1624 5045 1895 5099 Graevius:
1937 5043 2161 5102 rectius,
2199 5042 2402 5107 opinor,
2439 5043 2688 5093 Patricius
2722 5041 2975 5093 intellexit
3001 5044 3112 5105 pati
3144 5042 3434 5095 tollendum

793 5131 938 5179 esse,
976 5132 1082 5183 quo
1116 5118 1325 5170 sublato
1360 5119 1569 5183 egregia
1605 5120 1805 5171 exsistit
1835 5118 2220 5169 adnominatio:
2257 5119 2507 5168 remittere
2538 5123 2734 5168 tantum
2767 5119 2825 5168 de
2856 5132 2946 5168 suo
2969 5121 3022 5169 et
3043 5118 3295 5180 imponere
3316 5124 3434 5168 tan-

793 5197 898 5242 tum
929 5194 1046 5242 suis.
1088 5218 1143 5229 —
1184 5199 1238 5243 at
1270 5199 1415 5243 erunt
1446 5192 1759 5258 Madvigius:
1797 5194 2010 5242 aderunt
2044 5193 2081 5242 C
2103 5194 2170 5248 0:
2207 5193 2418 5244 aderant
2452 5195 2494 5242 G
2531 5218 2586 5230 -
2622 5193 2703 5243 28.
2740 5193 2934 5244 ii--ii
2966 5194 3095 5245 CG:
3132 5191 3362 5252 alterum,
3393 5194 3436 5244 ii

796 5279 921 5318 cum
954 5268 1191 5321 Ernestio
1226 5266 1553 5320 inclusimus.
1592 5295 1644 5306 ——
1682 5269 1919 5320 dixeram
1951 5269 1993 5317 G
2025 5278 2107 5331 pr.
2145 5279 2218 5319 m.
