4009 6159
359 533 441 603 isse
643 585 646 590 .
686 538 838 604 omrro
859 495 938 605 ruo
962 536 995 602 c.
1017 538 1181 603 mamm
1203 537 1393 604 rosruuo

358 715 442 784 erat,
465 707 521 772 sed
543 708 584 772 ad
606 712 639 773 P.
660 708 804 784 Lentuli,
826 709 992 773 clarissimi
1013 709 1089 798 viri,
1111 708 1327 772 auctoritatem
1342 727 1361 771 a
1378 713 1490 772 senatu
1508 707 1681 794 proiectam

335 803 389 866 'st
410 803 542 866 consilio
563 810 650 866 certo
673 811 706 866 et
725 823 782 886 spe
803 822 869 866 non
891 801 987 866 dubia
1009 803 1108 866 Roma
1129 801 1344 866 contenderet

427 891 479 958 92.
493 896 535 959 At
548 896 706 960 dioecetes
721 896 783 960 fuit
796 897 912 979 regius.
927 929 970 941 —
990 897 1032 960 Et
1047 894 1176 980 quidem
1192 895 1226 959 in
1241 896 1387 960 custodia
1401 896 1496 959 etiam
1510 895 1572 961 luit
1584 897 1682 980 regis,

357 996 390 1052 et
417 989 465 1052 vis
493 990 576 1053 vitae
605 991 674 1055 eius
695 991 790 1054 allata
811 1010 911 1076 paene
934 997 998 1067 est;
1029 991 1127 1053 multa
1147 981 1440 1094 praeterea,(quae
1465 986 1565 1053 libido
1587 991 1682 1073 regis,

193 1105 270 1185 aa,
333 1098 442 1168 aquae
463 1085 636 1148 necessitas
658 1084 761 1176 coepit
781 1069 939 1182 perferre)
957 1083 1096 1168 pertulit.
1111 1118 1153 1128 -
1176 1084 1316 1160 Quarum
1339 1085 1481 1147 omnium
1496 1104 1602 1149 rerum
1618 1103 1684 1148 una

355 1177 562 1261 reprehensio
583 1186 647 1254 est,
676 1179 764 1261 quod
786 1198 918 1260 regnum
939 1178 1078 1251 intrarit:
1107 1177 1192 1261 quod
1219 1177 1367 1260 potestati
1390 1197 1424 1241 se
1446 1177 1529 1257 regis
1552 1177 1683 1241 commi-

355 1272 441 1335 serit
478 1273 597 1336 Verum
624 1273 650 1335 si
678 1272 875 1356 quaerimus,
904 1271 1009 1335 stulte.
1047 1271 1132 1348 Quid
1162 1272 1245 1334 enim
1275 1271 1403 1334 stultius
1425 1291 1520 1356 quarn
1541 1271 1682 1356 equitem

354 1367 531 1429 Romanum
554 1387 595 1429 ex
615 1366 675 1428 hac
694 1366 783 1441 urhe,
804 1365 910 1440 huius,
933 1366 1074 1449 inquam,
1096 1367 1142 1428 rei
1164 1365 1310 1448 publicae
1324 1367 1435 1439 civem,
1458 1384 1539 1449 quae
1554 1371 1602 1428 est
1616 1383 1683 1429 una

356 1461 494 1524 maxime
516 1470 548 1523 et
567 1459 627 1523 luit
649 1479 775 1544 semper
795 1459 912 1534 lihera,
935 1460 1042 1523 venire
1057 1459 1091 1522 in
1105 1480 1180 1523 eum
1194 1459 1310 1534 locum,
1332 1459 1386 1521 uhi
1402 1459 1576 1541 parendum
1590 1459 1681 1522 alteri

318 1563 388 1620 sset
408 1553 611 1619 serviendum
633 1554 696 1618 siti
732 1554 787 1615 lx.
808 1550 860 1616 23.
883 1553 946 1616 Sed
968 1574 1028 1637 ego
1050 1555 1084 1617 in
1104 1554 1166 1618 hoc
1186 1560 1308 1617 tantum
1330 1554 1480 1617 Postumo
1502 1571 1568 1616 non
1589 1553 1681 1636 iquo-

233 1641 248 1728 ,’
355 1668 457 1723 scam,
478 1647 601 1736 homini
622 1647 824 1710 mediocriter
845 1646 952 1720 docto,
974 1649 1008 1709 in
1031 1667 1095 1732 quo
1114 1646 1239 1710 videam
1261 1647 1514 1731 sapientissimos
1535 1645 1680 1710 homines

313 1742 323 1812 ¹,
354 1763 425 1805 esse
446 1743 575 1825 lapsost
598 1743 708 1804 Virum
730 1760 828 1804 unum
850 1741 948 1804 totius
965 1741 1114 1804 Graeciae
1135 1740 1229 1804 facile
1251 1740 1485 1816 doctissimum,
1506 1740 1680 1818 Platonem,

353 1836 523 1919 iniquitate
543 1835 706 1919 Dionysii,
729 1833 855 1897 Siciliae
877 1835 1020 1920 ‘Quis
1043 1835 1093 1897 cui
1115 1855 1150 1898 se
1170 1833 1226 1898 ille
1241 1835 1459 1910 commiserat,
1480 1835 1513 1899 in
1535 1834 1680 1898 maximis

259 1968 272 2007 s
327 1938 335 1965 ¹¹
355 1929 503 2012 periculis
524 1928 714 2011 insidiisque
736 1946 806 1990 esse
823 1934 980 1991 versatum
1001 1929 1196 2013 accepimus:
1221 1927 1456 2003 Callisthenem,
1478 1929 1604 1993 doctum
1623 1927 1681 2010 ho:

249 2031 261 2098 2
316 2016 346 2086 is
354 2023 489 2097 minem,
512 2022 659 2085 comitem
680 2021 786 2103 Magni
808 2020 998 2097 Alexandri,
1021 2021 1060 2084 ah
1081 2020 1262 2085 Alexandro
1284 2030 1449 2085 necatum:
1474 2023 1679 2098 Demetrium,

355 2123 388 2180 et
408 2137 449 2180 ex
470 2136 506 2179 re
528 2111 668 2198 publica,
691 2135 784 2200 qaam
807 2117 925 2198 optime
947 2121 1104 2198 gesserat,
1128 2122 1159 2177 et
1181 2136 1222 2179 ex
1244 2115 1385 2179 doctrina
1406 2115 1546 2180 nohilem
1568 2123 1600 2180 et
1617 2116 1680 2180 cla·

354 2230 441 2284 rom,
463 2208 519 2292 qui
540 2208 710 2273 Phalereus
731 2208 889 2273 vocitatus
910 2217 974 2284 est,
1006 2210 1039 2271 ia
1061 2209 1174 2272 eodem
1194 2208 1251 2272 illo
1272 2209 1427 2292 Aegyptio
1449 2229 1548 2292 regno
1569 2209 1680 2292 aspide

354 2302 395 2366 ad
427 2322 542 2386 corpus
569 2303 696 2367 admota
725 2303 790 2366 vita
818 2322 888 2366 esse
917 2304 1084 2386 privatum.
1127 2298 1178 2364 dl.
1201 2302 1297 2365 Plane
1325 2299 1476 2367 confiteor
1503 2299 1571 2366 lieri
1600 2302 1680 2366 nihil

353 2416 447 2480 posse
470 2397 647 2461 dementius
669 2415 765 2480 qnam
787 2397 937 2460 scientem
960 2397 994 2458 in
1016 2415 1089 2459 eum
1111 2395 1215 2459 locum
1229 2396 1354 2471 venire,
1375 2397 1430 2460 uhi
1444 2397 1620 2462 libertatem
1636 2398 1680 2461 sis

316 2489 546 2574 saperditurns.
589 2491 651 2554 Sed
680 2489 774 2554 huius
802 2490 904 2572 ipsius
931 2489 1007 2552 facti
1038 2489 1201 2553 stultitiam
1223 2489 1277 2553 illa
1299 2490 1361 2554 ianr
1383 2491 1526 2575 superior
1547 2491 1681 2556 stultitia

355 2583 510 2659 defendit,
531 2605 613 2668 quae
634 2585 727 2659 tacit,
747 2591 783 2648 ut
803 2583 866 2648 hoc
886 2584 1106 2648 stultissimum
1123 2579 1287 2667 [lacinus],
1311 2584 1398 2669 quod
1421 2587 1454 2647 in
1475 2605 1606 2668 regnum
1626 2606 1681 2650 ve-

357 2678 456 2753 nerit,
477 2679 564 2761 quod
586 2679 653 2761 regi
674 2699 709 2741 se
730 2678 942 2754 commiserit,
967 2677 1129 2760 sapienter
1148 2677 1265 2742 iactum
1287 2697 1357 2742 esse
1379 2678 1538 2742 rideatur:
1560 2679 1586 2742 si
1609 2679 1680 2764 qui·

356 2770 427 2833 dem
456 2790 517 2833 noa
545 2780 609 2836 tam
639 2765 765 2856 semper
792 2772 881 2836 stulti
902 2792 997 2856 quam
1020 2790 1089 2835 sero
1112 2772 1261 2854 sapientis
1284 2778 1347 2846 est,
1377 2793 1448 2836 cum
1470 2774 1601 2837 stultitia
1622 2793 1680 2838 soa

351 2864 521 2947 impeditus
543 2866 597 2941 sit,
621 2885 751 2950 quoquo
774 2865 869 2928 modo
891 2867 991 2950 possit
1012 2887 1046 2929 se
1069 2867 1232 2950 expedire.
1274 2863 1324 2930 ⁶25.
1346 2866 1448 2943 Quem
1464 2866 1504 2929 oh
1518 2887 1584 2930 rem
1600 2867 1678 2930 illud

314 2965 478 3024 ramaneat
498 2966 531 3023 et
551 2957 648 3023 lixum
671 2961 728 3034 sit,
758 2960 845 3043 quod
874 2979 979 3044 neque
1001 2961 1121 3025 moveri
1143 2980 1249 3045 neque
1272 2961 1385 3023 mutari
1407 2966 1527 3043 potest:
1558 2962 1592 3024 in
1609 2961 1678 3045 'quo

352 3053 445 3137 aequi
468 3073 612 3135 sperasse
634 3055 817 3116 Postumum
839 3054 964 3128 dicunt,
994 3074 1141 3138 peccasse
1163 3056 1282 3138 iniqui,
1312 3055 1381 3137 ipse
1405 3055 1500 3119 eham
1522 3055 1678 3118 insanisse

351 3166 385 3210 se
408 3143 593 3223 confitetur,
614 3146 700 3230 quod
723 3167 829 3222 suam,
852 3147 938 3231 quod
960 3149 1132 3211 amicorum
1154 3149 1322 3232 pecuniam
1343 3148 1410 3231 regi
1425 3145 1594 3211 crediderit
1608 3167 1677 3211 cum

351 3249 440 3304 mato
470 3241 667 3305 fortunarum
698 3260 827 3304 suarum
859 3242 1016 3324 periculo:
1047 3242 1107 3305 hoo
1137 3242 1264 3327 quidem
1293 3243 1390 3306 semel
1413 3248 1560 3326 suscepto
1582 3247 1679 3325 atque

349 3437 390 3486 cel
409 3440 528 3498 motator,
550 3448 596 3485 isse
616 3435 653 3486 od
673 3435 703 3484 G.
723 3432 841 3484 llelmius
863 3435 892 3485 et
907 3435 1065 3500 Madvigius:
1088 3451 1138 3488 sos
1154 3437 1249 3501 petinii
1267 3437 1360 3501 (pchtoi
1377 3438 1407 3498 El
1423 3449 1503 3487 amnes
1517 3436 1557 3487 uel
1572 3441 1680 3488 sectator

350 3515 425 3574 seqot
440 3509 537 3574 qohioii
553 3509 648 3567 codd.;
672 3510 739 3558 Num
756 3509 786 3559 G.
804 3522 885 3559 comes
899 3511 938 3561 oet
958 3511 1084 3561 sectator?
1103 3513 1193 3577 Nepet.
1211 3513 1349 3563 Nemesim
1365 3513 1400 3563 od
1416 3512 1516 3563 Gabinii
1532 3513 1552 3564 0
1570 3516 1598 3564 et
1614 3512 1677 3564 edd.

350 3590 415 3638 vett.
434 3612 461 3623 -
481 3588 506 3637 2.
525 3587 630 3636 Romam
645 3583 667 3634 V
685 3611 711 3621 —
731 3586 887 3636 contenderet
903 3587 932 3646 C,
951 3586 966 3636 3
984 3585 1064 3636 Oris:
1083 3589 1242 3638 contenderat
1259 3588 1321 3637 0-
1340 3587 1364 3638 3.
1376 3588 1493 3638 dioecetes
1510 3601 1539 3637 a:
1557 3585 1683 3652 Dioqeoss

351 3656 430 3714 codd.
450 3687 478 3698 -
502 3655 527 3711 l.
549 3662 588 3711 cis
609 3659 676 3710 altos
696 3661 748 3710 eius
770 3659 928 3723 Madvigius:
953 3662 1006 3710 cito
1028 3661 1081 3710 dus
1097 3661 1175 3712 codd.
1194 3665 1222 3712 et
1238 3659 1258 3712 0
1276 3661 1337 3722 luite
1352 3661 1376 3711 ei
1391 3659 1478 3712 ohlau
1494 3661 1629 3725 Patricius)
1649 3689 1676 3699 -

350 3738 433 3788 moto
455 3737 506 3786 EG
528 3737 556 3786 et
576 3737 592 3786 2
609 3736 689 3786 orn:
716 3734 804 3786 ohloto
824 3736 903 3787 codd.
926 3734 984 3786 rell.
1008 3739 1036 3787 et
1056 3736 1075 3786 0
1094 3762 1122 3772 -
1146 3738 1311 3798 praecreat)
1338 3761 1365 3772 -
1392 3738 1417 3787 d.
1433 3737 1545 3800 perlem
1561 3737 1677 3800 EGSV,

350 3814 463 3864 donc:
486 3812 554 3875 [esve
570 3812 618 3863 llO
637 3837 664 3846 -
687 3824 796 3873 quaeraris
812 3811 855 3861 ed.
873 3812 1053 3874 Naugeriana:
1078 3824 1157 3873 quare
1173 3812 1206 3874 (Sl
1227 3810 1268 3861 vel
1286 3809 1434 3876 quasique)
1451 3811 1470 3863 C
1489 3815 1516 3863 et
1532 3812 1547 3863 3
1565 3813 1628 3863 011.
1649 3840 1677 3851 -

351 3889 375 3938 6.
393 3887 500 3952 serapis
516 3887 550 3939 ll:
568 3899 594 3935 se
610 3898 663 3936 om.
675 3886 696 3936 E
709 3887 786 3937 GSV
803 3890 831 3936 et
846 3887 862 3936 h
879 3887 958 3942 Osx.;
977 3887 1037 3936 lorl.
1055 3888 1123 3950 repis
1138 3900 1163 3936 ss
1180 3887 1241 3950 (rapi
1258 3887 1291 3947 E,
1309 3887 1369 3950 lepis
1386 3888 1414 3948 Gi
1429 3913 1456 3924 -
1476 3888 1499 3936 Ἰ.
1518 3888 1562 3949 qui
1577 3889 1642 3938 ssim
1658 3888 1678 3938 E

351 3964 379 4012 et
394 3961 411 4012 3
428 3963 491 4011 (lxx.
512 3986 539 3995 -
566 3961 590 4011 8.
609 3973 643 4010 ecc
665 3961 713 4011 hoc
733 3961 794 4011 arte
816 3959 894 4010 obelo
917 3961 1017 4011 notavit
1033 3960 1161 4011 Patricius
1186 3987 1213 3998 -
1241 3961 1281 4011 td.
1300 3961 1348 4011 Sed
1363 3961 1390 4010 io
1405 3961 1451 4010 hoc
1467 3965 1550 4011 mmor:
1565 3963 1679 4013 Poslurm

349 4040 478 4102 tpeoscm
495 4035 553 4085 cod.
574 4037 678 4086 Hotom.
698 4063 724 4072 -
744 4042 843 4086 tontum
859 4036 999 4087 Patricius:
1024 4037 1124 4086 taedas
1146 4035 1224 4086 codd.
1243 4033 1313 4094 rell:
1338 4041 1421 4086 tameo
1438 4035 1458 4086 0
1477 4062 1503 4072 -
1528 4036 1568 4087 tl.
1586 4037 1614 4086 ia
1630 4051 1679 4099 quo

351 4113 394 4165 ed.
413 4115 481 4164 lunt.
497 4116 525 4162 et
541 4112 675 4162 lluretus:
693 4125 742 4174 quo
758 4110 880 4169 EGSV;
899 4112 943 4172 qai
959 4113 994 4169 U:
1012 4123 1090 4172 quum
1106 4109 1188 4161 Klotz.
1204 4137 1229 4146 -
1251 4111 1289 4162 43.
1308 4112 1411 4173 turonos·
1427 4112 1490 4164 Sll:
1509 4116 1533 4162 et
1547 4113 1679 4174 mancida

350 4186 509 4250 Eetvpr.
529 4199 566 4236 m.
586 4211 614 4224 -
637 4185 999 4248 iomocinh--occepimus
1019 4199 1072 4237 om.
1092 4186 1140 4238 EU
1157 4186 1296 4238 et30u.
1315 4187 1406 4250 (CSxt
1427 4209 1455 4223 -
1479 4185 1519 4238 ti.
1537 4187 1680 4250 insidiisque

349 4277 382 4313 v:
400 4263 497 4312 insidiis
511 4261 647 4322 mediisque
663 4261 806 4322 (inertiisque
823 4262 876 4320 GS)
895 4262 971 4311 GSV
989 4264 1017 4312 et
1033 4261 1079 4312 Os.
1099 4272 1139 4325 ψ,
1158 4262 1217 4312 lort.
1231 4275 1265 4312 ex
1281 4262 1416 4322 mediisque
1430 4263 1458 4311 io
1473 4263 1569 4314 insidiis
1587 4289 1613 4300 -
1633 4278 1679 4315 co·

349 4340 459 4389 luterem
475 4339 492 4386 s
511 4363 538 4373 -
563 4335 603 4385 46.
622 4339 646 4386 et
661 4343 722 4385 onte
740 4349 773 4385 so
789 4349 842 4385 om.
862 4336 910 4385 SE
930 4363 956 4372 -
982 4349 1058 4396 quom
1075 4335 1234 4400 Madvigius:
1255 4336 1353 4387 Athenis
1373 4349 1450 4399 quom
1469 4338 1547 4389 codd.
1567 4342 1594 4390 si
1610 4340 1630 4388 0
1648 4364 1676 4376 -

349 4416 459 4480 pomerot
475 4411 617 4462 Graevius:
642 4415 764 4474 epesserot
786 4408 846 4461 cod.
866 4411 983 4468 isoncii:
1007 4412 1142 4474 deotmot
1162 4412 1240 4462 codd.
1260 4411 1331 4472 rell:
1356 4411 1441 4476 [mom
1457 4428 1480 4464 o.
1499 4412 1679 4478 dipssscratJO

352 4502 414 4540 com
432 4487 552 4538 Ernestio
570 4512 598 4522 -
619 4487 659 4538 tt.
678 4486 762 4537 verba
780 4487 823 4548 qui
840 4487 908 4536 Ptol.
926 4488 1049 4536 omitotus
1065 4493 1100 4536 est
1117 4489 1205 4550 spuria
1222 4486 1353 4537 videntur.
1372 4488 1463 4539 —illo
1480 4501 1542 4540 nos:
1560 4489 1613 4540 loco
1630 4490 1678 4542 Ell

351 4567 386 4628 V,
404 4563 420 4615 l
438 4565 517 4623 Osx.;
541 4563 588 4612 isto
609 4563 655 4612 SO
679 4589 705 4598 -
730 4562 848 4625 Aepyptio
866 4563 930 4611 CG:
954 4563 1058 4624 Aspypts'
1074 4561 1121 4611 h0
1140 4587 1167 4596 —
1191 4562 1231 4611 20.
1249 4562 1322 4612 huius
1344 4563 1419 4624 ipsius
1435 4575 1497 4613 nos:
1520 4563 1593 4614 iuius
1608 4566 1679 4615 istim

351 4637 430 4691 codd.
449 4640 475 4688 et
492 4639 512 4687 0
530 4636 586 4698 (sed
603 4639 623 4687 T
640 4650 692 4688 om.
711 4639 805 4698 amuel:
824 4638 896 4687 huius
910 4639 1055 4700 posterioris
1073 4636 1186 4687 Weiske.
1212 4637 1309 4687 Vitiosa
1327 4637 1475 4689 eorundem
1492 4641 1678 4704 pronominum

351 4715 502 4766 coniunctio
519 4714 545 4763 in
562 4711 644 4764 Plauti
662 4713 757 4763 Pseud.
776 4714 801 4772 l,
820 4713 845 4772 3,
860 4713 907 4764 ⁴28
926 4718 997 4762 usust
1012 4727 1069 4762 meo
1083 4713 1144 4762 hoec
1160 4713 1224 4762 isto»
1242 4727 1312 4763 nunc
1330 4727 1362 4763 ex
1379 4712 1439 4765 cod.
1453 4712 1545 4764 Amhr.
1558 4717 1678 4766 carrecta

352 4792 402 4841 est.
423 4815 449 4825 -
467 4788 599 4839 susltitiom
614 4789 660 4838 illo
675 4789 728 4838 iam
744 4789 856 4852 scripsi:
874 4789 1004 4839 statutam
1019 4789 1081 4838 moli
1096 4789 1150 4837 iam
1167 4788 1219 4837 iam
1237 4787 1329 4848 codd.;
1347 4788 1478 4838 stultitiam
1493 4789 1577 4839 maior
1592 4791 1679 4840 tomo

351 4879 384 4917 ex
400 4866 467 4916 lunt.
492 4865 577 4915 Minos
594 4861 680 4927 placet
696 4862 768 4926 qood
784 4863 847 4913 item
865 4864 891 4913 iu
913 4867 1031 4912 mentem
1053 4864 1125 4912 venit
1145 4867 1175 4912 st.
1194 4863 1247 4913 otio
1268 4864 1334 4924 tom,
1359 4865 1389 4912 ut
1409 4862 1554 4927 Madvigius
1570 4875 1677 4928 quoque

352 4939 498 5005 proposuit.
518 4965 544 4975 -
567 4938 608 4988 2⁴.
626 4942 655 4987 ut
670 4937 697 4986 tu
712 4937 758 4987 hoc
774 4938 793 4990 l]
812 4963 839 4974 -
862 4938 960 5000 facinus
976 4938 1096 4988 Ernestio
1114 4940 1221 4987 auctore
1239 4935 1405 4989 seclusimus.
1426 4963 1454 4975 -
1472 4939 1513 4989 22.
1531 4939 1586 5002 rsqt
1601 4951 1627 4988 ss
1642 4939 1675 4991 U:

351 5028 377 5065 se
393 5027 446 5065 om.
465 5013 544 5064 codd.
562 5013 636 5076 rell:
655 5012 715 5064 tort.
732 5026 758 5064 se
773 5015 828 5078 repr·
843 5042 876 5051 —
892 5016 933 5065 23.
951 5029 1002 5066 ooo
1018 5019 1071 5064 tom
1087 5015 1249 5065 Hotomanus
1266 5026 1300 5063 er
1316 5012 1451 5076 codicelli
1469 5025 1533 5064 sno:
1555 5025 1606 5063 eoa
1622 5025 1675 5063 om.

352 5090 431 5142 codd.
451 5091 504 5140 noti
522 5089 599 5154 proh.
611 5090 727 5140 Ferratio
746 5090 821 5154 epist.
835 5091 883 5149 Vl,
901 5090 926 5148 8,
939 5091 963 5138 5.
980 5116 1008 5125 -
1026 5089 1067 5138 27.
1085 5101 1111 5139 se
1128 5085 1232 5137 inclusit
1243 5085 1321 5138 Orelli
1337 5090 1411 5139 ratus
1428 5100 1444 5138 a
1461 5089 1552 5140 horr.
1565 5087 1674 5147 abesse:

352 5169 380 5216 at
395 5165 473 5216 abest
488 5165 522 5216 ab
540 5165 580 5216 his
597 5178 678 5231 supra
694 5179 720 5215 v.
738 5166 783 5226 22,
802 5163 929 5215 hocloco
946 5178 960 5215 a
977 5162 1034 5215 solo
1051 5162 1203 5215 Franciaao.
1222 5186 1250 5199 -
1273 5163 1314 5214 28.
1332 5167 1443 5226 sucepto
1459 5167 1535 5226 utque
1549 5167 1677 5214 mutrocto

351 5253 382 5291 a:
399 5246 538 5304 acceptus
553 5245 628 5305 atque
642 5244 798 5291 conuectum
814 5238 892 5289 codd.
