4009 6159
670 575 1010 645 omnmo-m.
1037 574 1254 663 arec-so.
1537 576 1621 643 laea

298 742 429 809 Caeam:
451 751 565 809 cancta
586 753 697 811 contm
717 754 750 811 te
769 747 861 813 ltalia
882 755 1001 813 umato
1021 756 1079 815 est.
1122 749 1201 835 lage
1223 755 1258 815 tn
1279 754 1383 833 partes
1402 749 1620 832 potiusquam
1713 704 1749 805 b

295 854 315 901 a
334 838 454 923 populo
477 840 618 903 Romano
640 838 850 905 defectionem
877 846 996 907 rocas?
1027 843 1225 908 Trebonii
1256 851 1420 909 mortem
1450 860 1497 905 an
1529 840 1621 905 Cae·

296 933 402 995 saris
424 936 627 1019 persequi.
641 966 684 983 ·-
704 934 853 999 Trebonii
873 936 950 1001 satia
973 937 1131 1019 persecuti
1154 957 1276 1011 sumus,
1298 936 1390 1001 beate
1405 934 1541 999 iudicato
1558 936 1620 997 Do·

294 1023 429 1089 labella:
462 1027 605 1092 Caesaris
631 1048 716 1093 mors
741 1028 892 1093 facillime
919 1028 1101 1095 detenditur
1129 1031 1288 1095 oblivione
1316 1038 1348 1095 et
1376 1028 1514 1093 silentio.
1557 1028 1619 1093 Sed

296 1118 400 1183 videte
423 1120 500 1205 quid
522 1122 682 1186 moliatur.
719 1122 797 1186 Cum
818 1129 952 1187 mortem
974 1122 1117 1189 Caesaris
1132 1124 1344 1189 ulciscendam
1359 1130 1466 1207 putat,
1488 1129 1643 1185 mortem?

294 1216 444 1297 proponit
464 1236 528 1279 non
549 1215 590 1279 iis
611 1216 732 1289 solum,
758 1216 813 1298 qui
835 1215 921 1280 illam
944 1236 1010 1279 rem
1032 1226 1213 1299 gesserunt,
1243 1216 1299 1281 sed
1321 1218 1361 1282 iis
1383 1218 1493 1288 etiam,
1516 1215 1541 1279 si
1564 1216 1620 1299 qui

294 1327 359 1371 son
379 1308 513 1373 moleme
535 1309 686 1373 tulerunt.
729 1309 816 1371 lllll.
837 1304 889 1371 40.
913 1308 1075 1385 Quibus,
1102 1310 1180 1375 utri
1202 1317 1368 1375 nostrum
1390 1309 1619 1381 ceciderint,

293 1400 401 1466 lucro
423 1402 590 1467 luterum
613 1411 682 1468 est.
725 1402 831 1478 Quod
853 1404 1113 1485 spectaculum
1135 1404 1259 1468 adbuc
1281 1405 1363 1489 ipsa
1385 1404 1549 1469 Fortuna
1570 1403 1620 1465 vi-

294 1497 402 1571 tavit,
435 1516 479 1559 ne
508 1497 658 1561 videret
685 1497 797 1560 unius
823 1498 996 1578 corporis
1023 1497 1115 1560 duas
1145 1497 1247 1561 acies
1273 1497 1413 1562 lanista
1441 1497 1620 1561 Cicerone

293 1588 533 1655 dimicantes:
554 1592 761 1674 quinoque
783 1610 826 1654 eo
846 1589 942 1653 felix
963 1598 1036 1663 est,
1063 1597 1104 1652 ut
1124 1590 1241 1657 iadem
1263 1593 1494 1655 ornamentis
1517 1591 1657 1653 dece-⁴⁰

293 1683 394 1764 perit
415 1702 494 1757 ros,
515 1684 656 1768 quibas
678 1683 872 1767 deceptum
895 1683 1092 1748 Caesarem
1114 1684 1301 1766 gloriatus
1323 1692 1389 1749 est.
1419 1685 1523 1766 Pergit
1543 1683 1566 1763 †
1587 1685 1619 1747 in

293 1794 343 1838 me
365 1774 549 1852 maledicta,
574 1779 763 1861 quasivero
786 1777 815 1839 ei
837 1776 1048 1861 pulcherrime
1070 1779 1174 1861 priora
1196 1780 1423 1861 processerint:
1445 1798 1540 1861 quem
1562 1797 1620 1859 eqo

294 1868 435 1935 inustum
456 1872 629 1937 verissimis
650 1870 890 1936 maledictorum
911 1870 996 1935 notis
1022 1870 1143 1935 badam
1165 1871 1329 1935 bominum
1350 1874 1519 1939 memoriae
1541 1892 1621 1937 sem·

291 1962 445 2044 piternae.
481 1966 549 2048 Ego
571 1966 707 2029 lamala?
730 1972 763 2027 et
783 1964 912 2048 quidem
927 1984 992 2029 non
1008 1964 1178 2048 insipiens:
1201 1966 1374 2030 deteriores
1389 1965 1471 2029 enim
1485 1965 1620 2048 iugulari

290 2056 403 2139 cupio,
423 2058 574 2125 meliores
595 2059 732 2121 vincere.
766 2058 845 2120 Utri
866 2058 1092 2131 ceciderint,
1120 2058 1244 2133 scribit,
1266 2057 1371 2123 lucro
1393 2058 1503 2123 nobis
1524 2058 1657 2123 tutu-as

289 2169 380 2213 rum.
401 2147 452 2215 ll.
470 2152 497 2216 0
512 2152 709 2234 praeclarum
723 2151 861 2215 lucrum?
885 2171 950 2234 quo
965 2157 997 2213 te
1012 2151 1183 2215 victore-
1199 2153 1284 2237 quod
1303 2152 1336 2215 di
1351 2172 1443 2217 omen
1459 2152 1616 2215 avertant!

291 2274 333 2291 -·
353 2244 447 2309 beata
462 2266 553 2309 mors
574 2264 683 2309 eornm
705 2244 810 2307 lutera
833 2243 888 2318 sit,
912 2244 965 2326 qni
989 2263 1029 2308 ex
1053 2245 1120 2307 vita
1141 2245 1335 2310 excesserint
1354 2246 1423 2311 eine
1445 2246 1618 2311 tormentis.

280 2326 318 2433 (Δ
339 2356 389 2401 me
412 2337 592 2426 deceptos
613 2325 825 2424 altisiodem
847 2326 1239 2417 ornamentislllirtium
1257 2346 1288 2401 et
1304 2339 1495 2433 Caesarem.)
1515 2338 1620 2423 Quod,
1705 2342 1782 2415 a?

292 2448 427 2513 quasso,
461 2430 566 2495 adbuc
598 2451 617 2494 a
649 2451 700 2495 me
727 2436 777 2494 eet
803 2429 954 2494 tributum
981 2430 1084 2494 Hirtio
1114 2436 1356 2495 ornamentum?
1389 2452 1462 2497 nam
1493 2432 1618 2497 Caesari

290 2524 382 2606 plura
407 2532 441 2588 et
462 2526 580 2591 maiora
601 2524 765 2589 debentur.
805 2525 979 2607 Deceptum
1006 2532 1112 2588 autem
1136 2525 1301 2589 Caesarem
1323 2545 1342 2589 a
1363 2546 1413 2589 me
1436 2525 1540 2589 dicere
1563 2540 1656 2587 rau-eo

291 2617 371 2682 des?
400 2621 465 2695 Tu,
487 2627 537 2694 tn,
559 2620 705 2703 inquam,
726 2618 816 2681 illum
839 2616 984 2681 occidisti
1007 2618 1247 2700 Lupercalibus:
1269 2620 1373 2694 cuius,
1394 2618 1489 2682 bomo
1511 2618 1616 2699 ingra-

290 2711 425 2787 tissime,
450 2713 623 2777 daminium
650 2732 706 2777 cur
731 2710 910 2794 reliquisti?
946 2712 1009 2775 Sed
1036 2712 1098 2775 iam
1124 2712 1229 2775 videte
1261 2714 1365 2795 magni
1396 2720 1428 2775 et
1454 2710 1530 2775 clari
1559 2712 1618 2775 viri

288 2804 505 2872 admuebilem
528 2806 711 2889 promen
733 2813 830 2888 atque
850 2806 1068 2869 constantiam.
1112 2803 1163 2868 lb
1184 2805 1275 2872 blihi
1296 2804 1446 2891 quidem
1470 2811 1618 2871 constat

288 2918 357 2963 nec
384 2920 501 2965 msam
529 2899 795 2965 contumeliam
820 2919 889 2963 nec
917 2919 1081 2963 meorum
1109 2900 1223 2976 serre,
1250 2921 1318 2965 nec
1341 2899 1516 2966 deserere
1538 2918 1616 2983 par-

289 3000 360 3070 tes,
383 3015 477 3080 quas
499 2994 698 3078 Pompeias
719 2994 852 3069 odivit,
881 3012 949 3057 nec
970 3001 1171 3059 veteranos
1193 2993 1348 3059 sedibus
1368 2996 1453 3060 suis
1475 2993 1650 3057 moverint

287 3090 365 3169 pati
385 3108 452 3155 nec
473 3088 643 3172 singulos
665 3087 711 3151 ad
734 3088 942 3169 cruciatum
964 3086 1078 3162 trabi,
1105 3107 1173 3152 nec
1192 3088 1329 3154 fallere
1349 3088 1483 3165 ricem,
1506 3106 1615 3171 quam

287 3180 373 3246 dedi
393 3181 626 3249 Dolabellae.
663 3180 785 3245 Omitto
807 3181 883 3245 alia:
912 3180 1032 3245 licem
1057 3180 1296 3257 Dolabellae,
1325 3180 1514 3247 sanctissimi
1541 3178 1614 3255 viri,

288 3273 433 3339 deserere
453 3276 550 3341 bomo
571 3276 644 3358 pius
664 3294 730 3339 non
751 3281 867 3358 potest.
904 3274 1009 3351 Quam
1030 3272 1148 3340 tidem?
1170 3295 1212 3341 an
1233 3276 1346 3359 optimi
1368 3276 1522 3359 cuiusque
1544 3260 1614 3339 οἷο-

287 3367 354 3443 dis,
384 3370 469 3434 urbis
491 3376 523 3433 et
540 3368 655 3433 ltaliae
678 3368 875 3451 partitionis,
903 3368 1127 3433 rutundorum
1149 3367 1461 3455 diripiendarumque
1485 3369 1613 3453 provia-

287 3461 429 3525 ciarum?
450 3465 528 3525 Nam
551 3460 629 3546 quid
651 3469 718 3525 erat
739 3461 842 3536 aliud,
864 3461 953 3545 quod
974 3463 1057 3525 inter
1075 3464 1247 3527 Antonium
1269 3472 1300 3527 et
1321 3458 1532 3537 Dolabellam,
1555 3462 1650 3527 im-eo

285 3555 471 3638 purissimos
493 3556 682 3649 perric-idas,
704 3554 833 3619 foedere
855 3562 887 3618 et
905 3554 970 3618 fide
993 3559 1189 3621 sanciretur?
1232 3553 1284 3619 l3.
1307 3557 1380 3621 Nec
1401 3556 1537 3641 Lepidi
1557 3574 1612 3619 so·
1741 3550 1768 3643 ζ

884 3724 995 3735 -n—

350 3846 375 3895 t.
391 3848 660 3897 mumma
676 3840 735 3895 b-
754 3848 847 3894 mom.
867 3845 942 3894 at-
961 3840 1171 3904 taipertlsb-
1190 3843 1609 3905 qaeot--llebmertemomb

287 3945 314 3956 -
332 3920 358 3971 2
376 3932 396 3971 o
412 3932 446 3985 p.
464 3933 488 3969 r.
506 3920 560 3971 et:
579 3932 597 3969 c
612 3931 641 3969 re
654 3930 682 3983 p.
700 3920 721 3969 0
738 3931 800 3970 cum
817 3917 877 3969 cod.
895 3920 952 3971 llra.
972 3918 1058 3980 lquere
1075 3931 1109 3980 p.
1126 3930 1150 3969 r.
1166 3916 1329 3981 defenderem
1345 3918 1361 3981 ll
1382 3946 1410 3957 -
1427 3932 1512 3971 uoces.
1528 3920 1611 3983 potirer

284 3995 407 4059 malane
421 3996 443 4058 l)
456 3994 569 4047 necet
583 3999 689 4045 mortem
703 4006 782 4055 quem
793 3995 907 4047 cerm
919 3994 1094 4057 pemquaoar
1109 3990 1188 4043 codd.
1207 3994 1296 4045 secuti
1312 4006 1405 4046 sumus
1422 3995 1569 4045 Ferrarium
1583 3997 1609 4046 et

284 4070 593 4137 caret‚quamquem,si
604 4072 705 4121 statuas
714 4070 872 4121 ciceronem
880 4069 962 4120 verba
972 4066 1100 4134 epistolae
1112 4065 1219 4133 paulum
1232 4070 1387 4121 immutasse
1395 4070 1432 4133 (ut
1440 4080 1520 4133 supra
1529 4070 1607 4133 att),

281 4146 381 4200 mettim
396 4146 438 4197 sle
454 4145 582 4209 corrigam
600 4142 695 4195 eccm?
708 4146 792 4207 potiar
808 4145 834 4195 T.
846 4149 952 4195 mortem
968 4156 1045 4207 quem
1057 4143 1083 4193 C.
1094 4143 1251 4205 persequt-
1270 4143 1294 4193 6.
1310 4140 1400 4193 atreb
1415 4171 1442 4183 -
1460 4146 1539 4196 adera
1550 4158 1565 4195 a
1578 4172 1605 4182 -

281 4222 320 4273 leta
330 4220 372 4273 ab
387 4222 449 4272 -ai
464 4233 519 4271 om.
531 4217 631 4283 aliquot
642 4218 722 4271 codd.
732 4246 759 4257 —
778 4221 803 4270 t.
815 4220 895 4271 acar?
910 4222 962 4269 t-
980 4219 1006 4270 8.
1023 4218 1127 4281 [ortam
1143 4218 1199 4281 ipsc
1215 4229 1231 4266 a
1245 4243 1272 4255 —
1286 4216 1326 4267 lo.
1340 4217 1480 4271 dlmiceatta
1496 4221 1519 4279 t;
1538 4222 1608 4273 ἀιήιί·

280 4295 561 4347 rauel-tuerat:
577 4293 713 4353 bladam
727 4294 876 4345 etrdem-
891 4293 1057 4345 tl.tomet:
1076 4290 1141 4347 tam
1158 4290 1341 4355 lameobl0;
1360 4293 1609 4345 tamclamscbue·

281 4370 350 4423 &ine
365 4370 485 4435 eatpolt,
501 4366 552 4418 sed
567 4381 602 4419 ne
619 4369 658 4420 aie
675 4368 784 4433 quidem
800 4366 875 4420 loeus
891 4371 1000 4420 sanatus
1011 4364 1130 4427 videtur,
1150 4365 1276 4431 equidem
1293 4366 1332 4418 sle
1348 4369 1466 4433 corrigo:
1481 4372 1565 4435 percit
1580 4373 1607 4420 te

280 4456 321 4495 rae
335 4443 469 4495 medicea
483 4444 567 4495 iecere
583 4442 633 4506 luel
648 4445 752 4509 lactere)
765 4472 793 4482 -
814 4446 854 4495 te.
872 4456 930 4495 esa
947 4470 974 4479 -
994 4443 1034 4493 43.
1048 4440 1168 4492 iniustam
1184 4444 1195 4493 t
1214 4467 1241 4479 -
1262 4440 1302 4493 tt.
1315 4448 1339 4493 ct
1355 4444 1453 4504 quiden
1470 4443 1530 4495 tb²:
1549 4446 1607 4507 qul-

279 4516 949 4584 deoeb¹;eqreldema;eteoiroi-iupularei-
969 4516 1607 4585 l6.00m.l-quotucrotei;cam(qucm)

280 4597 304 4645 te
319 4592 615 4659 centbdognstlnos.
629 4619 657 4629 -
676 4592 702 4645 et
717 4596 745 4645 t:
763 4594 799 4644 dtr·
815 4595 875 4645 0-
895 4593 935 4643 ⁴7.
953 4605 1103 4644 mnanom.
1117 4604 1132 4644 a
1147 4618 1175 4629 -
1193 4604 1227 4643 eo
1242 4604 1304 4644 nos:
1323 4592 1434 4657 etttcl.
1448 4594 1605 4661 repauso,

279 4668 335 4733 ”lt
353 4666 514 4720 rebio-
533 4671 777 4721 ascemat-
795 4668 1010 4720 tutuderit·
1033 4666 1197 4733 sequace
1216 4664 1381 4729 quustebt3
1400 4667 1433 4719 cl.
1447 4668 1519 4733 adp.
1533 4669 1605 4729 ⁴392,

280 4742 322 4793 te.
341 4768 369 4780 -
388 4744 840 4808 maaet-rc.pteama1-
860 4740 1327 4805 commemoratores.
1347 4742 1608 4807 omrompatrem

279 4830 298 4869 a
312 4830 352 4871 tat
368 4818 438 4871 cea.
449 4818 489 4870 io
502 4844 529 4855 -
548 4818 590 4871 ἥ.
606 4820 773 4884 mutatam
789 4814 846 4878 ab;
862 4819 1011 4884 {temeretur
1028 4818 1051 4879 t,
1068 4818 1186 4883 flumenta
1202 4816 1229 4878 l;
1247 4830 1339 4869 veram
1356 4816 1497 4871 lectionem
1514 4820 1608 4870 Ferra-

277 4894 336 4946 nos
352 4895 423 4947 conl.
436 4897 578 4947 assecutos
594 4895 644 4946 est.
659 4920 686 4932 -
705 4894 839 4957 retentare
855 4897 866 4945 t
884 4921 911 4935 ·-
926 4894 1057 4959 praeclari
1074 4892 1103 4943 b²
1116 4916 1142 4929 -
1162 4892 1203 4945 il.
1221 4906 1305 4945 oseam
1321 4895 1419 4957 qatdeo
1434 4894 1608 4947 contuorettem

278 4966 591 5032 tl—at.parrcb-
615 4968 847 5033 tt.ponetart—
874 4968 1607 5032 odadabt:atdtt-26.pcttori-?8.cedeeb

278 5044 482 5095 connexendo
498 5070 528 5083 -·
545 5042 587 5094 29.
605 5042 671 5095 crblr
686 5044 698 5094 t
716 5070 743 5082 -
763 5044 914 5107 partitiones
930 5043 1008 5105 abt;
1030 5044 1158 5107 perticere
1174 5044 1182 5095 l
1201 5070 1229 5083 -
1247 5046 1432 5097 acetuedensm
1447 5044 1486 5095 bt
1503 5047 1530 5095 et
1546 5042 1606 5095 cod.

276 5116 387 5171 lamb:
408 5132 477 5171 mur.
495 5120 638 5171 wdetun
654 5132 683 5181 e;
707 5120 840 5171 mustias
861 5120 1004 5171 dcadm
1021 5120 1043 5179 i;
1066 5120 1118 5169 aab
1134 5120 1278 5173 Meam
1294 5122 1314 5172 0
1331 5133 1394 5173 cum
1411 5116 1510 5185 aliquot
1527 5117 1606 5169 codd.

275 5192 434 5245 Ferrarii-
460 5192 648 5249 30.lterl-
672 5192 1385 5259 mmmwlddeetoderea-tmtmel:
1411 5194 1479 5246 aco
1503 5220 1529 5232 —
1553 5194 1606 5259 aar]

275 5280 308 5320 se
323 5270 387 5321 mel.
