4009 6159
237 1481 255 1571 l,

382 577 465 646 ll26
781 578 933 644 cusulo
954 577 1033 642 PRO
1057 577 1118 641 CN.
1139 574 1312 640 PLANCIO

386 773 455 816 cum
477 753 615 834 singultu
636 752 744 814 videre
765 749 905 833 potuisti.
938 751 987 811 An
1008 769 1086 830 ego,
1110 747 1166 831 qui
1186 764 1328 810 meorum
1349 745 1487 807 lacrimis
1502 763 1550 806 me
1573 743 1704 808 absume

386 852 559 910 commotus
581 844 769 918 simultates,
792 863 871 927 quas
894 863 1016 906 mecum
1037 842 1189 914 habebat,
1210 839 1411 920 deposuisset
1426 858 1577 923 meaeque
1591 838 1703 902 salutis

386 960 451 1003 non
472 940 567 1005 modo
587 959 652 1003 non
672 946 890 1022 oppugnator,
912 944 947 1000 ut
967 936 1086 999 inimici
1109 935 1170 1000 mei
1193 941 1354 1017 putarant,
1377 932 1542 998 sedetiam
1558 931 1706 996 defensor

385 1031 513 1107 linisset,
541 1032 635 1096 huius
656 1033 690 1094 in
711 1032 853 1114 periculo
874 1051 938 1093 non
960 1027 1166 1111 significarem
1189 1027 1329 1092 dolorem
1352 1030 1478 1092 meumt
1514 1027 1562 1089 Tu
1583 1034 1705 1102 autem,

364 1126 576 1201 ⁵Laterensis‚
599 1127 655 1210 qui
676 1135 742 1190 tum
763 1125 906 1189 lacrimas
928 1144 1013 1188 meas
1034 1131 1137 1206 gratas
1159 1142 1228 1186 esse
1248 1120 1384 1195 dicebas,
1406 1141 1490 1184 nuuc
1510 1120 1634 1186 easdem
1658 1119 1707 1182 vis

387 1220 558 1285 invidiosas
579 1221 688 1284 videri.

472 1314 605 1376 xxxii.
627 1310 678 1376 77.
701 1317 803 1396 Negas
825 1313 1018 1377 tribunatum
1033 1313 1152 1378 Plancii
1174 1313 1348 1398 quidquam
1369 1311 1512 1376 attulisse
1532 1309 1706 1374 adiumenti

388 1407 534 1490 dignitati
554 1428 659 1484 meae,
681 1416 775 1492 atque
796 1408 858 1472 hoc
879 1408 966 1483 loco,
989 1408 1075 1489 quod
1098 1409 1259 1472 verissime
1279 1406 1383 1470 iacere
1404 1412 1510 1488 potes,
1532 1405 1567 1488 L.
1585 1402 1706 1475 ltacilii,

388 1501 551 1564 tortissimi
572 1510 605 1566 et
626 1501 872 1566 constantissimi
894 1502 971 1588 riri,
993 1501 1101 1564 divina
1122 1502 1155 1563 in
1178 1521 1228 1564 me
1250 1502 1361 1565 merita
1381 1517 1616 1564 commemoras.
1650 1495 1708 1560 Cui

353 1594 520 1679 acquitem
542 1615 616 1678 ego,
638 1596 731 1660 sicuti
752 1594 897 1668 Plancio,
919 1613 1091 1678 numquam
1115 1595 1308 1660 dissimulavi
1330 1614 1380 1656 me
1402 1594 1570 1677 plurimum
1591 1591 1707 1656 debere

389 1709 579 1771 semperque
609 1688 801 1772 praeferam:
829 1688 933 1750 nullas
965 1689 1050 1750 euim
1080 1690 1138 1752 sibi
1166 1690 1219 1752 ille
1240 1709 1344 1773 neque
1365 1687 1581 1752 contentiones
1602 1705 1708 1769 neque

390 1782 570 1846 inimicitias
591 1802 698 1866 neque
711 1782 794 1845 sitae
817 1781 1035 1844 dimicationes
1056 1801 1114 1844 uec
1136 1803 1193 1866 pro
1216 1803 1250 1847 re
1272 1783 1399 1864 publica
1420 1801 1479 1844 nec
1500 1802 1558 1865 pro
1580 1799 1632 1843 me
1653 1779 1708 1842 de-

389 1875 555 1957 fugiendas
576 1875 708 1958 putavit.
751 1876 855 1958 Atque
877 1875 1014 1948 utinam,
1046 1897 1139 1959 quam
1162 1898 1220 1959 ego
1242 1897 1311 1940 sum
1332 1879 1366 1940 in
1387 1876 1474 1939 illum
1496 1881 1617 1956 gratus,
1645 1880 1707 1936 tam

391 1968 533 2033 licuisset
554 1988 611 2050 per
630 1967 792 2031 hominum
808 1969 871 2031 rim
887 1976 919 2030 et
934 1969 1081 2058 iniuriam
1095 1971 1215 2054 populo
1230 1972 1370 2036 Romano
1384 1970 1413 2032 ei
1430 1969 1559 2052 gratiam
1573 1965 1707 2030 referret

355 2063 455 2126 ⁴⁶Sed
477 2062 504 2124 si
524 2079 590 2124 nnn
610 2061 721 2124 eadem
734 2061 899 2124 contendit
919 2063 952 2124 in
973 2062 1133 2127 tribunatu
1156 2064 1315 2139 Plancius,
1338 2063 1517 2127 existimare
1533 2062 1628 2126 debes
1645 2080 1708 2124 uon

391 2154 467 2218 huic
493 2155 686 2218 voluntatem
715 2155 870 2228 defuisse,
900 2155 957 2218 sed
987 2176 1054 2231 me,
1083 2178 1154 2220 cum
1176 2166 1296 2222 tautum
1317 2157 1379 2222 iam
1400 2156 1528 2220 Plancio
1551 2157 1709 2230 deberem,

391 2248 504 2312 Racilii
529 2244 691 2312 beneficiis
717 2247 816 2312 inisse
845 2254 1037 2315 contentum.
1089 2247 1139 2312 78.
1161 2254 1209 2314 Au
1239 2272 1313 2316 vero
1340 2257 1431 2334 putas
1460 2250 1574 2314 idcirco
1607 2250 1709 2312 minus

391 2343 512 2407 iudices
544 2362 615 2406 mea
649 2363 743 2407 causa
770 2364 840 2407 esse
872 2344 1026 2418 facturos,
1054 2344 1140 2429 quod
1174 2365 1223 2408 me
1255 2365 1324 2409 esse
1358 2353 1479 2429 gratum
1513 2345 1709 2410 crimineris?

391 2437 458 2512 An,
486 2457 557 2500 cum
583 2445 688 2520 patres
716 2438 886 2520 conscripti
915 2437 971 2500 illc
1001 2446 1130 2502 senatus
1159 2440 1319 2516 consulto,
1349 2439 1435 2524 quod
1456 2439 1490 2502 in
1517 2437 1710 2502 monimento

356 2530 480 2594 sellarii
508 2529 625 2593 factum
654 2536 718 2605 est,
754 2551 818 2613 quo
848 2551 919 2595 mea
947 2531 1032 2594 salus
1063 2533 1208 2596 omuibus
1238 2541 1285 2596 est
1311 2534 1455 2617 gentibus
1484 2531 1710 2604 commendata,

392 2624 448 2686 uui
479 2623 533 2686 Cn.
563 2624 690 2687 Plancio
720 2625 836 2707 gratias
867 2625 989 2707 egerint
1012 2658 1053 2671 -
1079 2646 1162 2688 unns
1197 2629 1281 2690 enim
1312 2627 1374 2690 init
1405 2626 1445 2689 de
1477 2625 1709 2710 magistratibus

392 2717 541 2781 defensor
568 2717 678 2781 salutis
706 2738 794 2782 meae
815 2740 874 2781 -ε
903 2721 954 2782 cui
984 2727 1112 2783 senatus
1134 2740 1191 2804 pro
1214 2741 1264 2784 me
1285 2722 1400 2803 gratias
1422 2720 1558 2803 agendas
1580 2719 1710 2803 putavit,

392 2812 423 2875 ei
450 2832 509 2895 ego
537 2833 556 2876 a
582 2829 632 2874 me
658 2810 856 2879 referendam
877 2813 1010 2896 gratiam
1031 2833 1095 2878 uon
1122 2819 1249 2896 poterut
1282 2817 1385 2899 Atque
1412 2815 1491 2878 haec
1519 2835 1589 2878 cum
1612 2813 1711 2888 rides,

392 2926 456 2989 quo
485 2926 536 2970 me
563 2905 691 2970 tandem
717 2907 751 2968 iu
781 2914 813 2970 te
835 2910 939 2970 animo
962 2914 1054 2988 putas
1076 2927 1164 2980 esse,
1192 2909 1394 2972 Laterensis?
1422 2908 1521 2972 ullum
1543 2928 1613 2972 esse
1641 2916 1710 2972 tau-

266 3060 269 3069 ,
355 3006 457 3062 totum
478 2999 668 3083 periculum,
697 3004 818 3088 tantum
847 3002 1004 3075 laborem,
1034 3009 1151 3088 tantam
1174 3003 1420 3077 contentionem,
1449 3019 1542 3086 quam
1565 3022 1623 3084 ego
1644 3020 1710 3064 nou

392 3093 486 3160 modo
506 3115 565 3178 pro
587 3093 688 3158 salute
710 3103 781 3168 tua,
804 3095 977 3159 sedetiam
999 3115 1057 3178 pro
1081 3095 1232 3178 dignitate
1254 3096 1458 3178 defugerem?
1488 3096 1559 3173 Quo
1582 3095 1709 3178 quidem

392 3188 486 3252 etiam
516 3187 616 3269 magis
648 3207 719 3251 sum
750 3207 816 3250 nou
849 3189 950 3252 dicam
978 3189 1074 3252 miser
1098 3220 1139 3235 ·-
1167 3209 1239 3252 uam
1268 3191 1329 3254 lroc
1359 3191 1488 3274 quidem
1517 3190 1664 3254 abhorret
1692 3210 1711 3253 a

391 3282 505 3346 victine
530 3281 660 3345 verbum
681 3314 739 3356 -,
767 3280 823 3344 sed
845 3288 931 3346 certe
953 3283 1126 3354 exercitus,
1155 3285 1313 3369 nunquia
1332 3284 1437 3348 multis
1458 3283 1558 3347 debeo
1583 3285 1711 3346 -leve
1785 3335 1790 3342 .

458 3633 481 3680 t.
499 3642 539 3678 me
555 3629 620 3690 (hic,
638 3639 691 3677 non
704 3639 731 3690 p.
741 3627 814 3687 ⁴⁴25,
827 3625 867 3689 st)
884 3640 937 3677 om.
950 3627 969 3676 T
982 3653 1009 3661 —
1029 3627 1052 3676 3.
1066 3632 1223 3690 oppugnator
1233 3653 1270 3665 --
1280 3627 1389 3690 pericula
1405 3642 1454 3678 aon
1467 3642 1519 3679 om.
1533 3629 1552 3678 T
1564 3657 1590 3666 -·
1606 3628 1628 3681 l.
1642 3630 1713 3680 tuisse

393 3706 419 3756 ia
433 3703 552 3768 perinde]
572 3705 646 3754 «Post
665 3703 824 3752 haecverba
842 3703 868 3752 in
886 3704 906 3759 E
923 3705 1071 3767 sequuntur
1088 3703 1174 3754 statim
1192 3704 1247 3752 sinc
1265 3701 1472 3766 interpellatione
1484 3719 1524 3763 ea,
1543 3718 1611 3768 quse
1624 3704 1713 3769 legun-

395 3785 438 3831 tur
454 3780 511 3844 57⁸
527 3791 578 3829 esse
593 3783 696 3842 prmum
711 3779 851 3827 criminun
861 3803 898 3814 --
908 3791 940 3828 oe
954 3780 1000 3827 cia
1013 3779 1106 3840 possim
1122 3785 1209 3842 motus
1224 3779 1312 3828 uiden.
1330 3780 1396 3829 Tum
1408 3781 1556 3844 postulatam·
1567 3784 1713 3843 sequuntur

394 3868 463 3920 quae
482 3855 536 3904 truc
557 3854 690 3917 pertinent
710 3853 768 3904 sine
790 3854 1002 3917 interpunctione
1023 3867 1073 3903 son
1094 3854 1261 3918 sipnittcarcm
1282 3854 1391 3906 dobras
1406 3855 1620 3908 mesmP--msc
1635 3869 1713 3908 caran

394 3946 444 3982 esse
457 3931 577 3994 facturos.
604 3931 666 3980 Post
683 3942 714 3978 ea
732 3930 881 3992 sequuntur
892 3928 973 3980 verba
991 3931 1057 3992 prend
1072 3942 1118 3978 mc.
1137 3931 1178 3979 sed
1194 3929 1253 3980 leuse
1264 3943 1308 3992 spo
1324 3930 1384 3980 meis
1398 3930 1554 3992 ponderibus.
1573 3932 1712 3982 Praeterea

393 4003 554 4058 interrerba
570 4004 643 4052 laicas
658 4003 685 4052 is
699 4003 810 4064 periculo
827 4005 854 4052 ct
865 4015 933 4064 quae
950 4001 1073 4053 librarius
1091 4002 1187 4054 deinde
1204 4006 1292 4068 posuit
1308 4017 1356 4055 esse
1366 4011 1468 4069 pratum
1478 4007 1620 4055 cuminaria
1630 4007 1713 4057 inter-

394 4083 480 4148 posita
496 4081 558 4132 sunt
573 4078 641 4129 haec
657 4078 758 4130 verba:
774 4079 814 4128 tte
829 4078 920 4128 inter.»
938 4079 1061 4128 Wunnnn.
1077 4106 1104 4114 -
1122 4079 1289 4143 stpntttoorem
1305 4080 1414 4130 douram
1429 4093 1511 4130 msam
1527 4082 1587 4132 TE:
1605 4081 1713 4131 ὼὶονιιιι

394 4171 477 4207 meum
492 4155 658 4219 significarem
675 4153 695 4203 0
713 4179 740 4190 -
764 4153 788 4201 7.
804 4152 890 4214 plauci
906 4153 926 4202 T
944 4178 971 4187 -
997 4154 1130 4214 qumquam
1146 4155 1166 4203 T
1184 4179 1211 4189 ·-
1230 4153 1254 4204 8.
1273 4153 1312 4215 l..]
1329 4155 1378 4204 tasi
1394 4155 1426 4216 Τ,
1445 4155 1503 4204 lucit
1520 4156 1539 4206 E
1559 4184 1586 4194 -
1604 4157 1677 4206 rectit
1693 4157 1713 4206 T

397 4262 425 4271 -
443 4235 468 4283 9.
486 4233 527 4282 cui
542 4244 581 4280 mc
597 4229 696 4292 quidone
712 4229 746 4284 T:
764 4228 808 4291 cui
823 4241 863 4278 ass
879 4228 1231 4290 commaerentem.
1250 4243 1276 4294 p.
1296 4230 1367 4290 ⁴⁴28,
1386 4230 1426 4280 34.
1446 4257 1473 4266 -
1493 4232 1532 4280 40.
1550 4230 1624 4280 sient
1639 4233 1713 4282 Lam

396 4309 488 4362 binus:
506 4306 570 4356 stau
584 4305 612 4354 tn
628 4304 693 4362 TE:
710 4304 774 4353 stent
790 4303 835 4354 Gn.
854 4304 887 4353 de
904 4316 951 4354 sua
970 4305 1120 4354 coniectura
1132 4306 1153 4354 0
1166 4331 1192 4340 -
1212 4305 1251 4354 tt.
1267 4305 1413 4366 praeferam
1429 4305 1491 4355 TE:
1506 4319 1570 4367 proc
1580 4319 1619 4356 ma
1633 4307 1714 4368 feroce

397 4387 426 4435 0.
449 4382 488 4432 ct.
505 4377 673 4431 Wunderum
689 4377 724 4428 ad
740 4377 768 4427 h.
786 4374 804 4427 l.
822 4379 850 4428 et
866 4379 891 4429 iu
908 4377 1010 4441 Proleg.
1030 4381 1108 4442 p.L1.
1124 4407 1151 4416 -
1170 4379 1210 4429 ts.
1230 4379 1376 4429 inimicicias
1392 4381 1452 4428 T-
1472 4380 1636 4444 dimisimus
1651 4381 1670 4430 T
1684 4406 1711 4419 -

397 4459 437 4510 st.
454 4457 545 4520 populo
560 4457 590 4506 s.
608 4455 631 4503 ei
646 4455 758 4517 grados:
772 4453 867 4516 cosme
883 4455 1053 4504 Garatonius:
1070 4454 1161 4515 populo
1179 4455 1207 4504 li.
1226 4455 1270 4516 (.p.
1288 4455 1316 4503 lt.
1336 4455 1363 4516 E)
1381 4459 1404 4504 ct
1418 4455 1531 4518 gruttam
1545 4455 1636 4517 referi
1651 4456 1712 4516 TE:

393 4533 482 4598 popuii
498 4533 526 4582 a.
546 4529 596 4594 (vel
610 4544 637 4592 p.
655 4530 694 4591 lt.)
712 4530 735 4580 ei
750 4530 862 4592 padam
876 4529 966 4591 referri
982 4543 998 4579 c
1016 4529 1064 4579 teri
1082 4527 1197 4579 codices.
1212 4555 1238 4564 -
1259 4530 1298 4580 46.
1317 4529 1366 4580 Sed
1379 4543 1467 4580 osen
1478 4535 1617 4582 ccctcmmc
1633 4530 1715 4582 hahet

397 4611 419 4660 Α
438 4635 464 4646 -
483 4612 581 4657 tantm
596 4618 650 4656 cm.
668 4606 688 4655 T
707 4632 735 4642 -
760 4603 871 4654 ἀώσνωι
885 4617 902 4665 p
918 4543 1088 4730 naerncid
1104 4605 1138 4662 T:
1161 4603 1272 4654 &daun
1287 4604 1377 4654 mnudi
1392 4605 1511 4656 ractlitE
1530 4631 1557 4641 -
1577 4606 1616 4655 tt.
1635 4607 1716 4656 liccils'

398 4683 542 4747 multati
561 4709 589 4718 -
612 4681 705 4730 &cecc
724 4679 807 4729 missu
825 4679 917 4730 iudices
1014 4692 1092 4730 casso
1112 4691 1162 4728 esse
1179 4679 1292 4742 [acturos
1307 4680 1355 4731 TE
1376 4678 1432 4742 ised
1449 4678 1518 4731 mals
1535 4679 1596 4731 add.
1614 4680 1715 4732 tidenter

398 4756 576 4823 postmitteret:
594 4757 686 4806 halices
701 4757 794 4806 idcirco
809 4756 892 4811 minsa
906 4768 963 4806 mec
977 4769 1056 4806 curuo
1070 4757 1183 4818 fcctwcs
1199 4757 1258 4805 0-
1278 4756 1317 4806 ts.
1335 4757 1479 4806 uicem
1494 4757 1554 4806 E-
1574 4756 1614 4806 49,
1630 4762 1714 4819 potres

398 4848 420 4884 c.
438 4834 471 4894 T,
492 4846 525 4894 ,μ
538 4847 560 4882 c.
579 4833 616 4883 E:
632 4838 718 4895 putres
733 4832 795 4894 (om.
807 4832 947 4894 contempte]
965 4831 985 4881 0
998 4857 1026 4867 -
1045 4831 1087 4880 illo
1097 4855 1134 4867 --
1144 4829 1239 4892 (comm
1254 4834 1290 4880 ast
1305 4829 1387 4882 hahet
1403 4835 1463 4880 lt-
1481 4838 1580 4882 ausones
1595 4833 1713 4898 consulto]

399 4914 425 4962 S.
443 4911 470 4961 c.
489 4912 523 4968 s:
547 4921 589 4958 nc.
609 4909 628 4958 T
647 4933 674 4944 -
695 4907 843 4958 monimo
863 4908 896 4957 T:
919 4912 1074 4958 memento
1095 4905 1173 4955 AEO
1198 4930 1225 4940 -
1248 4905 1288 4954 ιθ.
1307 4906 1374 4954 mort
1390 4906 1438 4956 TE
1457 4933 1484 4943 -
1509 4907 1549 4956 at.
1569 4905 1624 4971 Cn]
1643 4909 1713 4958 .c.T

400 5013 427 5024 -
447 4983 542 5048 spectat
560 4983 727 5033 Garatonius:
747 4983 825 5046 spuit
841 4983 889 5032 TE
907 5008 934 5018 -
959 4981 1066 5044 egerint,
1088 4979 1162 5042 (occu
1181 4980 1392 5030 entm--satotis
1406 4994 1489 5041 meac,
1510 4983 1551 5032 esi
1567 4988 1713 5033 amatae--

397 5056 521 5125 patasini
541 5058 565 5109 ct
583 5070 628 5121 epo
649 5057 678 5106 0.
706 5057 785 5106 Recte
807 5057 878 5106 hunc
897 5054 985 5107 locum
1002 5056 1103 5118 primus
1120 5054 1236 5104 distinxit
1252 5057 1313 5106 Aru.
1331 5055 1456 5106 Schaeier
1472 5057 1501 5105 dc
1516 5056 1576 5107 loma
1590 5057 1713 5108 muntiis

400 5135 535 5196 θᾶσινοιιίι,
551 5133 638 5194 Pltsti,
655 5133 786 5182 Frontonis
800 5131 893 5182 liresd.
913 5131 985 5183 cett.
1003 5145 1029 5195 p.
1049 5131 1072 5180 l.
1093 5155 1120 5166 -
1141 5131 1327 5194 magistratibus
1342 5132 1376 5181 T:
1394 5131 1580 5196 magistratibus
1595 5136 1640 5181 osu
1652 5145 1713 5194 pro·

399 5208 585 5276 moptnrntibas
599 5207 648 5260 ΕΟ
660 5233 689 5244 -
707 5205 748 5257 23.
764 5206 907 5268 mercada
921 5207 948 5255 iu
963 5207 1075 5270 gratiam
1091 5207 1110 5255 T
1129 5231 1155 5242 -
1174 5209 1253 5268 Atque
1272 5207 1336 5258 TE:
1354 5209 1429 5269 aaut
1444 5209 1463 5261 0
1476 5233 1503 5245 -
1522 5207 1712 5276 assenserim

401 5288 449 5340 TE
467 5283 532 5350 (soli)
551 5311 577 5322 -
598 5283 651 5346 Quo
667 5282 944 5345 quidect--eacrcttns
959 5279 1041 5332 habet
1058 5283 1078 5331 Α
1098 5307 1124 5316 -
1143 5281 1183 5335 27.
1201 5281 1245 5334 tce
1261 5294 1315 5334 ctu.
1333 5282 1361 5342 T.
