<?xml version="1.0" encoding="UTF-8"?>
<!DOCTYPE html PUBLIC "-//W3C//DTD XHTML 1.0 Transitional//EN"
    "http://www.w3.org/TR/xhtml1/DTD/xhtml1-transitional.dtd">
<html xmlns="http://www.w3.org/1999/xhtml" xml:lang="en" lang="en">
 <head>
  <title>
</title>
<meta http-equiv="Content-Type" content="text/html;charset=utf-8" />
  <meta name='ocr-system' content='tesseract 3.04.00' />
  <meta name='ocr-capabilities' content='ocr_page ocr_carea ocr_par ocr_line ocrx_word'/>
</head>
<body>
  <div class='ocr_page' id='page_1' title='image "./mtulliiciceroni01baitgoog_0051.png"; bbox 0 0 4009 6159; ppageno 0'>
   <div class='ocr_carea' id='block_1_1' title="bbox 349 508 1304 583">
    <p class='ocr_par' dir='ltr' id='par_1_1' title="bbox 349 508 1304 583">
     <span class='ocr_line' id='line_1_1' title="bbox 349 508 1304 583; baseline -0.007 0"><span class='ocrx_word' id='word_1_1' title='bbox 349 516 413 583; x_wconf 78' lang='lat'>792</span> <span class='ocrx_word' id='word_1_2' title='bbox 724 512 875 580; x_wconf 80' lang='lat' dir='ltr'>ORATIO</span> <span class='ocrx_word' id='word_1_3' title='bbox 897 512 975 578; x_wconf 82' lang='lat' dir='ltr'>PRO</span> <span class='ocrx_word' id='word_1_4' title='bbox 997 508 1149 578; x_wconf 80' lang='lat' dir='ltr'>ARCHIA</span> <span class='ocrx_word' id='word_1_5' title='bbox 1169 511 1304 578; x_wconf 80' lang='lat' dir='ltr'>POETA</span> 
     </span>
    </p>
   </div>
   <div class='ocr_carea' id='block_1_2' title="bbox 211 681 1673 2548">
    <p class='ocr_par' dir='ltr' id='par_1_2' title="bbox 211 681 1673 2548">
     <span class='ocr_line' id='line_1_2' title="bbox 346 681 1673 772; baseline -0.003 -19"><span class='ocrx_word' id='word_1_6' title='bbox 346 687 485 755; x_wconf 90' lang='lat' dir='ltr'>dendum</span> <span class='ocrx_word' id='word_1_7' title='bbox 516 688 647 772; x_wconf 82' lang='lat' dir='ltr'>putemi</span> <span class='ocrx_word' id='word_1_8' title='bbox 678 687 782 769; x_wconf 86' lang='lat' dir='ltr'>Atque</span> <span class='ocrx_word' id='word_1_9' title='bbox 813 685 858 748; x_wconf 90' lang='lat' dir='ltr'>sic</span> <span class='ocrx_word' id='word_1_10' title='bbox 879 704 898 748; x_wconf 93' lang='lat' dir='ltr'>a</span> <span class='ocrx_word' id='word_1_11' title='bbox 920 685 1051 747; x_wconf 88' lang='lat' dir='ltr'>summis</span> <span class='ocrx_word' id='word_1_12' title='bbox 1072 682 1256 747; x_wconf 92' lang='lat' dir='ltr'>hominibus</span> <span class='ocrx_word' id='word_1_13' title='bbox 1278 681 1564 768; x_wconf 69' lang='lat' dir='ltr'>eruditissimisque</span> <span class='ocrx_word' id='word_1_14' title='bbox 1584 702 1673 749; x_wconf 86' lang='lat' dir='ltr'>acce·</span> 
     </span>
     <span class='ocr_line' id='line_1_3' title="bbox 345 778 1671 869; baseline -0.003 -22"><span class='ocrx_word' id='word_1_15' title='bbox 345 784 465 869; x_wconf 83' lang='lat' dir='ltr'>pimus,</span> <span class='ocrx_word' id='word_1_16' title='bbox 487 789 661 846; x_wconf 89' lang='lat' dir='ltr'>ceterarum</span> <span class='ocrx_word' id='word_1_17' title='bbox 682 798 786 843; x_wconf 88' lang='lat' dir='ltr'>rerum</span> <span class='ocrx_word' id='word_1_18' title='bbox 809 779 913 843; x_wconf 89' lang='lat' dir='ltr'>studia</span> <span class='ocrx_word' id='word_1_19' title='bbox 935 786 967 842; x_wconf 89' lang='lat' dir='ltr'>et</span> <span class='ocrx_word' id='word_1_20' title='bbox 980 778 1125 841; x_wconf 88' lang='lat' dir='ltr'>doctrina</span> <span class='ocrx_word' id='word_1_21' title='bbox 1140 784 1173 840; x_wconf 90' lang='lat' dir='ltr'>et</span> <span class='ocrx_word' id='word_1_22' title='bbox 1193 779 1368 861; x_wconf 76' lang='lat' dir='ltr'>praeseptis</span> <span class='ocrx_word' id='word_1_23' title='bbox 1383 783 1416 841; x_wconf 90' lang='lat' dir='ltr'>et</span> <span class='ocrx_word' id='word_1_24' title='bbox 1433 783 1501 840; x_wconf 88' lang='lat' dir='ltr'>arte</span> <span class='ocrx_word' id='word_1_25' title='bbox 1515 784 1671 855; x_wconf 77' lang='lat' dir='ltr'>mustene,</span> 
     </span>
     <span class='ocr_line' id='line_1_4' title="bbox 344 870 1673 959; baseline -0.002 -19"><span class='ocrx_word' id='word_1_26' title='bbox 344 884 472 959; x_wconf 78' lang='lat' dir='ltr'>politam</span> <span class='ocrx_word' id='word_1_27' title='bbox 493 882 603 939; x_wconf 81' lang='lat' dir='ltr'>nabua</span> <span class='ocrx_word' id='word_1_28' title='bbox 624 874 694 957; x_wconf 90' lang='lat' dir='ltr'>lpsa</span> <span class='ocrx_word' id='word_1_29' title='bbox 714 872 818 937; x_wconf 85' lang='lat' dir='ltr'>valere</span> <span class='ocrx_word' id='word_1_30' title='bbox 841 878 873 934; x_wconf 93' lang='lat' dir='ltr'>et</span> <span class='ocrx_word' id='word_1_31' title='bbox 894 872 1009 935; x_wconf 87' lang='lat' dir='ltr'>mentis</span> <span class='ocrx_word' id='word_1_32' title='bbox 1021 871 1142 935; x_wconf 88' lang='lat' dir='ltr'>viribus</span> <span class='ocrx_word' id='word_1_33' title='bbox 1164 872 1296 935; x_wconf 85' lang='lat' dir='ltr'>excitari</span> <span class='ocrx_word' id='word_1_34' title='bbox 1317 879 1348 934; x_wconf 88' lang='lat' dir='ltr'>et</span> <span class='ocrx_word' id='word_1_35' title='bbox 1362 870 1454 953; x_wconf 85' lang='lat' dir='ltr'>quasi</span> <span class='ocrx_word' id='word_1_36' title='bbox 1468 870 1576 935; x_wconf 85' lang='lat' dir='ltr'>divino</span> <span class='ocrx_word' id='word_1_37' title='bbox 1592 894 1673 957; x_wconf 86' lang='lat' dir='ltr'>quo-</span> 
     </span>
     <span class='ocr_line' id='line_1_5' title="bbox 344 964 1673 1053; baseline -0.002 -20"><span class='ocrx_word' id='word_1_38' title='bbox 344 970 418 1033; x_wconf 91' lang='lat' dir='ltr'>dam</span> <span class='ocrx_word' id='word_1_39' title='bbox 445 970 556 1053; x_wconf 88' lang='lat' dir='ltr'>spiritu</span> <span class='ocrx_word' id='word_1_40' title='bbox 584 964 695 1030; x_wconf 90' lang='lat' dir='ltr'>inllari.</span> <span class='ocrx_word' id='word_1_41' title='bbox 737 966 843 1043; x_wconf 87' lang='lat' dir='ltr'>Quare</span> <span class='ocrx_word' id='word_1_42' title='bbox 865 986 922 1030; x_wconf 91' lang='lat' dir='ltr'>suo</span> <span class='ocrx_word' id='word_1_43' title='bbox 942 967 1012 1029; x_wconf 89' lang='lat' dir='ltr'>iure</span> <span class='ocrx_word' id='word_1_44' title='bbox 1034 972 1143 1029; x_wconf 90' lang='lat' dir='ltr'>noster</span> <span class='ocrx_word' id='word_1_45' title='bbox 1164 964 1220 1027; x_wconf 93' lang='lat' dir='ltr'>ille</span> <span class='ocrx_word' id='word_1_46' title='bbox 1241 966 1362 1028; x_wconf 87' lang='lat' dir='ltr'>Ennius</span> <span class='ocrx_word' id='word_1_47' title='bbox 1384 972 1509 1029; x_wconf 88' lang='lat' dir='ltr'>sanctos</span> <span class='ocrx_word' id='word_1_48' title='bbox 1532 967 1673 1051; x_wconf 89' lang='lat' dir='ltr'>appellat</span> 
     </span>
     <span class='ocr_line' id='line_1_6' title="bbox 321 1057 1672 1147; baseline -0.001 -20"><span class='ocrx_word' id='word_1_49' title='bbox 321 1069 471 1147; x_wconf 83' lang='lat' dir='ltr'>spolitas,</span> <span class='ocrx_word' id='word_1_50' title='bbox 493 1062 579 1146; x_wconf 88' lang='lat' dir='ltr'>quod</span> <span class='ocrx_word' id='word_1_51' title='bbox 601 1060 692 1143; x_wconf 90' lang='lat' dir='ltr'>quasi</span> <span class='ocrx_word' id='word_1_52' title='bbox 713 1058 845 1124; x_wconf 85' lang='lat' dir='ltr'>deorum</span> <span class='ocrx_word' id='word_1_53' title='bbox 867 1059 974 1142; x_wconf 87' lang='lat' dir='ltr'>aliquo</span> <span class='ocrx_word' id='word_1_54' title='bbox 1000 1057 1085 1121; x_wconf 91' lang='lat' dir='ltr'>dono</span> <span class='ocrx_word' id='word_1_55' title='bbox 1111 1064 1207 1143; x_wconf 80' lang='lat' dir='ltr'>atque</span> <span class='ocrx_word' id='word_1_56' title='bbox 1230 1078 1360 1123; x_wconf 89' lang='lat' dir='ltr'>munere</span> <span class='ocrx_word' id='word_1_57' title='bbox 1381 1059 1592 1124; x_wconf 88' lang='lat' dir='ltr'>commendati</span> <span class='ocrx_word' id='word_1_58' title='bbox 1612 1081 1672 1125; x_wconf 90' lang='lat' dir='ltr'>no-</span> 
     </span>
     <span class='ocr_line' id='line_1_7' title="bbox 318 1147 1672 1237; baseline -0.001 -17"><span class='ocrx_word' id='word_1_59' title='bbox 318 1200 321 1207; x_wconf 80' lang='lat'>,</span> <span class='ocrx_word' id='word_1_60' title='bbox 343 1158 394 1220; x_wconf 91' lang='lat' dir='ltr'>bis</span> <span class='ocrx_word' id='word_1_61' title='bbox 415 1176 485 1219; x_wconf 89' lang='lat' dir='ltr'>esse</span> <span class='ocrx_word' id='word_1_62' title='bbox 506 1154 682 1218; x_wconf 89' lang='lat' dir='ltr'>videantur.</span> <span class='ocrx_word' id='word_1_63' title='bbox 726 1147 777 1215; x_wconf 80' lang='lat' dir='ltr'>ie.</span> <span class='ocrx_word' id='word_1_64' title='bbox 793 1153 842 1215; x_wconf 86' lang='lat' dir='ltr'>Sit</span> <span class='ocrx_word' id='word_1_65' title='bbox 861 1153 973 1235; x_wconf 82' lang='lat' dir='ltr'>igitur,</span> <span class='ocrx_word' id='word_1_66' title='bbox 995 1152 1135 1227; x_wconf 90' lang='lat' dir='ltr'>iudices,</span> <span class='ocrx_word' id='word_1_67' title='bbox 1157 1159 1301 1216; x_wconf 87' lang='lat' dir='ltr'>sanctum</span> <span class='ocrx_word' id='word_1_68' title='bbox 1316 1152 1401 1237; x_wconf 90' lang='lat' dir='ltr'>apud</span> <span class='ocrx_word' id='word_1_69' title='bbox 1414 1172 1488 1229; x_wconf 84' lang='lat' dir='ltr'>vos,</span> <span class='ocrx_word' id='word_1_70' title='bbox 1509 1154 1672 1219; x_wconf 88' lang='lat' dir='ltr'>humanis-</span> 
     </span>
     <span class='ocr_line' id='line_1_8' title="bbox 344 1244 1671 1335; baseline -0.002 -22"><span class='ocrx_word' id='word_1_71' title='bbox 344 1252 441 1314; x_wconf 90' lang='lat' dir='ltr'>simos</span> <span class='ocrx_word' id='word_1_72' title='bbox 462 1249 616 1335; x_wconf 87' lang='lat' dir='ltr'>homines,</span> <span class='ocrx_word' id='word_1_73' title='bbox 637 1247 697 1311; x_wconf 91' lang='lat' dir='ltr'>hoo</span> <span class='ocrx_word' id='word_1_74' title='bbox 718 1253 833 1329; x_wconf 75' lang='lat' dir='ltr'>poetae</span> <span class='ocrx_word' id='word_1_75' title='bbox 851 1264 977 1319; x_wconf 91' lang='lat' dir='ltr'>nomen,</span> <span class='ocrx_word' id='word_1_76' title='bbox 998 1244 1085 1329; x_wconf 89' lang='lat' dir='ltr'>quod</span> <span class='ocrx_word' id='word_1_77' title='bbox 1107 1244 1195 1309; x_wconf 87' lang='lat' dir='ltr'>nulla</span> <span class='ocrx_word' id='word_1_78' title='bbox 1209 1265 1361 1330; x_wconf 83' lang='lat' dir='ltr'>umquam</span> <span class='ocrx_word' id='word_1_79' title='bbox 1374 1245 1520 1310; x_wconf 89' lang='lat' dir='ltr'>barbaria</span> <span class='ocrx_word' id='word_1_80' title='bbox 1532 1247 1671 1311; x_wconf 76' lang='lat' dir='ltr'>violarit.</span> 
     </span>
     <span class='ocr_line' id='line_1_9' title="bbox 212 1333 1672 1426; baseline -0.003 -18"><span class='ocrx_word' id='word_1_81' title='bbox 212 1379 220 1400; x_wconf 63' lang='grc' dir='ltr'><em>ι</em></span> <span class='ocrx_word' id='word_1_82' title='bbox 344 1344 428 1407; x_wconf 84' lang='lat' dir='ltr'>Saxa</span> <span class='ocrx_word' id='word_1_83' title='bbox 449 1350 481 1406; x_wconf 92' lang='lat' dir='ltr'>et</span> <span class='ocrx_word' id='word_1_84' title='bbox 495 1333 685 1405; x_wconf 81' lang='lat' dir='ltr'>solitudines</span> <span class='ocrx_word' id='word_1_85' title='bbox 699 1342 769 1404; x_wconf 83' lang='lat' dir='ltr'>voci</span> <span class='ocrx_word' id='word_1_86' title='bbox 783 1340 995 1426; x_wconf 79' lang='lat' dir='ltr'>respondent,</span> <span class='ocrx_word' id='word_1_87' title='bbox 1017 1339 1137 1403; x_wconf 90' lang='lat' dir='ltr'>bestiae</span> <span class='ocrx_word' id='word_1_88' title='bbox 1152 1358 1246 1423; x_wconf 85' lang='lat' dir='ltr'>saepe</span> <span class='ocrx_word' id='word_1_89' title='bbox 1263 1340 1417 1404; x_wconf 88' lang='lat' dir='ltr'>immanes</span> <span class='ocrx_word' id='word_1_90' title='bbox 1432 1346 1527 1403; x_wconf 88' lang='lat' dir='ltr'>cantu</span> <span class='ocrx_word' id='word_1_91' title='bbox 1540 1340 1672 1404; x_wconf 81' lang='lat' dir='ltr'>hectun·</span> 
     </span>
     <span class='ocr_line' id='line_1_10' title="bbox 211 1431 1672 1522; baseline -0.003 -20"><span class='ocrx_word' id='word_1_92' title='bbox 211 1431 213 1442; x_wconf 83' lang='lat'>&#39;</span> <span class='ocrx_word' id='word_1_93' title='bbox 343 1446 395 1501; x_wconf 92' lang='lat' dir='ltr'>tur</span> <span class='ocrx_word' id='word_1_94' title='bbox 415 1446 512 1522; x_wconf 91' lang='lat' dir='ltr'>atque</span> <span class='ocrx_word' id='word_1_95' title='bbox 534 1436 727 1499; x_wconf 86' lang='lat' dir='ltr'>consistunt:</span> <span class='ocrx_word' id='word_1_96' title='bbox 749 1455 807 1498; x_wconf 92' lang='lat' dir='ltr'>nos</span> <span class='ocrx_word' id='word_1_97' title='bbox 829 1435 962 1497; x_wconf 85' lang='lat' dir='ltr'>instituti</span> <span class='ocrx_word' id='word_1_98' title='bbox 983 1433 1078 1496; x_wconf 93' lang='lat' dir='ltr'>rebus</span> <span class='ocrx_word' id='word_1_99' title='bbox 1093 1434 1218 1516; x_wconf 88' lang='lat' dir='ltr'>optimis</span> <span class='ocrx_word' id='word_1_100' title='bbox 1242 1452 1307 1496; x_wconf 92' lang='lat' dir='ltr'>nou</span> <span class='ocrx_word' id='word_1_101' title='bbox 1329 1440 1492 1517; x_wconf 76' lang='lat' dir='ltr'>poetarum</span> <span class='ocrx_word' id='word_1_102' title='bbox 1506 1452 1585 1497; x_wconf 84' lang='lat' dir='ltr'>voce</span> <span class='ocrx_word' id='word_1_103' title='bbox 1606 1454 1672 1498; x_wconf 88' lang='lat' dir='ltr'>mo·</span> 
     </span>
     <span class='ocr_line' id='line_1_11' title="bbox 307 1525 1672 1611; baseline -0.002 -14"><span class='ocrx_word' id='word_1_104' title='bbox 307 1534 498 1597; x_wconf 82' lang='lat' dir='ltr'>ioveamurl</span> <span class='ocrx_word' id='word_1_105' title='bbox 530 1530 702 1592; x_wconf 85' lang='lat' dir='ltr'>Homerum</span> <span class='ocrx_word' id='word_1_106' title='bbox 725 1527 914 1611; x_wconf 89' lang='lat' dir='ltr'>Colophonii</span> <span class='ocrx_word' id='word_1_107' title='bbox 937 1527 1038 1591; x_wconf 86' lang='lat' dir='ltr'>civem</span> <span class='ocrx_word' id='word_1_108' title='bbox 1061 1546 1132 1591; x_wconf 89' lang='lat' dir='ltr'>esse</span> <span class='ocrx_word' id='word_1_109' title='bbox 1155 1525 1264 1589; x_wconf 89' lang='lat' dir='ltr'>dicunt</span> <span class='ocrx_word' id='word_1_110' title='bbox 1277 1546 1387 1602; x_wconf 89' lang='lat' dir='ltr'>suum,</span> <span class='ocrx_word' id='word_1_111' title='bbox 1411 1527 1481 1591; x_wconf 89' lang='lat' dir='ltr'>Chii</span> <span class='ocrx_word' id='word_1_112' title='bbox 1496 1549 1590 1592; x_wconf 89' lang='lat' dir='ltr'>suum</span> <span class='ocrx_word' id='word_1_113' title='bbox 1603 1530 1672 1594; x_wconf 79' lang='lat' dir='ltr'>rin·</span> 
     </span>
     <span class='ocr_line' id='line_1_12' title="bbox 343 1620 1671 1707; baseline -0.001 -20"><span class='ocrx_word' id='word_1_114' title='bbox 343 1624 465 1696; x_wconf 91' lang='lat' dir='ltr'>dicant,</span> <span class='ocrx_word' id='word_1_115' title='bbox 488 1622 654 1686; x_wconf 89' lang='lat' dir='ltr'>Salaminii</span> <span class='ocrx_word' id='word_1_116' title='bbox 674 1628 837 1706; x_wconf 91' lang='lat' dir='ltr'>repetunt,</span> <span class='ocrx_word' id='word_1_117' title='bbox 861 1620 1024 1705; x_wconf 81' lang='lat' dir='ltr'>Smyrnaei</span> <span class='ocrx_word' id='word_1_118' title='bbox 1046 1640 1123 1685; x_wconf 86' lang='lat' dir='ltr'>vero</span> <span class='ocrx_word' id='word_1_119' title='bbox 1146 1639 1238 1683; x_wconf 91' lang='lat' dir='ltr'>suum</span> <span class='ocrx_word' id='word_1_120' title='bbox 1253 1639 1323 1684; x_wconf 93' lang='lat' dir='ltr'>esse</span> <span class='ocrx_word' id='word_1_121' title='bbox 1339 1621 1540 1697; x_wconf 87' lang='lat' dir='ltr'>confirmant,</span> <span class='ocrx_word' id='word_1_122' title='bbox 1561 1624 1671 1707; x_wconf 86' lang='lat' dir='ltr'>itaque</span> 
     </span>
     <span class='ocr_line' id='line_1_13' title="bbox 343 1712 1672 1800; baseline -0.002 -18"><span class='ocrx_word' id='word_1_123' title='bbox 343 1716 438 1782; x_wconf 83' lang='lat' dir='ltr'>ctiam</span> <span class='ocrx_word' id='word_1_124' title='bbox 460 1716 626 1779; x_wconf 87' lang='lat' dir='ltr'>delubrum</span> <span class='ocrx_word' id='word_1_125' title='bbox 648 1715 718 1778; x_wconf 90' lang='lat' dir='ltr'>eius</span> <span class='ocrx_word' id='word_1_126' title='bbox 737 1716 769 1778; x_wconf 92' lang='lat' dir='ltr'>in</span> <span class='ocrx_word' id='word_1_127' title='bbox 785 1712 903 1800; x_wconf 90' lang='lat' dir='ltr'>oppido</span> <span class='ocrx_word' id='word_1_128' title='bbox 919 1714 1164 1790; x_wconf 82' lang='lat' dir='ltr'>dedicaverunt3</span> <span class='ocrx_word' id='word_1_129' title='bbox 1187 1714 1335 1797; x_wconf 88' lang='lat' dir='ltr'>permulti</span> <span class='ocrx_word' id='word_1_130' title='bbox 1351 1713 1406 1778; x_wconf 91' lang='lat' dir='ltr'>alii</span> <span class='ocrx_word' id='word_1_131' title='bbox 1427 1724 1592 1798; x_wconf 88' lang='lat' dir='ltr'>praeterea</span> <span class='ocrx_word' id='word_1_132' title='bbox 1612 1737 1672 1800; x_wconf 86' lang='lat' dir='ltr'>pu-</span> 
     </span>
     <span class='ocr_line' id='line_1_14' title="bbox 342 1805 1671 1897; baseline -0.002 -22"><span class='ocrx_word' id='word_1_133' title='bbox 342 1818 441 1897; x_wconf 88' lang='lat' dir='ltr'>gnant</span> <span class='ocrx_word' id='word_1_134' title='bbox 459 1810 542 1873; x_wconf 91' lang='lat' dir='ltr'>inter</span> <span class='ocrx_word' id='word_1_135' title='bbox 563 1828 598 1873; x_wconf 91' lang='lat' dir='ltr'>se</span> <span class='ocrx_word' id='word_1_136' title='bbox 619 1816 714 1894; x_wconf 88' lang='lat' dir='ltr'>atque</span> <span class='ocrx_word' id='word_1_137' title='bbox 737 1808 939 1873; x_wconf 87' lang='lat' dir='ltr'>contendunt.</span> <span class='ocrx_word' id='word_1_138' title='bbox 983 1808 1042 1869; x_wconf 87' lang='lat' dir='ltr'>ix.</span> <span class='ocrx_word' id='word_1_139' title='bbox 1063 1808 1147 1891; x_wconf 83' lang='lat' dir='ltr'>Ergo</span> <span class='ocrx_word' id='word_1_140' title='bbox 1163 1805 1211 1871; x_wconf 90' lang='lat' dir='ltr'>illi</span> <span class='ocrx_word' id='word_1_141' title='bbox 1225 1807 1382 1884; x_wconf 92' lang='lat' dir='ltr'>alienum,</span> <span class='ocrx_word' id='word_1_142' title='bbox 1405 1809 1481 1893; x_wconf 85' lang='lat' dir='ltr'>quia</span> <span class='ocrx_word' id='word_1_143' title='bbox 1494 1816 1588 1893; x_wconf 72' lang='lat' dir='ltr'>poeta</span> <span class='ocrx_word' id='word_1_144' title='bbox 1601 1810 1671 1886; x_wconf 82' lang='lat' dir='ltr'>luit,</span> 
     </span>
     <span class='ocr_line' id='line_1_15' title="bbox 341 1899 1672 1989; baseline -0.001 -21"><span class='ocrx_word' id='word_1_145' title='bbox 341 1910 566 1989; x_wconf 88' lang='lat' dir='ltr'>postmortem</span> <span class='ocrx_word' id='word_1_146' title='bbox 588 1904 682 1966; x_wconf 86' lang='lat' dir='ltr'>eliam</span> <span class='ocrx_word' id='word_1_147' title='bbox 704 1908 875 1985; x_wconf 84' lang='lat' dir='ltr'>expetunt:</span> <span class='ocrx_word' id='word_1_148' title='bbox 896 1920 956 1963; x_wconf 90' lang='lat' dir='ltr'>uos</span> <span class='ocrx_word' id='word_1_149' title='bbox 977 1901 1063 1964; x_wconf 89' lang='lat' dir='ltr'>hunc</span> <span class='ocrx_word' id='word_1_150' title='bbox 1084 1899 1205 1975; x_wconf 83' lang='lat' dir='ltr'>vivum,</span> <span class='ocrx_word' id='word_1_151' title='bbox 1228 1901 1284 1983; x_wconf 87' lang='lat' dir='ltr'>qni</span> <span class='ocrx_word' id='word_1_152' title='bbox 1307 1908 1338 1965; x_wconf 92' lang='lat' dir='ltr'>et</span> <span class='ocrx_word' id='word_1_153' title='bbox 1358 1901 1521 1982; x_wconf 84' lang='lat' dir='ltr'>voluntate</span> <span class='ocrx_word' id='word_1_154' title='bbox 1542 1913 1575 1969; x_wconf 87' lang='lat' dir='ltr'>et</span> <span class='ocrx_word' id='word_1_155' title='bbox 1594 1905 1672 1988; x_wconf 90' lang='lat' dir='ltr'>legi·</span> 
     </span>
     <span class='ocr_line' id='line_1_16' title="bbox 308 1995 1671 2082; baseline -0.004 -16"><span class='ocrx_word' id='word_1_156' title='bbox 308 1999 402 2066; x_wconf 79' lang='lat' dir='ltr'>robus</span> <span class='ocrx_word' id='word_1_157' title='bbox 424 2005 533 2061; x_wconf 86' lang='lat' dir='ltr'>noster</span> <span class='ocrx_word' id='word_1_158' title='bbox 552 2002 615 2071; x_wconf 92' lang='lat' dir='ltr'>est,</span> <span class='ocrx_word' id='word_1_159' title='bbox 636 1995 894 2078; x_wconf 72' lang='lat' dir='ltr'>repudiabimus?</span> <span class='ocrx_word' id='word_1_160' title='bbox 917 1995 1103 2078; x_wconf 89' lang='lat' dir='ltr'>praesertim</span> <span class='ocrx_word' id='word_1_161' title='bbox 1125 2012 1197 2058; x_wconf 88' lang='lat' dir='ltr'>cum</span> <span class='ocrx_word' id='word_1_162' title='bbox 1220 2013 1315 2059; x_wconf 92' lang='lat' dir='ltr'>omne</span> <span class='ocrx_word' id='word_1_163' title='bbox 1330 1995 1406 2059; x_wconf 92' lang='lat' dir='ltr'>olim</span> <span class='ocrx_word' id='word_1_164' title='bbox 1422 1998 1562 2061; x_wconf 87' lang='lat' dir='ltr'>studium</span> <span class='ocrx_word' id='word_1_165' title='bbox 1575 2006 1671 2082; x_wconf 86' lang='lat' dir='ltr'>atque</span> 
     </span>
     <span class='ocr_line' id='line_1_17' title="bbox 344 2087 1671 2176; baseline -0.002 -18"><span class='ocrx_word' id='word_1_166' title='bbox 344 2112 438 2158; x_wconf 89' lang='lat' dir='ltr'>omns</span> <span class='ocrx_word' id='word_1_167' title='bbox 459 2092 621 2174; x_wconf 81' lang='lat' dir='ltr'>ingenium</span> <span class='ocrx_word' id='word_1_168' title='bbox 642 2090 810 2153; x_wconf 90' lang='lat' dir='ltr'>contulerit</span> <span class='ocrx_word' id='word_1_169' title='bbox 830 2088 960 2153; x_wconf 81' lang='lat' dir='ltr'>Archias</span> <span class='ocrx_word' id='word_1_170' title='bbox 982 2088 1022 2153; x_wconf 92' lang='lat' dir='ltr'>ad</span> <span class='ocrx_word' id='word_1_171' title='bbox 1044 2087 1154 2173; x_wconf 90' lang='lat' dir='ltr'>populi</span> <span class='ocrx_word' id='word_1_172' title='bbox 1173 2090 1306 2152; x_wconf 84' lang='lat' dir='ltr'>llomani</span> <span class='ocrx_word' id='word_1_173' title='bbox 1328 2088 1460 2172; x_wconf 78' lang='lat' dir='ltr'>gloriam</span> <span class='ocrx_word' id='word_1_174' title='bbox 1481 2091 1671 2176; x_wconf 87' lang='lat' dir='ltr'>laudemque</span> 
     </span>
     <span class='ocr_line' id='line_1_18' title="bbox 343 2181 1671 2267; baseline 0 -18"><span class='ocrx_word' id='word_1_175' title='bbox 343 2184 573 2249; x_wconf 90' lang='lat' dir='ltr'>celebrandam.</span> <span class='ocrx_word' id='word_1_176' title='bbox 604 2184 684 2245; x_wconf 90' lang='lat' dir='ltr'>Nam</span> <span class='ocrx_word' id='word_1_177' title='bbox 706 2189 737 2246; x_wconf 89' lang='lat' dir='ltr'>et</span> <span class='ocrx_word' id='word_1_178' title='bbox 760 2181 929 2247; x_wconf 82' lang='lat' dir='ltr'>Cimbricas</span> <span class='ocrx_word' id='word_1_179' title='bbox 951 2202 1002 2246; x_wconf 90' lang='lat' dir='ltr'>res</span> <span class='ocrx_word' id='word_1_180' title='bbox 1025 2182 1209 2246; x_wconf 80' lang='lat' dir='ltr'>adolescens</span> <span class='ocrx_word' id='word_1_181' title='bbox 1231 2184 1335 2266; x_wconf 91' lang='lat' dir='ltr'>attigit</span> <span class='ocrx_word' id='word_1_182' title='bbox 1355 2190 1389 2247; x_wconf 93' lang='lat' dir='ltr'>et</span> <span class='ocrx_word' id='word_1_183' title='bbox 1409 2183 1472 2267; x_wconf 94' lang='lat' dir='ltr'>ipsi</span> <span class='ocrx_word' id='word_1_184' title='bbox 1494 2186 1542 2251; x_wconf 93' lang='lat' dir='ltr'>illi</span> <span class='ocrx_word' id='word_1_185' title='bbox 1557 2186 1591 2250; x_wconf 87' lang='lat' dir='ltr'>C.</span> <span class='ocrx_word' id='word_1_186' title='bbox 1605 2186 1671 2249; x_wconf 80' lang='lat' dir='ltr'>hla-</span> 
     </span>
     <span class='ocr_line' id='line_1_19' title="bbox 343 2275 1671 2364; baseline 0.001 -21"><span class='ocrx_word' id='word_1_187' title='bbox 343 2280 410 2355; x_wconf 87' lang='lat' dir='ltr'>rio,</span> <span class='ocrx_word' id='word_1_188' title='bbox 431 2279 487 2362; x_wconf 88' lang='lat' dir='ltr'>qui</span> <span class='ocrx_word' id='word_1_189' title='bbox 509 2275 618 2340; x_wconf 89' lang='lat' dir='ltr'>durior</span> <span class='ocrx_word' id='word_1_190' title='bbox 638 2276 678 2340; x_wconf 91' lang='lat' dir='ltr'>ad</span> <span class='ocrx_word' id='word_1_191' title='bbox 700 2276 778 2340; x_wconf 90' lang='lat' dir='ltr'>haec</span> <span class='ocrx_word' id='word_1_192' title='bbox 800 2276 904 2339; x_wconf 91' lang='lat' dir='ltr'>studia</span> <span class='ocrx_word' id='word_1_193' title='bbox 919 2275 1099 2351; x_wconf 87' lang='lat' dir='ltr'>videbatur,</span> <span class='ocrx_word' id='word_1_194' title='bbox 1120 2276 1277 2340; x_wconf 87' lang='lat' dir='ltr'>iucundus</span> <span class='ocrx_word' id='word_1_195' title='bbox 1291 2277 1361 2341; x_wconf 83' lang='lat' dir='ltr'>fuit.</span> <span class='ocrx_word' id='word_1_196' title='bbox 1392 2275 1444 2340; x_wconf 79' lang='lat'>20.</span> <span class='ocrx_word' id='word_1_197' title='bbox 1459 2281 1571 2364; x_wconf 83' lang='lat' dir='ltr'>Neque</span> <span class='ocrx_word' id='word_1_198' title='bbox 1586 2281 1671 2344; x_wconf 90' lang='lat' dir='ltr'>enim</span> 
     </span>
     <span class='ocr_line' id='line_1_20' title="bbox 342 2370 1670 2456; baseline 0.004 -23"><span class='ocrx_word' id='word_1_199' title='bbox 342 2372 513 2456; x_wconf 87' lang='lat' dir='ltr'>qnisquam</span> <span class='ocrx_word' id='word_1_200' title='bbox 535 2378 584 2433; x_wconf 90' lang='lat' dir='ltr'>est</span> <span class='ocrx_word' id='word_1_201' title='bbox 603 2378 666 2433; x_wconf 86' lang='lat' dir='ltr'>tam</span> <span class='ocrx_word' id='word_1_202' title='bbox 688 2390 817 2434; x_wconf 84' lang='lat' dir='ltr'>aversus</span> <span class='ocrx_word' id='word_1_203' title='bbox 839 2390 857 2433; x_wconf 92' lang='lat' dir='ltr'>a</span> <span class='ocrx_word' id='word_1_204' title='bbox 879 2371 997 2445; x_wconf 86' lang='lat' dir='ltr'>Musis,</span> <span class='ocrx_word' id='word_1_205' title='bbox 1020 2370 1076 2454; x_wconf 91' lang='lat' dir='ltr'>qni</span> <span class='ocrx_word' id='word_1_206' title='bbox 1099 2389 1163 2432; x_wconf 94' lang='lat' dir='ltr'>non</span> <span class='ocrx_word' id='word_1_207' title='bbox 1186 2372 1326 2435; x_wconf 91' lang='lat' dir='ltr'>mandari</span> <span class='ocrx_word' id='word_1_208' title='bbox 1342 2372 1487 2437; x_wconf 86' lang='lat' dir='ltr'>versibus</span> <span class='ocrx_word' id='word_1_209' title='bbox 1508 2382 1670 2439; x_wconf 90' lang='lat' dir='ltr'>aeternum</span> 
     </span>
     <span class='ocr_line' id='line_1_21' title="bbox 233 2463 1672 2548; baseline 0.002 -19"><span class='ocrx_word' id='word_1_210' title='bbox 233 2525 236 2538; x_wconf 82' lang='lat'>,</span> <span class='ocrx_word' id='word_1_211' title='bbox 305 2484 472 2536; x_wconf 77' lang='lat' dir='ltr'>saeuorum</span> <span class='ocrx_word' id='word_1_212' title='bbox 494 2464 636 2528; x_wconf 89' lang='lat' dir='ltr'>laborum</span> <span class='ocrx_word' id='word_1_213' title='bbox 657 2464 750 2528; x_wconf 84' lang='lat' dir='ltr'>lacile</span> <span class='ocrx_word' id='word_1_214' title='bbox 772 2464 975 2547; x_wconf 86' lang='lat' dir='ltr'>praeconium</span> <span class='ocrx_word' id='word_1_215' title='bbox 997 2463 1144 2548; x_wconf 87' lang='lat' dir='ltr'>patiatur.</span> <span class='ocrx_word' id='word_1_216' title='bbox 1181 2463 1426 2528; x_wconf 89' lang='lat' dir='ltr'>Themistoclem</span> <span class='ocrx_word' id='word_1_217' title='bbox 1445 2465 1554 2544; x_wconf 89' lang='lat' dir='ltr'>illum,</span> <span class='ocrx_word' id='word_1_218' title='bbox 1586 2488 1672 2532; x_wconf 91' lang='lat' dir='ltr'>sum·</span> 
     </span>
    </p>
   </div>
   <div class='ocr_carea' id='block_1_3' title="bbox 342 2558 1672 2645">
    <p class='ocr_par' dir='ltr' id='par_1_3' title="bbox 208 2556 1672 2645">
     <span class='ocr_line' id='line_1_22' title="bbox 342 2558 1672 2645; baseline 0.001 -18.908"><span class='ocrx_word' id='word_1_219' title='bbox 342 2579 429 2623; x_wconf 92' lang='lat' dir='ltr'>mum</span> <span class='ocrx_word' id='word_1_220' title='bbox 449 2558 582 2622; x_wconf 80' lang='lat' dir='ltr'>Athenis</span> <span class='ocrx_word' id='word_1_221' title='bbox 603 2560 722 2645; x_wconf 68' lang='lat' dir='ltr'>vinnm,</span> <span class='ocrx_word' id='word_1_222' title='bbox 745 2559 864 2622; x_wconf 86' lang='lat' dir='ltr'>dixisse</span> <span class='ocrx_word' id='word_1_223' title='bbox 887 2558 988 2629; x_wconf 89' lang='lat' dir='ltr'>aiunt,</span> <span class='ocrx_word' id='word_1_224' title='bbox 1011 2577 1082 2620; x_wconf 88' lang='lat' dir='ltr'>cnm</span> <span class='ocrx_word' id='word_1_225' title='bbox 1104 2576 1145 2621; x_wconf 84' lang='lat' dir='ltr'>ex</span> <span class='ocrx_word' id='word_1_226' title='bbox 1167 2577 1205 2620; x_wconf 93' lang='lat' dir='ltr'>eo</span> <span class='ocrx_word' id='word_1_227' title='bbox 1228 2566 1454 2642; x_wconf 83' lang='lat' dir='ltr'>quaereretur,</span> <span class='ocrx_word' id='word_1_228' title='bbox 1475 2562 1562 2645; x_wconf 85' lang='lat' dir='ltr'>quod</span> <span class='ocrx_word' id='word_1_229' title='bbox 1583 2582 1672 2627; x_wconf 90' lang='lat' dir='ltr'>acro·</span> 
     </span>
    </p>
   </div>
   <div class='ocr_carea' id='block_1_4' title="bbox 206 2638 1671 3963">
    <p class='ocr_par' dir='ltr' id='par_1_4' title="bbox 206 2638 1671 3963">
     <span class='ocr_line' id='line_1_23' title="bbox 342 2638 1670 2741; baseline 0.003 -24"><span class='ocrx_word' id='word_1_230' title='bbox 342 2674 413 2717; x_wconf 87' lang='lat' dir='ltr'>ama</span> <span class='ocrx_word' id='word_1_231' title='bbox 433 2660 488 2716; x_wconf 91' lang='lat' dir='ltr'>aut</span> <span class='ocrx_word' id='word_1_232' title='bbox 510 2653 599 2716; x_wconf 89' lang='lat' dir='ltr'>cuius</span> <span class='ocrx_word' id='word_1_233' title='bbox 613 2638 724 2716; x_wconf 69' lang='lat' dir='ltr'>vocem</span> <span class='ocrx_word' id='word_1_234' title='bbox 742 2652 949 2715; x_wconf 91' lang='lat' dir='ltr'>libentissime</span> <span class='ocrx_word' id='word_1_235' title='bbox 965 2651 1105 2717; x_wconf 87' lang='lat' dir='ltr'>audiret:</span> <span class='ocrx_word' id='word_1_236' title='bbox 1128 2652 1210 2726; x_wconf 87' lang='lat' dir='ltr'>eius,</span> <span class='ocrx_word' id='word_1_237' title='bbox 1233 2672 1331 2735; x_wconf 86' lang='lat' dir='ltr'>aquo</span> <span class='ocrx_word' id='word_1_238' title='bbox 1352 2672 1410 2717; x_wconf 89' lang='lat' dir='ltr'>sua</span> <span class='ocrx_word' id='word_1_239' title='bbox 1431 2654 1529 2719; x_wconf 80' lang='lat' dir='ltr'>virms</span> <span class='ocrx_word' id='word_1_240' title='bbox 1550 2657 1670 2741; x_wconf 88' lang='lat' dir='ltr'>optime</span> 
     </span>
     <span class='ocr_line' id='line_1_24' title="bbox 341 2744 1670 2829; baseline 0.003 -19"><span class='ocrx_word' id='word_1_241' title='bbox 341 2748 584 2829; x_wconf 87' lang='lat' dir='ltr'>praedicaretur.</span> <span class='ocrx_word' id='word_1_242' title='bbox 624 2746 735 2829; x_wconf 86' lang='lat' dir='ltr'>ltaque</span> <span class='ocrx_word' id='word_1_243' title='bbox 756 2745 812 2809; x_wconf 88' lang='lat' dir='ltr'>ille</span> <span class='ocrx_word' id='word_1_244' title='bbox 834 2745 950 2809; x_wconf 89' lang='lat' dir='ltr'>hlarius</span> <span class='ocrx_word' id='word_1_245' title='bbox 974 2746 1049 2808; x_wconf 89' lang='lat' dir='ltr'>item</span> <span class='ocrx_word' id='word_1_246' title='bbox 1070 2745 1187 2809; x_wconf 86' lang='lat' dir='ltr'>eximie</span> <span class='ocrx_word' id='word_1_247' title='bbox 1208 2744 1244 2806; x_wconf 96' lang='lat' dir='ltr'>L.</span> <span class='ocrx_word' id='word_1_248' title='bbox 1267 2746 1407 2809; x_wconf 85' lang='lat' dir='ltr'>Plotium</span> <span class='ocrx_word' id='word_1_249' title='bbox 1427 2747 1558 2823; x_wconf 84' lang='lat' dir='ltr'>dilexit,</span> <span class='ocrx_word' id='word_1_250' title='bbox 1580 2749 1670 2813; x_wconf 89' lang='lat' dir='ltr'>cuius</span> 
     </span>
     <span class='ocr_line' id='line_1_25' title="bbox 341 2828 1671 2925; baseline 0.002 -22"><span class='ocrx_word' id='word_1_251' title='bbox 341 2840 469 2925; x_wconf 90' lang='lat' dir='ltr'>ingenio</span> <span class='ocrx_word' id='word_1_252' title='bbox 500 2838 631 2923; x_wconf 87' lang='lat' dir='ltr'>putabat</span> <span class='ocrx_word' id='word_1_253' title='bbox 659 2860 712 2914; x_wconf 90' lang='lat' dir='ltr'>ea,</span> <span class='ocrx_word' id='word_1_254' title='bbox 741 2858 823 2924; x_wconf 91' lang='lat' dir='ltr'>quae</span> <span class='ocrx_word' id='word_1_255' title='bbox 852 2845 1006 2922; x_wconf 78' lang='lat' dir='ltr'>gesserat,</span> <span class='ocrx_word' id='word_1_256' title='bbox 1036 2858 1130 2921; x_wconf 89' lang='lat' dir='ltr'>posse</span> <span class='ocrx_word' id='word_1_257' title='bbox 1153 2838 1315 2903; x_wconf 90' lang='lat' dir='ltr'>celebrari.</span> <span class='ocrx_word' id='word_1_258' title='bbox 1352 2836 1404 2902; x_wconf 72' lang='lat' dir='ltr'>il.</span> <span class='ocrx_word' id='word_1_259' title='bbox 1426 2828 1671 2905; x_wconf 77' lang='lat' dir='ltr'>hlith‘ridaticum</span> 
     </span>
     <span class='ocr_line' id='line_1_26' title="bbox 303 2931 1670 3018; baseline 0.001 -18"><span class='ocrx_word' id='word_1_260' title='bbox 303 2954 417 3006; x_wconf 77' lang='lat' dir='ltr'>severo</span> <span class='ocrx_word' id='word_1_261' title='bbox 438 2934 575 3010; x_wconf 90' lang='lat' dir='ltr'>bellum,</span> <span class='ocrx_word' id='word_1_262' title='bbox 596 2952 743 3017; x_wconf 88' lang='lat' dir='ltr'>magnum</span> <span class='ocrx_word' id='word_1_263' title='bbox 765 2941 861 3018; x_wconf 87' lang='lat' dir='ltr'>atque</span> <span class='ocrx_word' id='word_1_264' title='bbox 884 2931 1013 2996; x_wconf 89' lang='lat' dir='ltr'>difficile</span> <span class='ocrx_word' id='word_1_265' title='bbox 1035 2937 1067 2996; x_wconf 89' lang='lat' dir='ltr'>et</span> <span class='ocrx_word' id='word_1_266' title='bbox 1088 2933 1121 2996; x_wconf 89' lang='lat' dir='ltr'>in</span> <span class='ocrx_word' id='word_1_267' title='bbox 1142 2933 1241 2996; x_wconf 86' lang='lat' dir='ltr'>multa</span> <span class='ocrx_word' id='word_1_268' title='bbox 1255 2935 1404 2997; x_wconf 83' lang='lat' dir='ltr'>varietate</span> <span class='ocrx_word' id='word_1_269' title='bbox 1426 2940 1509 2999; x_wconf 89' lang='lat' dir='ltr'>terra</span> <span class='ocrx_word' id='word_1_270' title='bbox 1529 2937 1670 3018; x_wconf 85' lang='lat' dir='ltr'>marique</span> 
     </span>
     <span class='ocr_line' id='line_1_27' title="bbox 342 3027 1670 3112; baseline 0 -21"><span class='ocrx_word' id='word_1_271' title='bbox 342 3043 515 3104; x_wconf 87' lang='lat' dir='ltr'>versatum,</span> <span class='ocrx_word' id='word_1_272' title='bbox 536 3035 637 3093; x_wconf 90' lang='lat' dir='ltr'>totum</span> <span class='ocrx_word' id='word_1_273' title='bbox 659 3028 699 3092; x_wconf 91' lang='lat' dir='ltr'>ab</span> <span class='ocrx_word' id='word_1_274' title='bbox 720 3029 782 3092; x_wconf 91' lang='lat' dir='ltr'>hoo</span> <span class='ocrx_word' id='word_1_275' title='bbox 800 3048 987 3112; x_wconf 87' lang='lat' dir='ltr'>expressum</span> <span class='ocrx_word' id='word_1_276' title='bbox 1003 3033 1071 3090; x_wconf 88' lang='lat' dir='ltr'>est:</span> <span class='ocrx_word' id='word_1_277' title='bbox 1093 3027 1149 3111; x_wconf 81' lang='lat' dir='ltr'>qui</span> <span class='ocrx_word' id='word_1_278' title='bbox 1164 3027 1237 3089; x_wconf 86' lang='lat' dir='ltr'>libri</span> <span class='ocrx_word' id='word_1_279' title='bbox 1251 3047 1316 3090; x_wconf 93' lang='lat' dir='ltr'>non</span> <span class='ocrx_word' id='word_1_280' title='bbox 1332 3027 1426 3092; x_wconf 93' lang='lat' dir='ltr'>modo</span> <span class='ocrx_word' id='word_1_281' title='bbox 1441 3027 1479 3091; x_wconf 91' lang='lat' dir='ltr'>L.</span> <span class='ocrx_word' id='word_1_282' title='bbox 1495 3029 1670 3103; x_wconf 90' lang='lat' dir='ltr'>Lucullum,</span> 
     </span>
     <span class='ocr_line' id='line_1_28' title="bbox 206 3120 1670 3211; baseline 0 -26"><span class='ocrx_word' id='word_1_283' title='bbox 206 3189 228 3211; x_wconf 68' lang='lat'><strong>.</strong></span> <span class='ocrx_word' id='word_1_284' title='bbox 340 3122 545 3187; x_wconf 72' lang='lat' dir='ltr'>fortissimum</span> <span class='ocrx_word' id='word_1_285' title='bbox 576 3130 608 3186; x_wconf 94' lang='lat' dir='ltr'>et</span> <span class='ocrx_word' id='word_1_286' title='bbox 634 3123 843 3209; x_wconf 90' lang='lat' dir='ltr'>clarissimum</span> <span class='ocrx_word' id='word_1_287' title='bbox 864 3123 984 3210; x_wconf 70' lang='lat' dir='ltr'>rigum,</span> <span class='ocrx_word' id='word_1_288' title='bbox 1013 3140 1123 3185; x_wconf 85' lang='lat' dir='ltr'>rerum</span> <span class='ocrx_word' id='word_1_289' title='bbox 1150 3120 1244 3184; x_wconf 85' lang='lat' dir='ltr'>eiiam</span> <span class='ocrx_word' id='word_1_290' title='bbox 1265 3121 1377 3206; x_wconf 93' lang='lat' dir='ltr'>populi</span> <span class='ocrx_word' id='word_1_291' title='bbox 1398 3123 1531 3186; x_wconf 85' lang='lat' dir='ltr'>Romani</span> <span class='ocrx_word' id='word_1_292' title='bbox 1553 3142 1670 3185; x_wconf 91' lang='lat' dir='ltr'>nomen</span> 
     </span>
     <span class='ocr_line' id='line_1_29' title="bbox 340 3214 1671 3303; baseline 0 -24"><span class='ocrx_word' id='word_1_293' title='bbox 340 3215 509 3281; x_wconf 80' lang='lat' dir='ltr'>illustrant.</span> <span class='ocrx_word' id='word_1_294' title='bbox 541 3216 680 3303; x_wconf 87' lang='lat' dir='ltr'>Populus</span> <span class='ocrx_word' id='word_1_295' title='bbox 702 3216 787 3280; x_wconf 92' lang='lat' dir='ltr'>enim</span> <span class='ocrx_word' id='word_1_296' title='bbox 809 3218 968 3281; x_wconf 88' lang='lat' dir='ltr'>Romanus</span> <span class='ocrx_word' id='word_1_297' title='bbox 990 3214 1116 3297; x_wconf 89' lang='lat' dir='ltr'>aperuit</span> <span class='ocrx_word' id='word_1_298' title='bbox 1132 3214 1265 3278; x_wconf 93' lang='lat' dir='ltr'>Lucullo</span> <span class='ocrx_word' id='word_1_299' title='bbox 1283 3214 1458 3298; x_wconf 87' lang='lat' dir='ltr'>imperante</span> <span class='ocrx_word' id='word_1_300' title='bbox 1473 3216 1617 3291; x_wconf 85' lang='lat' dir='ltr'>Pontsrm,</span> <span class='ocrx_word' id='word_1_301' title='bbox 1638 3224 1671 3279; x_wconf 92' lang='lat' dir='ltr'>et</span> 
     </span>
     <span class='ocr_line' id='line_1_30' title="bbox 341 3308 1670 3395; baseline 0.002 -24"><span class='ocrx_word' id='word_1_302' title='bbox 341 3309 436 3392; x_wconf 88' lang='lat' dir='ltr'>regiis</span> <span class='ocrx_word' id='word_1_303' title='bbox 458 3309 618 3393; x_wconf 88' lang='lat' dir='ltr'>quondam</span> <span class='ocrx_word' id='word_1_304' title='bbox 640 3310 756 3391; x_wconf 91' lang='lat' dir='ltr'>opibus</span> <span class='ocrx_word' id='word_1_305' title='bbox 779 3318 811 3373; x_wconf 90' lang='lat' dir='ltr'>et</span> <span class='ocrx_word' id='word_1_306' title='bbox 833 3310 901 3395; x_wconf 92' lang='lat' dir='ltr'>ipsa</span> <span class='ocrx_word' id='word_1_307' title='bbox 923 3316 1036 3374; x_wconf 90' lang='lat' dir='ltr'>natura</span> <span class='ocrx_word' id='word_1_308' title='bbox 1056 3308 1196 3391; x_wconf 88' lang='lat' dir='ltr'>regionis</span> <span class='ocrx_word' id='word_1_309' title='bbox 1217 3308 1384 3386; x_wconf 80' lang='lat' dir='ltr'>vallatum3</span> <span class='ocrx_word' id='word_1_310' title='bbox 1406 3309 1517 3393; x_wconf 93' lang='lat' dir='ltr'>populi</span> <span class='ocrx_word' id='word_1_311' title='bbox 1537 3310 1670 3374; x_wconf 86' lang='lat' dir='ltr'>Romani</span> 
     </span>
     <span class='ocr_line' id='line_1_31' title="bbox 304 3401 1670 3473; baseline 0.001 -8"><span class='ocrx_word' id='word_1_312' title='bbox 304 3403 499 3473; x_wconf 73' lang='lat' dir='ltr'>mexercitus</span> <span class='ocrx_word' id='word_1_313' title='bbox 522 3403 635 3465; x_wconf 90' lang='lat' dir='ltr'>eodem</span> <span class='ocrx_word' id='word_1_314' title='bbox 658 3402 738 3467; x_wconf 90' lang='lat' dir='ltr'>duce</span> <span class='ocrx_word' id='word_1_315' title='bbox 760 3424 825 3467; x_wconf 91' lang='lat' dir='ltr'>non</span> <span class='ocrx_word' id='word_1_316' title='bbox 847 3404 984 3467; x_wconf 85' lang='lat' dir='ltr'>maxima</span> <span class='ocrx_word' id='word_1_317' title='bbox 1003 3423 1099 3467; x_wconf 91' lang='lat' dir='ltr'>mann</span> <span class='ocrx_word' id='word_1_318' title='bbox 1120 3401 1366 3466; x_wconf 89' lang='lat' dir='ltr'>innumerabiles</span> <span class='ocrx_word' id='word_1_319' title='bbox 1379 3403 1602 3468; x_wconf 80' lang='lat' dir='ltr'>Armeniorum</span> <span class='ocrx_word' id='word_1_320' title='bbox 1616 3423 1670 3469; x_wconf 92' lang='lat' dir='ltr'>co·</span> 
     </span>
     <span class='ocr_line' id='line_1_32' title="bbox 340 3494 1669 3581; baseline 0.003 -23"><span class='ocrx_word' id='word_1_321' title='bbox 340 3497 408 3579; x_wconf 92' lang='lat' dir='ltr'>pias</span> <span class='ocrx_word' id='word_1_322' title='bbox 436 3494 536 3570; x_wconf 64' lang='lat' dir='ltr'>tudio</span> <span class='ocrx_word' id='word_1_323' title='bbox 569 3496 680 3581; x_wconf 90' lang='lat' dir='ltr'>populi</span> <span class='ocrx_word' id='word_1_324' title='bbox 710 3497 841 3560; x_wconf 83' lang='lat' dir='ltr'>Romani</span> <span class='ocrx_word' id='word_1_325' title='bbox 871 3498 939 3561; x_wconf 92' lang='lat' dir='ltr'>laus</span> <span class='ocrx_word' id='word_1_326' title='bbox 969 3503 1033 3571; x_wconf 90' lang='lat' dir='ltr'>est,</span> <span class='ocrx_word' id='word_1_327' title='bbox 1063 3495 1172 3561; x_wconf 91' lang='lat' dir='ltr'>urbem</span> <span class='ocrx_word' id='word_1_328' title='bbox 1201 3496 1421 3560; x_wconf 88' lang='lat' dir='ltr'>amicissimam</span> <span class='ocrx_word' id='word_1_329' title='bbox 1444 3496 1669 3581; x_wconf 76' lang='lat' dir='ltr'>Cyzicenorum</span> 
     </span>
     <span class='ocr_line' id='line_1_33' title="bbox 341 3589 1669 3674; baseline 0.001 -21"><span class='ocrx_word' id='word_1_330' title='bbox 341 3590 483 3655; x_wconf 91' lang='lat' dir='ltr'>eiusdem</span> <span class='ocrx_word' id='word_1_331' title='bbox 505 3590 638 3653; x_wconf 91' lang='lat' dir='ltr'>consilio</span> <span class='ocrx_word' id='word_1_332' title='bbox 661 3608 702 3653; x_wconf 83' lang='lat' dir='ltr'>ex</span> <span class='ocrx_word' id='word_1_333' title='bbox 724 3591 809 3655; x_wconf 91' lang='lat' dir='ltr'>omni</span> <span class='ocrx_word' id='word_1_334' title='bbox 831 3590 952 3674; x_wconf 88' lang='lat' dir='ltr'>impetu</span> <span class='ocrx_word' id='word_1_335' title='bbox 973 3590 1063 3673; x_wconf 91' lang='lat' dir='ltr'>regio</span> <span class='ocrx_word' id='word_1_336' title='bbox 1086 3596 1182 3674; x_wconf 89' lang='lat' dir='ltr'>atque</span> <span class='ocrx_word' id='word_1_337' title='bbox 1201 3590 1299 3653; x_wconf 87' lang='lat' dir='ltr'>totins</span> <span class='ocrx_word' id='word_1_338' title='bbox 1313 3589 1390 3654; x_wconf 90' lang='lat' dir='ltr'>belli</span> <span class='ocrx_word' id='word_1_339' title='bbox 1405 3610 1460 3657; x_wconf 91' lang='lat' dir='ltr'>ore</span> <span class='ocrx_word' id='word_1_340' title='bbox 1474 3610 1511 3655; x_wconf 91' lang='lat' dir='ltr'>ac</span> <span class='ocrx_word' id='word_1_341' title='bbox 1523 3590 1669 3655; x_wconf 75' lang='lat' dir='ltr'>faucibus</span> 
     </span>
     <span class='ocr_line' id='line_1_34' title="bbox 340 3683 1668 3769; baseline -0.002 -21"><span class='ocrx_word' id='word_1_342' title='bbox 340 3691 481 3768; x_wconf 86' lang='lat' dir='ltr'>ereptam</span> <span class='ocrx_word' id='word_1_343' title='bbox 504 3703 574 3747; x_wconf 88' lang='lat' dir='ltr'>esse</span> <span class='ocrx_word' id='word_1_344' title='bbox 596 3691 691 3769; x_wconf 90' lang='lat' dir='ltr'>alque</span> <span class='ocrx_word' id='word_1_345' title='bbox 713 3691 886 3759; x_wconf 80' lang='lat' dir='ltr'>servatam3</span> <span class='ocrx_word' id='word_1_346' title='bbox 909 3691 1018 3748; x_wconf 87' lang='lat' dir='ltr'>nostra</span> <span class='ocrx_word' id='word_1_347' title='bbox 1040 3704 1166 3767; x_wconf 87' lang='lat' dir='ltr'>semper</span> <span class='ocrx_word' id='word_1_348' title='bbox 1186 3683 1308 3747; x_wconf 85' lang='lat' dir='ltr'>feretur</span> <span class='ocrx_word' id='word_1_349' title='bbox 1321 3690 1355 3748; x_wconf 93' lang='lat' dir='ltr'>et</span> <span class='ocrx_word' id='word_1_350' title='bbox 1367 3684 1612 3767; x_wconf 84' lang='lat' dir='ltr'>praedicabitur,</span> <span class='ocrx_word' id='word_1_351' title='bbox 1632 3684 1668 3747; x_wconf 89' lang='lat' dir='ltr'>L.</span> 
     </span>
     <span class='ocr_line' id='line_1_35' title="bbox 340 3777 1670 3861; baseline -0.002 -18"><span class='ocrx_word' id='word_1_352' title='bbox 340 3780 473 3843; x_wconf 91' lang='lat' dir='ltr'>Lucullo</span> <span class='ocrx_word' id='word_1_353' title='bbox 503 3778 688 3853; x_wconf 87' lang='lat' dir='ltr'>dimicante,</span> <span class='ocrx_word' id='word_1_354' title='bbox 716 3798 788 3841; x_wconf 91' lang='lat' dir='ltr'>cum</span> <span class='ocrx_word' id='word_1_355' title='bbox 817 3778 991 3843; x_wconf 81' lang='lat' dir='ltr'>interfectis</span> <span class='ocrx_word' id='word_1_356' title='bbox 1021 3777 1153 3841; x_wconf 88' lang='lat' dir='ltr'>ducibus</span> <span class='ocrx_word' id='word_1_357' title='bbox 1175 3778 1324 3861; x_wconf 90' lang='lat' dir='ltr'>depressa</span> <span class='ocrx_word' id='word_1_358' title='bbox 1344 3778 1483 3843; x_wconf 91' lang='lat' dir='ltr'>hostium</span> <span class='ocrx_word' id='word_1_359' title='bbox 1505 3778 1616 3843; x_wconf 89' lang='lat' dir='ltr'>classis</span> <span class='ocrx_word' id='word_1_360' title='bbox 1637 3783 1670 3842; x_wconf 90' lang='lat' dir='ltr'>et</span> 
     </span>
     <span class='ocr_line' id='line_1_36' title="bbox 303 3871 1670 3963; baseline 0 -26"><span class='ocrx_word' id='word_1_361' title='bbox 303 3873 535 3944; x_wconf 74' lang='lat' dir='ltr'>minoredibilis</span> <span class='ocrx_word' id='word_1_362' title='bbox 557 3871 639 3957; x_wconf 90' lang='lat' dir='ltr'>apud</span> <span class='ocrx_word' id='word_1_363' title='bbox 661 3872 826 3937; x_wconf 89' lang='lat' dir='ltr'>Tenedum</span> <span class='ocrx_word' id='word_1_364' title='bbox 850 3891 954 3957; x_wconf 89' lang='lat' dir='ltr'>pugna</span> <span class='ocrx_word' id='word_1_365' title='bbox 975 3871 1032 3936; x_wconf 91' lang='lat' dir='ltr'>illa</span> <span class='ocrx_word' id='word_1_366' title='bbox 1053 3871 1191 3949; x_wconf 80' lang='lat' dir='ltr'>navalis3</span> <span class='ocrx_word' id='word_1_367' title='bbox 1218 3880 1327 3963; x_wconf 76' lang='lat' dir='ltr'>nostra</span> <span class='ocrx_word' id='word_1_368' title='bbox 1348 3879 1422 3938; x_wconf 89' lang='lat' dir='ltr'>sunt</span> <span class='ocrx_word' id='word_1_369' title='bbox 1442 3881 1589 3958; x_wconf 84' lang='lat' dir='ltr'>tropaea,</span> <span class='ocrx_word' id='word_1_370' title='bbox 1611 3892 1670 3939; x_wconf 91' lang='lat' dir='ltr'>no·</span> 
     </span>
    </p>
   </div>
   <div class='ocr_carea' id='block_1_5' title="bbox 304 4161 1669 5268">
    <p class='ocr_par' dir='ltr' id='par_1_5' title="bbox 338 4161 1669 4903">
     <span class='ocr_line' id='line_1_37' title="bbox 406 4161 1669 4228; baseline 0.005 -15"><span class='ocrx_word' id='word_1_371' title='bbox 406 4164 430 4214; x_wconf 87' lang='lat' dir='ltr'>l.</span> <span class='ocrx_word' id='word_1_372' title='bbox 447 4164 526 4227; x_wconf 78' lang='lat' dir='ltr'>Atque</span> <span class='ocrx_word' id='word_1_373' title='bbox 543 4162 605 4213; x_wconf 85' lang='lat' dir='ltr'>GE:</span> <span class='ocrx_word' id='word_1_374' title='bbox 623 4161 795 4224; x_wconf 70' lang='lat' dir='ltr'>stomaco</span> <span class='ocrx_word' id='word_1_375' title='bbox 814 4189 840 4198; x_wconf 93' lang='lat'>-</span> <span class='ocrx_word' id='word_1_376' title='bbox 861 4162 1021 4228; x_wconf 62' lang='lat' dir='ltr'>immersi.</span> <span class='ocrx_word' id='word_1_377' title='bbox 1041 4190 1069 4200; x_wconf 93' lang='grc'><strong>-</strong></span> <span class='ocrx_word' id='word_1_378' title='bbox 1088 4165 1113 4215; x_wconf 79' lang='lat' dir='ltr'>o.</span> <span class='ocrx_word' id='word_1_379' title='bbox 1130 4162 1337 4215; x_wconf 68' lang='lat' dir='ltr'>aoooomr-</span> <span class='ocrx_word' id='word_1_380' title='bbox 1358 4164 1382 4214; x_wconf 81' lang='grc'>0.</span> <span class='ocrx_word' id='word_1_381' title='bbox 1400 4165 1593 4218; x_wconf 73' lang='grc'><strong>4444444441-</strong></span> <span class='ocrx_word' id='word_1_382' title='bbox 1612 4182 1669 4219; x_wconf 78' lang='grc'><strong>444-</strong></span> 
     </span>
     <span class='ocr_line' id='line_1_38' title="bbox 340 4238 1667 4305; baseline 0.004 -16"><span class='ocrx_word' id='word_1_383' title='bbox 340 4238 415 4305; x_wconf 82' lang='lat' dir='ltr'>ciam]</span> <span class='ocrx_word' id='word_1_384' title='bbox 432 4239 566 4288; x_wconf 77' lang='grc'><strong>4444444444</strong></span> <span class='ocrx_word' id='word_1_385' title='bbox 582 4238 602 4289; x_wconf 89' lang='grc' dir='ltr'>Ε</span> <span class='ocrx_word' id='word_1_386' title='bbox 621 4264 649 4274; x_wconf 92' lang='lat'>-·</span> <span class='ocrx_word' id='word_1_387' title='bbox 668 4238 691 4289; x_wconf 85' lang='grc'>8.</span> <span class='ocrx_word' id='word_1_388' title='bbox 711 4238 785 4288; x_wconf 73' lang='lat' dir='ltr'>Saxo</span> <span class='ocrx_word' id='word_1_389' title='bbox 800 4243 876 4300; x_wconf 71' lang='lat' dir='ltr'>more</span> <span class='ocrx_word' id='word_1_390' title='bbox 891 4240 1034 4290; x_wconf 72' lang='lat' dir='ltr'>sableulium</span> <span class='ocrx_word' id='word_1_391' title='bbox 1048 4240 1104 4290; x_wconf 83' lang='lat' dir='ltr'>coci</span> <span class='ocrx_word' id='word_1_392' title='bbox 1115 4266 1152 4278; x_wconf 91' lang='lat'>--</span> <span class='ocrx_word' id='word_1_393' title='bbox 1163 4240 1298 4290; x_wconf 72' lang='grc'><strong>4444444444</strong></span> <span class='ocrx_word' id='word_1_394' title='bbox 1313 4238 1397 4291; x_wconf 89' lang='lat' dir='ltr'>hahet</span> <span class='ocrx_word' id='word_1_395' title='bbox 1413 4239 1586 4301; x_wconf 84' lang='lat' dir='ltr'>Quintilianus</span> <span class='ocrx_word' id='word_1_396' title='bbox 1602 4244 1667 4293; x_wconf 83' lang='grc'>40.</span> 
     </span>
     <span class='ocr_line' id='line_1_39' title="bbox 340 4311 1667 4379; baseline 0.004 -16"><span class='ocrx_word' id='word_1_397' title='bbox 340 4314 408 4374; x_wconf 85' lang='lat' dir='ltr'>vili,</span> <span class='ocrx_word' id='word_1_398' title='bbox 427 4313 455 4376; x_wconf 87' lang='grc'>3,</span> <span class='ocrx_word' id='word_1_399' title='bbox 473 4314 515 4364; x_wconf 76' lang='grc'>74.</span> <span class='ocrx_word' id='word_1_400' title='bbox 533 4311 680 4375; x_wconf 83' lang='lat' dir='ltr'>lll,l,ll;</span> <span class='ocrx_word' id='word_1_401' title='bbox 698 4314 864 4377; x_wconf 68' lang='lat' dir='ltr'>Scaeaeque</span> <span class='ocrx_word' id='word_1_402' title='bbox 879 4316 1021 4366; x_wconf 79' lang='grc'><strong>4440444444</strong></span> <span class='ocrx_word' id='word_1_403' title='bbox 1035 4316 1091 4367; x_wconf 87' lang='lat' dir='ltr'>coci</span> <span class='ocrx_word' id='word_1_404' title='bbox 1106 4316 1255 4379; x_wconf 75' lang='lat' dir='ltr'>respondent</span> <span class='ocrx_word' id='word_1_405' title='bbox 1269 4315 1343 4366; x_wconf 91' lang='lat' dir='ltr'>idem</span> <span class='ocrx_word' id='word_1_406' title='bbox 1353 4316 1401 4378; x_wconf 79' lang='lat' dir='ltr'>xl,</span> <span class='ocrx_word' id='word_1_407' title='bbox 1415 4318 1440 4379; x_wconf 88' lang='grc'>4,</span> <span class='ocrx_word' id='word_1_408' title='bbox 1452 4314 1493 4366; x_wconf 85' lang='grc'>34.</span> <span class='ocrx_word' id='word_1_409' title='bbox 1512 4315 1597 4379; x_wconf 87' lang='grc'><strong>3,34.</strong></span> <span class='ocrx_word' id='word_1_410' title='bbox 1610 4317 1667 4368; x_wconf 81' lang='lat' dir='ltr'>iti.</span> 
     </span>
     <span class='ocr_line' id='line_1_40' title="bbox 340 4388 1667 4453; baseline 0.004 -14"><span class='ocrx_word' id='word_1_411' title='bbox 340 4414 368 4425; x_wconf 93' lang='lat'><em>—</em></span> <span class='ocrx_word' id='word_1_412' title='bbox 387 4402 447 4439; x_wconf 86' lang='lat' dir='ltr'>uoce</span> <span class='ocrx_word' id='word_1_413' title='bbox 463 4389 513 4440; x_wconf 83' lang='lat' dir='ltr'>GE</span> <span class='ocrx_word' id='word_1_414' title='bbox 529 4388 592 4452; x_wconf 83' lang='lat' dir='ltr'>(uoci</span> <span class='ocrx_word' id='word_1_415' title='bbox 608 4389 661 4439; x_wconf 88' lang='lat' dir='ltr'>lam</span> <span class='ocrx_word' id='word_1_416' title='bbox 677 4392 706 4453; x_wconf 83' lang='lat' dir='ltr'>A)</span> <span class='ocrx_word' id='word_1_417' title='bbox 727 4417 755 4427; x_wconf 90' lang='lat'>-</span> <span class='ocrx_word' id='word_1_418' title='bbox 778 4390 818 4440; x_wconf 97' lang='grc'>40.</span> <span class='ocrx_word' id='word_1_419' title='bbox 837 4390 890 4441; x_wconf 80' lang='lat' dir='ltr'>Citii</span> <span class='ocrx_word' id='word_1_420' title='bbox 905 4396 934 4441; x_wconf 83' lang='grc'>44</span> <span class='ocrx_word' id='word_1_421' title='bbox 949 4404 1024 4441; x_wconf 83' lang='lat' dir='ltr'>suom</span> <span class='ocrx_word' id='word_1_422' title='bbox 1039 4393 1059 4442; x_wconf 85' lang='lat' dir='ltr'>i.</span> <span class='ocrx_word' id='word_1_423' title='bbox 1077 4415 1105 4427; x_wconf 91' lang='lat'><em>-</em></span> <span class='ocrx_word' id='word_1_424' title='bbox 1127 4393 1256 4442; x_wconf 83' lang='lat' dir='ltr'>oiudicooi</span> <span class='ocrx_word' id='word_1_425' title='bbox 1272 4392 1368 4443; x_wconf 84' lang='lat' dir='ltr'>GEA:</span> <span class='ocrx_word' id='word_1_426' title='bbox 1393 4392 1527 4442; x_wconf 77' lang='lat' dir='ltr'>vendicant</span> <span class='ocrx_word' id='word_1_427' title='bbox 1543 4404 1606 4443; x_wconf 90' lang='lat' dir='ltr'>cum</span> <span class='ocrx_word' id='word_1_428' title='bbox 1622 4392 1667 4444; x_wconf 84' lang='lat' dir='ltr'>ed.</span> 
     </span>
     <span class='ocr_line' id='line_1_41' title="bbox 339 4465 1665 4532; baseline 0.002 -16"><span class='ocrx_word' id='word_1_429' title='bbox 339 4465 501 4516; x_wconf 85' lang='lat' dir='ltr'>luntinnLO</span> <span class='ocrx_word' id='word_1_430' title='bbox 515 4492 542 4501; x_wconf 91' lang='lat'>-</span> <span class='ocrx_word' id='word_1_431' title='bbox 561 4466 785 4526; x_wconf 77' lang='lat' dir='ltr'>ll.smimiiGE;</span> <span class='ocrx_word' id='word_1_432' title='bbox 804 4466 947 4527; x_wconf 73' lang='lat' dir='ltr'>SmmniiA</span> <span class='ocrx_word' id='word_1_433' title='bbox 960 4492 987 4502; x_wconf 86' lang='lat'>-</span> <span class='ocrx_word' id='word_1_434' title='bbox 1007 4467 1047 4517; x_wconf 80' lang='grc'>43.</span> <span class='ocrx_word' id='word_1_435' title='bbox 1061 4466 1156 4531; x_wconf 82' lang='lat' dir='ltr'>eissJei</span> <span class='ocrx_word' id='word_1_436' title='bbox 1172 4469 1192 4519; x_wconf 83' lang='lat'>1.</span> <span class='ocrx_word' id='word_1_437' title='bbox 1206 4495 1235 4505; x_wconf 95' lang='lat'><em>-</em></span> <span class='ocrx_word' id='word_1_438' title='bbox 1254 4466 1294 4519; x_wconf 88' lang='grc'>44.</span> <span class='ocrx_word' id='word_1_439' title='bbox 1308 4466 1395 4532; x_wconf 63' lang='lat' dir='ltr'>smel]</span> <span class='ocrx_word' id='word_1_440' title='bbox 1411 4472 1436 4518; x_wconf 86' lang='lat' dir='ltr'>ei</span> <span class='ocrx_word' id='word_1_441' title='bbox 1452 4468 1496 4531; x_wconf 76' lang='lat' dir='ltr'>orsi</span> <span class='ocrx_word' id='word_1_442' title='bbox 1512 4468 1620 4519; x_wconf 81' lang='grc'><strong>04444</strong></span> <span class='ocrx_word' id='word_1_443' title='bbox 1638 4494 1665 4505; x_wconf 90' lang='grc'>-</span> 
     </span>
     <span class='ocr_line' id='line_1_42' title="bbox 340 4538 1666 4607; baseline 0.002 -16"><span class='ocrx_word' id='word_1_444' title='bbox 340 4542 380 4591; x_wconf 78' lang='lat' dir='ltr'>io.</span> <span class='ocrx_word' id='word_1_445' title='bbox 397 4539 583 4603; x_wconf 76' lang='lat' dir='ltr'>repudiabimus</span> <span class='ocrx_word' id='word_1_446' title='bbox 599 4540 642 4592; x_wconf 91' lang='lat' dir='ltr'>ed.</span> <span class='ocrx_word' id='word_1_447' title='bbox 661 4538 768 4592; x_wconf 88' lang='lat' dir='ltr'>Aldina:</span> <span class='ocrx_word' id='word_1_448' title='bbox 786 4542 948 4604; x_wconf 71' lang='lat' dir='ltr'>repudiamus</span> <span class='ocrx_word' id='word_1_449' title='bbox 964 4542 1082 4593; x_wconf 83' lang='lat' dir='ltr'><strong>GEAO.</strong></span> <span class='ocrx_word' id='word_1_450' title='bbox 1106 4542 1145 4593; x_wconf 82' lang='lat' dir='ltr'>Cf.</span> <span class='ocrx_word' id='word_1_451' title='bbox 1165 4542 1180 4607; x_wconf 72' lang='lat' dir='ltr'>s</span> <span class='ocrx_word' id='word_1_452' title='bbox 1197 4543 1229 4592; x_wconf 75' lang='lat' dir='ltr'>l&#39;l</span> <span class='ocrx_word' id='word_1_453' title='bbox 1245 4543 1273 4593; x_wconf 90' lang='lat' dir='ltr'>et</span> <span class='ocrx_word' id='word_1_454' title='bbox 1288 4542 1329 4594; x_wconf 73' lang='grc'>44.</span> <span class='ocrx_word' id='word_1_455' title='bbox 1349 4568 1377 4580; x_wconf 91' lang='grc'><strong>-</strong></span> <span class='ocrx_word' id='word_1_456' title='bbox 1404 4542 1445 4593; x_wconf 87' lang='grc'>48.</span> <span class='ocrx_word' id='word_1_457' title='bbox 1462 4543 1619 4595; x_wconf 76' lang='grc'><strong>4444444440</strong></span> <span class='ocrx_word' id='word_1_458' title='bbox 1639 4572 1666 4583; x_wconf 92' lang='grc'><strong>-</strong></span> 
     </span>
     <span class='ocr_line' id='line_1_43' title="bbox 341 4616 1669 4682; baseline 0.002 -15"><span class='ocrx_word' id='word_1_459' title='bbox 341 4617 380 4667; x_wconf 84' lang='lat' dir='ltr'>lli.</span> <span class='ocrx_word' id='word_1_460' title='bbox 395 4616 537 4681; x_wconf 64' lang='lat' dir='ltr'>gahausi:</span> <span class='ocrx_word' id='word_1_461' title='bbox 556 4642 584 4653; x_wconf 94' lang='grc'>-</span> <span class='ocrx_word' id='word_1_462' title='bbox 607 4616 828 4679; x_wconf 62' lang='lat' dir='ltr'>repraesentem</span> <span class='ocrx_word' id='word_1_463' title='bbox 847 4618 922 4680; x_wconf 83' lang='lat' dir='ltr'>focile</span> <span class='ocrx_word' id='word_1_464' title='bbox 938 4629 999 4669; x_wconf 88' lang='lat' dir='ltr'>cum</span> <span class='ocrx_word' id='word_1_465' title='bbox 1018 4616 1061 4668; x_wconf 89' lang='lat' dir='ltr'>ed.</span> <span class='ocrx_word' id='word_1_466' title='bbox 1079 4617 1181 4668; x_wconf 82' lang='lat' dir='ltr'>iuuiirm</span> <span class='ocrx_word' id='word_1_467' title='bbox 1197 4617 1217 4667; x_wconf 90' lang='lat' dir='ltr'><strong>L</strong></span> <span class='ocrx_word' id='word_1_468' title='bbox 1236 4642 1263 4653; x_wconf 94' lang='lat'>-</span> <span class='ocrx_word' id='word_1_469' title='bbox 1289 4617 1330 4668; x_wconf 73' lang='grc'>44.</span> <span class='ocrx_word' id='word_1_470' title='bbox 1349 4618 1415 4680; x_wconf 77' lang='lat' dir='ltr'>qaod</span> <span class='ocrx_word' id='word_1_471' title='bbox 1436 4618 1566 4681; x_wconf 73' lang='grc'><strong>44444444]</strong></span> <span class='ocrx_word' id='word_1_472' title='bbox 1582 4621 1669 4682; x_wconf 79' lang='lat' dir='ltr'>qualia</span> 
     </span>
     <span class='ocr_line' id='line_1_44' title="bbox 339 4691 1667 4758; baseline 0.005 -17"><span class='ocrx_word' id='word_1_473' title='bbox 339 4691 456 4744; x_wconf 77' lang='lat' dir='ltr'>camnine</span> <span class='ocrx_word' id='word_1_474' title='bbox 472 4692 537 4753; x_wconf 76' lang='lat' dir='ltr'>cuod</span> <span class='ocrx_word' id='word_1_475' title='bbox 553 4704 676 4742; x_wconf 73' lang='lat' dir='ltr'>acroam</span> <span class='ocrx_word' id='word_1_476' title='bbox 691 4691 712 4742; x_wconf 85' lang='grc' dir='ltr'><strong>Ε</strong></span> <span class='ocrx_word' id='word_1_477' title='bbox 725 4719 752 4728; x_wconf 99' lang='grc'>-</span> <span class='ocrx_word' id='word_1_478' title='bbox 771 4692 812 4742; x_wconf 74' lang='lat' dir='ltr'>ib.</span> <span class='ocrx_word' id='word_1_479' title='bbox 831 4692 909 4758; x_wconf 78' lang='lat' dir='ltr'>cuius]</span> <span class='ocrx_word' id='word_1_480' title='bbox 926 4692 1038 4742; x_wconf 80' lang='grc'><strong>44444444</strong></span> <span class='ocrx_word' id='word_1_481' title='bbox 1053 4716 1080 4727; x_wconf 91' lang='grc'><strong>-</strong></span> <span class='ocrx_word' id='word_1_482' title='bbox 1098 4691 1139 4742; x_wconf 76' lang='grc'>23.</span> <span class='ocrx_word' id='word_1_483' title='bbox 1152 4693 1251 4743; x_wconf 64' lang='lat' dir='ltr'>Alamos</span> <span class='ocrx_word' id='word_1_484' title='bbox 1266 4692 1307 4743; x_wconf 81' lang='lat' dir='ltr'>ilie</span> <span class='ocrx_word' id='word_1_485' title='bbox 1321 4692 1381 4743; x_wconf 81' lang='grc'><strong>44444</strong></span> <span class='ocrx_word' id='word_1_486' title='bbox 1391 4694 1424 4752; x_wconf 85' lang='grc'>4;</span> <span class='ocrx_word' id='word_1_487' title='bbox 1443 4693 1484 4744; x_wconf 86' lang='lat' dir='ltr'>iile</span> <span class='ocrx_word' id='word_1_488' title='bbox 1493 4694 1594 4745; x_wconf 68' lang='lat' dir='ltr'>domm</span> <span class='ocrx_word' id='word_1_489' title='bbox 1604 4695 1667 4758; x_wconf 87' lang='lat' dir='ltr'>(om.</span> 
     </span>
     <span class='ocr_line' id='line_1_45' title="bbox 338 4764 1667 4837; baseline 0.004 -20"><span class='ocrx_word' id='word_1_490' title='bbox 338 4766 404 4828; x_wconf 81' lang='grc'><strong>44444)</strong></span> <span class='ocrx_word' id='word_1_491' title='bbox 417 4766 447 4826; x_wconf 72' lang='lat' dir='ltr'>Pi</span> <span class='ocrx_word' id='word_1_492' title='bbox 469 4765 511 4816; x_wconf 86' lang='lat' dir='ltr'>iiis</span> <span class='ocrx_word' id='word_1_493' title='bbox 525 4766 591 4817; x_wconf 84' lang='lat' dir='ltr'>idem</span> <span class='ocrx_word' id='word_1_494' title='bbox 606 4764 704 4831; x_wconf 80' lang='lat' dir='ltr'>(deleto</span> <span class='ocrx_word' id='word_1_495' title='bbox 721 4766 837 4831; x_wconf 83' lang='lat' dir='ltr'>nomine)</span> <span class='ocrx_word' id='word_1_496' title='bbox 855 4768 950 4818; x_wconf 83' lang='lat' dir='ltr'>Belius</span> <span class='ocrx_word' id='word_1_497' title='bbox 967 4767 1048 4818; x_wconf 81' lang='lat' dir='ltr'>Sobel.</span> <span class='ocrx_word' id='word_1_498' title='bbox 1065 4767 1188 4829; x_wconf 74' lang='grc'><strong>44444444.</strong></span> <span class='ocrx_word' id='word_1_499' title='bbox 1206 4768 1248 4818; x_wconf 88' lang='lat' dir='ltr'>lV.</span> <span class='ocrx_word' id='word_1_500' title='bbox 1267 4782 1294 4834; x_wconf 90' lang='lat' dir='ltr'>p.</span> <span class='ocrx_word' id='word_1_501' title='bbox 1313 4767 1361 4820; x_wconf 83' lang='grc'>430</span> <span class='ocrx_word' id='word_1_502' title='bbox 1378 4770 1405 4820; x_wconf 91' lang='lat' dir='ltr'>et</span> <span class='ocrx_word' id='word_1_503' title='bbox 1421 4770 1480 4820; x_wconf 85' lang='grc'><strong>404.</strong></span> <span class='ocrx_word' id='word_1_504' title='bbox 1499 4770 1598 4833; x_wconf 74' lang='lat' dir='ltr'>(mosas</span> <span class='ocrx_word' id='word_1_505' title='bbox 1618 4784 1667 4837; x_wconf 89' lang='lat' dir='ltr'>pro</span> 
     </span>
     <span class='ocr_line' id='line_1_46' title="bbox 338 4840 1664 4903; baseline 0.005 -13"><span class='ocrx_word' id='word_1_506' title='bbox 338 4840 437 4891; x_wconf 82' lang='lat' dir='ltr'>marias</span> <span class='ocrx_word' id='word_1_507' title='bbox 451 4841 480 4903; x_wconf 80' lang='lat' dir='ltr'>El</span> <span class='ocrx_word' id='word_1_508' title='bbox 506 4866 533 4877; x_wconf 89' lang='lat'>·-</span> <span class='ocrx_word' id='word_1_509' title='bbox 559 4840 606 4891; x_wconf 83' lang='lat' dir='ltr'>iiio</span> <span class='ocrx_word' id='word_1_510' title='bbox 622 4842 678 4903; x_wconf 79' lang='lat' dir='ltr'>(sici</span> <span class='ocrx_word' id='word_1_511' title='bbox 699 4841 799 4892; x_wconf 72' lang='lat' dir='ltr'>Marius</span> <span class='ocrx_word' id='word_1_512' title='bbox 820 4843 885 4893; x_wconf 78' lang='lat' dir='ltr'>idem</span> <span class='ocrx_word' id='word_1_513' title='bbox 909 4843 1017 4894; x_wconf 70' lang='lat' dir='ltr'>scierim</span> <span class='ocrx_word' id='word_1_514' title='bbox 1036 4842 1065 4892; x_wconf 92' lang='grc'>4.</span> <span class='ocrx_word' id='word_1_515' title='bbox 1083 4842 1195 4893; x_wconf 75' lang='lat' dir='ltr'>Clodiam</span> <span class='ocrx_word' id='word_1_516' title='bbox 1211 4844 1333 4894; x_wconf 72' lang='lat' dir='ltr'>dilectis</span> <span class='ocrx_word' id='word_1_517' title='bbox 1357 4868 1385 4881; x_wconf 94' lang='lat'>-·</span> <span class='ocrx_word' id='word_1_518' title='bbox 1412 4845 1441 4895; x_wconf 87' lang='lat' dir='ltr'>L.</span> <span class='ocrx_word' id='word_1_519' title='bbox 1457 4845 1584 4897; x_wconf 74' lang='grc'><strong>4444444444</strong></span> <span class='ocrx_word' id='word_1_520' title='bbox 1600 4848 1619 4897; x_wconf 93' lang='lat' dir='ltr'><strong>L</strong></span> <span class='ocrx_word' id='word_1_521' title='bbox 1637 4874 1664 4884; x_wconf 94' lang='lat'><em>-</em></span> 
     </span>
    </p>

    <p class='ocr_par' dir='ltr' id='par_1_6' title="bbox 304 4916 1668 5268">
     <span class='ocr_line' id='line_1_47' title="bbox 304 4916 1668 4977; baseline 0.004 -8"><span class='ocrx_word' id='word_1_522' title='bbox 304 4941 309 4950; x_wconf 95' lang='lat'><em>·</em></span> <span class='ocrx_word' id='word_1_523' title='bbox 338 4916 380 4969; x_wconf 71' lang='grc'>40.</span> <span class='ocrx_word' id='word_1_524' title='bbox 398 4916 467 4966; x_wconf 76' lang='lat' dir='ltr'>mori</span> <span class='ocrx_word' id='word_1_525' title='bbox 482 4920 600 4977; x_wconf 72' lang='lat' dir='ltr'>ierroqw</span> <span class='ocrx_word' id='word_1_526' title='bbox 616 4918 637 4967; x_wconf 83' lang='lat' dir='ltr'><strong>G</strong></span> <span class='ocrx_word' id='word_1_527' title='bbox 655 4944 682 4953; x_wconf 98' lang='lat'>-</span> <span class='ocrx_word' id='word_1_528' title='bbox 705 4918 746 4968; x_wconf 75' lang='lat'>28.</span> <span class='ocrx_word' id='word_1_529' title='bbox 764 4918 899 4969; x_wconf 82' lang='lat' dir='ltr'>inissstroat</span> <span class='ocrx_word' id='word_1_530' title='bbox 915 4921 936 4970; x_wconf 83' lang='lat' dir='ltr'><strong>G</strong></span> <span class='ocrx_word' id='word_1_531' title='bbox 954 4946 981 4955; x_wconf 98' lang='lat'>-</span> <span class='ocrx_word' id='word_1_532' title='bbox 1000 4916 1088 4970; x_wconf 84' lang='lat' dir='ltr'>blalim</span> <span class='ocrx_word' id='word_1_533' title='bbox 1105 4918 1134 4968; x_wconf 87' lang='lat' dir='ltr'>L.</span> <span class='ocrx_word' id='word_1_534' title='bbox 1152 4918 1264 4970; x_wconf 82' lang='lat' dir='ltr'>Lucullo.</span> <span class='ocrx_word' id='word_1_535' title='bbox 1288 4917 1327 4969; x_wconf 85' lang='lat' dir='ltr'>Cl.</span> <span class='ocrx_word' id='word_1_536' title='bbox 1345 4932 1371 4970; x_wconf 88' lang='lat' dir='ltr'>v.</span> <span class='ocrx_word' id='word_1_537' title='bbox 1392 4919 1433 4971; x_wconf 88' lang='grc'>33.</span> <span class='ocrx_word' id='word_1_538' title='bbox 1453 4946 1481 4956; x_wconf 92' lang='grc'><strong>-</strong></span> <span class='ocrx_word' id='word_1_539' title='bbox 1500 4920 1541 4973; x_wconf 76' lang='grc'>23.</span> <span class='ocrx_word' id='word_1_540' title='bbox 1559 4926 1668 4974; x_wconf 63' lang='lat' dir='ltr'>mimae</span> 
     </span>
     <span class='ocr_line' id='line_1_48' title="bbox 338 4992 1666 5058; baseline 0.006 -17"><span class='ocrx_word' id='word_1_541' title='bbox 338 4993 440 5055; x_wconf 73' lang='lat' dir='ltr'>regione</span> <span class='ocrx_word' id='word_1_542' title='bbox 456 4992 547 5051; x_wconf 64' lang='lat' dir='ltr'>oiim</span> <span class='ocrx_word' id='word_1_543' title='bbox 564 4996 662 5042; x_wconf 75' lang='grc'><strong>444444</strong></span> <span class='ocrx_word' id='word_1_544' title='bbox 677 4996 700 5042; x_wconf 86' lang='lat' dir='ltr'>et</span> <span class='ocrx_word' id='word_1_545' title='bbox 714 4993 817 5057; x_wconf 74' lang='lat' dir='ltr'>reginae</span> <span class='ocrx_word' id='word_1_546' title='bbox 832 4994 1037 5052; x_wconf 80' lang='lat' dir='ltr'>llommseuius3</span> <span class='ocrx_word' id='word_1_547' title='bbox 1054 4997 1150 5043; x_wconf 73' lang='grc'><strong>444444</strong></span> <span class='ocrx_word' id='word_1_548' title='bbox 1165 4994 1264 5058; x_wconf 76' lang='lat' dir='ltr'>egregie</span> <span class='ocrx_word' id='word_1_549' title='bbox 1279 4993 1401 5045; x_wconf 83' lang='lat' dir='ltr'>Benecke</span> <span class='ocrx_word' id='word_1_550' title='bbox 1418 4992 1478 5046; x_wconf 92' lang='lat' dir='ltr'>coll.</span> <span class='ocrx_word' id='word_1_551' title='bbox 1497 4997 1575 5049; x_wconf 86' lang='lat' dir='ltr'>Caes.</span> <span class='ocrx_word' id='word_1_552' title='bbox 1593 4998 1622 5049; x_wconf 78' lang='lat' dir='ltr'>li.</span> <span class='ocrx_word' id='word_1_553' title='bbox 1636 4999 1666 5049; x_wconf 86' lang='lat' dir='ltr'>G.</span> 
     </span>
     <span class='ocr_line' id='line_1_49' title="bbox 339 5065 1667 5129; baseline 0.005 -13"><span class='ocrx_word' id='word_1_554' title='bbox 339 5066 374 5127; x_wconf 90' lang='lat' dir='ltr'>ll,</span> <span class='ocrx_word' id='word_1_555' title='bbox 392 5066 434 5117; x_wconf 74' lang='lat'>29.</span> <span class='ocrx_word' id='word_1_556' title='bbox 454 5092 481 5102; x_wconf 93' lang='lat'><em>-</em></span> <span class='ocrx_word' id='word_1_557' title='bbox 501 5066 541 5117; x_wconf 87' lang='grc'>30.</span> <span class='ocrx_word' id='word_1_558' title='bbox 559 5065 747 5117; x_wconf 68' lang='lat' dir='ltr'>inamabilis</span> <span class='ocrx_word' id='word_1_559' title='bbox 763 5068 784 5117; x_wconf 82' lang='lat' dir='ltr'><strong>G</strong></span> <span class='ocrx_word' id='word_1_560' title='bbox 802 5094 829 5103; x_wconf 97' lang='lat'>-</span> <span class='ocrx_word' id='word_1_561' title='bbox 852 5067 892 5119; x_wconf 89' lang='grc'>34.</span> <span class='ocrx_word' id='word_1_562' title='bbox 910 5068 1078 5118; x_wconf 73' lang='lat' dir='ltr'>cizicenoram</span> <span class='ocrx_word' id='word_1_563' title='bbox 1093 5068 1172 5118; x_wconf 82' lang='lat' dir='ltr'>GEA</span> <span class='ocrx_word' id='word_1_564' title='bbox 1191 5094 1218 5104; x_wconf 94' lang='lat'><em>-</em></span> <span class='ocrx_word' id='word_1_565' title='bbox 1240 5068 1281 5119; x_wconf 80' lang='lat'>32.</span> <span class='ocrx_word' id='word_1_566' title='bbox 1305 5072 1381 5129; x_wconf 65' lang='grc'><strong>44444</strong></span> <span class='ocrx_word' id='word_1_567' title='bbox 1400 5069 1476 5120; x_wconf 75' lang='grc'><strong>444444</strong></span> <span class='ocrx_word' id='word_1_568' title='bbox 1490 5072 1555 5122; x_wconf 78' lang='lat' dir='ltr'>Gli:</span> <span class='ocrx_word' id='word_1_569' title='bbox 1580 5085 1612 5123; x_wconf 90' lang='lat' dir='ltr'>oc</span> <span class='ocrx_word' id='word_1_570' title='bbox 1627 5078 1667 5123; x_wconf 89' lang='lat' dir='ltr'>to-</span> 
     </span>
     <span class='ocr_line' id='line_1_50' title="bbox 338 5140 1668 5208; baseline 0.008 -18"><span class='ocrx_word' id='word_1_571' title='bbox 338 5142 389 5190; x_wconf 81' lang='lat' dir='ltr'>iias</span> <span class='ocrx_word' id='word_1_572' title='bbox 409 5141 488 5194; x_wconf 80' lang='grc'>440</span> <span class='ocrx_word' id='word_1_573' title='bbox 515 5166 543 5178; x_wconf 90' lang='lat'>-·</span> <span class='ocrx_word' id='word_1_574' title='bbox 569 5140 610 5193; x_wconf 87' lang='grc'>33.</span> <span class='ocrx_word' id='word_1_575' title='bbox 628 5146 802 5193; x_wconf 72' lang='lat' dir='ltr'>ommrcotom</span> <span class='ocrx_word' id='word_1_576' title='bbox 822 5154 884 5195; x_wconf 90' lang='lat' dir='ltr'>cum</span> <span class='ocrx_word' id='word_1_577' title='bbox 901 5141 945 5194; x_wconf 91' lang='lat' dir='ltr'>ed.</span> <span class='ocrx_word' id='word_1_578' title='bbox 963 5143 1112 5193; x_wconf 82' lang='lat' dir='ltr'>victoriana</span> <span class='ocrx_word' id='word_1_579' title='bbox 1129 5143 1149 5193; x_wconf 84' lang='lat'>1.</span> <span class='ocrx_word' id='word_1_580' title='bbox 1171 5168 1198 5179; x_wconf 95' lang='lat'><em>-</em></span> <span class='ocrx_word' id='word_1_581' title='bbox 1223 5142 1264 5195; x_wconf 88' lang='grc'>34.</span> <span class='ocrx_word' id='word_1_582' title='bbox 1282 5142 1369 5194; x_wconf 66' lang='lat' dir='ltr'>cieris</span> <span class='ocrx_word' id='word_1_583' title='bbox 1382 5148 1431 5208; x_wconf 84' lang='lat' dir='ltr'>est,</span> <span class='ocrx_word' id='word_1_584' title='bbox 1449 5144 1600 5199; x_wconf 70' lang='lat' dir='ltr'>emesam</span> <span class='ocrx_word' id='word_1_585' title='bbox 1615 5148 1668 5199; x_wconf 77' lang='lat' dir='ltr'>Ga-</span> 
     </span>
     <span class='ocr_line' id='line_1_51' title="bbox 339 5216 535 5268; baseline 0.031 -4"><span class='ocrx_word' id='word_1_586' title='bbox 339 5216 465 5268; x_wconf 86' lang='lat' dir='ltr'>raiouius.</span> <span class='ocrx_word' id='word_1_587' title='bbox 529 5241 535 5252; x_wconf 95' lang='lat'><em>·</em></span> 
     </span>
    </p>
   </div>
   <div class='ocr_carea' id='block_1_6' title="bbox 0 0 2010 6151">
    <p class='ocr_par' dir='ltr' id='par_1_7' title="bbox 0 0 2010 6151">
     <span class='ocr_line' id='line_1_52' title="bbox 0 0 2010 6151; baseline 0 0"><span class='ocrx_word' id='word_1_588' title='bbox 0 0 2010 6151; x_wconf 95' lang='lat' dir='ltr'> </span> 
     </span>
    </p>
   </div>
  </div>
 </body>
</html>
