4009 6159
423 575 506 660 raet
846 592 1319 659 omnoonuurrcaxs

424 774 490 833 turn
513 749 748 846 colligassemus
769 762 804 824 in
825 762 956 826 Graecia
978 771 1010 827 et
1030 765 1098 829 eius
1119 764 1273 829 auxilium
1293 764 1334 827 ad
1356 763 1478 828 ltaliam
1492 783 1622 848 vergere
1641 786 1739 851 qnam

424 862 464 927 ad
486 861 592 924 Asiam
613 855 848 920 maluissemus:
870 877 936 920 non
956 865 993 921 ut
1014 859 1093 940 e1†
1114 879 1152 922 ea
1172 859 1239 923 acie
1260 867 1436 942 respectum
1454 859 1660 936 haberemus,
1681 861 1739 924 sed

422 964 459 1020 ut
478 957 548 1038 ipsa
570 950 653 1014 acies
676 950 848 1014 subsidium
869 951 1000 1016 baberet
1021 954 1115 1017 etiam
1137 955 1388 1017 transmarinum.
1431 955 1610 1030 Praeterea,
1632 963 1738 1039 patres

423 1046 606 1132 conscripti,
635 1046 677 1108 bl.
699 1047 829 1108 Brutum
850 1047 966 1110 retinet
986 1049 1080 1111 etiam
1101 1067 1185 1111 nuuc
1207 1047 1240 1111 C.
1262 1049 1436 1121 Antonius,
1458 1049 1514 1131 qni
1536 1056 1622 1112 tenet
1642 1049 1740 1133 Apol·

299 1162 313 1224 ι.
397 1144 555 1216 storiam,
577 1157 724 1221 magnam
738 1139 847 1202 urbem
863 1147 895 1202 et
913 1160 1049 1222 gravem,
1070 1147 1172 1215 tenet,
1195 1141 1315 1224 opinor,
1335 1141 1502 1224 Byllidem,
1524 1149 1610 1205 tenet
1623 1143 1740 1205 Aman-

298 1222 312 1256 ’ἐ
421 1240 512 1312 tiam,
542 1237 638 1298 instat
664 1229 781 1315 Epiro,
789 1233 896 1316 'urget
917 1233 1063 1308 Oricum,
1092 1235 1187 1296 babet
1207 1234 1328 1318 aliquot
1349 1233 1511 1309 cobortes,
1532 1236 1628 1299 babet
1648 1238 1739 1319 equi-

418 1341 528 1397 tatum.
570 1331 652 1394 Hinc
683 1329 710 1391 si
737 1330 852 1391 Brutus
875 1329 935 1393 erit
963 1328 1125 1391 traductus
1147 1329 1186 1391 ad
1207 1329 1294 1392 aliud
1316 1329 1448 1403 bellum,
1471 1329 1631 1392 Graeciam
1653 1338 1738 1392 certe

419 1425 626 1489 amiserimus.
662 1425 719 1486 Est
739 1431 844 1486 autem
866 1425 959 1487 etiam
981 1423 1022 1486 de
1043 1424 1211 1486 Brundisio
1233 1430 1328 1508 atque
1350 1423 1406 1487 illa
1427 1443 1483 1487 ora
1504 1423 1612 1487 ltaliae
1634 1425 1740 1507 prori-

345 1601 349 1608 Ι
419 1519 566 1583 dendum.
605 1517 802 1600 Quamquam
825 1519 922 1581 miror
943 1525 1007 1580 tam
1030 1517 1083 1580 diu
1105 1520 1219 1580 morari
1241 1519 1428 1594 Antonium:
1459 1518 1540 1581 solet
1562 1519 1646 1582 enim
1668 1519 1739 1600 ipse

381 1615 560 1699 ttaccipere
582 1614 720 1675 manicas
743 1630 801 1674 nec
824 1613 942 1676 diutius
965 1611 1139 1676 obsidionis
1161 1621 1279 1675 metum
1294 1613 1460 1676 sustinere.
1498 1610 1592 1687 Quod
1614 1613 1641 1675 si
1663 1631 1739 1675 con-

417 1706 527 1771 iecerit
555 1709 670 1770 Brutus
693 1713 725 1769 et
750 1706 944 1769 intellexerit
965 1706 1037 1788 plus
1059 1725 1093 1768 se
1115 1707 1160 1769 rei
1183 1705 1328 1789 publicae
1350 1706 1565 1788 profuturum,
1595 1707 1622 1769 si
1643 1706 1739 1771 bola·

416 1801 532 1865 bellam
553 1807 778 1885 persequatur,
802 1821 895 1884 quam
918 1801 944 1863 si
967 1802 1000 1862 in
1019 1799 1148 1863 Graecia
1170 1807 1311 1876 maneat,
1334 1808 1405 1882 aget
1426 1801 1494 1882 ipse
1515 1823 1573 1884 per
1594 1823 1678 1878 sese,
1699 1810 1737 1867 ut

417 1896 521 1960 adhue
551 1915 681 1979 quoque
708 1893 801 1969 lecit,
831 1914 934 1978 neque
962 1897 995 1958 in
1019 1900 1067 1956 tot
1088 1895 1258 1969 incendiis,
1286 1895 1403 1978 quibus
1424 1893 1588 1959 confestim
1610 1917 1738 1960 succur-

416 1989 550 2052 rendum
572 1996 637 2064 est,
660 1988 856 2070 exspectabit
877 1995 1032 2051 senatum.
1077 1971 1229 2064 bllNam
1250 1995 1282 2052 et
1302 1991 1417 2052 Brutus
1440 1996 1471 2052 et
1487 1988 1613 2055 Cassius
1629 1991 1737 2054 multis

228 2071 322 2190 ,fis-s
379 2085 478 2147 aarum
498 2083 531 2146 in
554 2082 648 2145 rebus
670 2082 739 2164 ipse
767 2081 826 2144 sibi
849 2089 975 2145 senatus
996 2063 1079 2167 luit.)
1108 2084 1244 2146 Necesse
1267 2091 1315 2147 est
1336 2083 1421 2145 enim
1442 2083 1476 2145 in
1498 2091 1586 2148 tenta
1606 2103 1739 2149 conver-

417 2179 506 2241 sione
533 2183 565 2239 et
592 2175 828 2259 perturbatione
856 2176 996 2239 omnium
1026 2196 1130 2239 rerum
1160 2178 1354 2259 temporibus
1385 2177 1489 2261 potius
1509 2198 1620 2262 parere
1640 2199 1738 2263 quam

416 2273 567 2336 moribus.
602 2272 668 2332 Neo
690 2268 772 2331 enim
795 2289 880 2332 nunc
902 2269 1037 2353 primunr
1058 2277 1113 2333 aut
1129 2273 1243 2334 Brutus
1265 2278 1321 2334 aut
1344 2272 1466 2334 Cassius
1489 2272 1622 2336 salutem
1642 2273 1739 2336 liber-

416 2373 576 2449 tatemque
597 2362 719 2446 patriae
741 2362 844 2444 legem
866 2361 1095 2427 sanctissimam
1119 2372 1150 2428 et
1171 2384 1291 2429 morem
1313 2365 1467 2448 optimum
1489 2364 1648 2430 iudicavit.
1675 2367 1739 2429 lta·

417 2479 481 2544 que
503 2459 530 2522 si
552 2456 593 2521 ad
615 2475 674 2519 nos
695 2455 777 2518 nibil
799 2454 968 2519 referretur
982 2456 1022 2520 de
1036 2457 1200 2522 Dolabella
1222 2458 1458 2543 persequendo,
1481 2467 1586 2524 tamen
1601 2480 1659 2544 ego
1677 2481 1738 2544 pro

379 2554 544 2618 todecreto
567 2559 727 2636 putarem,
750 2571 820 2614 cum
837 2559 943 2614 essent
958 2551 1037 2614 tales
1051 2553 1175 2628 virtute,
1198 2556 1390 2629 auctoritate,
1404 2554 1567 2618 nobilitate
1582 2554 1605 2635 †
1620 2555 1738 2619 summi

417 2649 493 2724 viri,
516 2667 649 2733 quorum
672 2645 799 2708 alterius
821 2647 883 2708 iam
906 2644 997 2706 nobis
1019 2653 1114 2728 notus
1136 2657 1220 2711 esset
1241 2649 1415 2724 exercitus,
1448 2649 1578 2712 alterius
1600 2650 1737 2713 auditus.

416 2743 486 2805 ΧΗ.
507 2744 590 2805 Num
611 2739 708 2822 igitur
728 2740 842 2801 Brutus
865 2739 1061 2821 exspectavit
1088 2740 1211 2805 decreta
1233 2751 1355 2819 nostra,
1388 2765 1459 2806 cum
1483 2743 1586 2806 studia
1606 2747 1736 2807 nosset?

288 2841 299 2899 t
415 2838 526 2920 Neque
555 2835 639 2898 eninr
662 2843 710 2897 est
730 2837 764 2897 in
784 2834 977 2926 provinciam
1000 2856 1088 2898 suam
1112 2836 1236 2900 Cretam
1258 2836 1432 2920 proiectus:
1461 2837 1495 2898 in
1519 2837 1736 2900 Macedoniam

283 2908 294 2957 t
417 2932 552 2994 alienam
575 2929 746 3004 advolavit;
772 2930 877 2992 omnia
899 2949 956 2991 sua
978 2931 1116 3012 putavit,
1140 2952 1221 3016 quae
1243 2953 1299 2995 ros
1320 2939 1424 2994 restra
1445 2950 1514 2993 esse
1536 2931 1658 3005 velitis3
1689 2929 1738 2991 le·

378 3025 526 3108 regiones
550 3025 739 3107 conscripsit
759 3043 875 3098 noras,
898 3024 1023 3106 excepit
1044 3031 1184 3099 veteres3
1207 3025 1383 3109 equitatum
1405 3024 1446 3086 ad
1467 3045 1501 3087 se
1523 3023 1653 3086 abduxit
1673 3025 1739 3086 Ilo·

416 3119 550 3183 labellae
571 3127 667 3203 atquc
690 3139 762 3182 euru
784 3119 922 3183 nondum
938 3126 1025 3181 tauto
1040 3115 1210 3200 parricidio
1225 3117 1357 3180 oblitum
1369 3117 1494 3181 bostem
1509 3137 1567 3181 sua
1580 3118 1739 3182 sententia

416 3212 583 3277 iudicarit:
613 3235 686 3278 uam
716 3217 748 3277 ni
777 3217 821 3279 ita
849 3222 949 3288 esset,
979 3233 1042 3297 quo
1064 3214 1134 3276 iure
1156 3212 1331 3296 equitatum
1353 3231 1372 3273 a
1394 3212 1523 3275 consule
1544 3212 1737 3275 abduceret?

417 3303 468 3370 28.
492 3305 600 3382 Quid?
634 3308 667 3371 C.
698 3307 839 3382 Cassius,
868 3309 935 3390 pari
966 3307 1183 3390 magnitudine
1211 3307 1306 3370 animi
1338 3314 1371 3369 et
1401 3306 1527 3370 consilii
1558 3304 1736 3390 praeditus,

417 3570 534 3620 rotenus:
553 3581 630 3620 aaran
645 3581 744 3622 maora
761 3571 816 3621 Rau
833 3571 858 3632 1,
875 3582 902 3634 p.
921 3569 967 3630 29:
993 3569 1136 3620 Lambinus
1158 3571 1247 3620 autem
1264 3569 1383 3634 scripsit:
1408 3569 1468 3632 Quis
1482 3569 1561 3633 ipitrrr
1576 3570 1598 3619 is
1613 3568 1665 3620 esti
1687 3568 1738 3620 Aet

417 3647 453 3696 lt.
471 3647 565 3696 brutus
585 3651 630 3696 aut
652 3647 679 3697 C.
698 3646 796 3696 Caedes
814 3651 861 3718 *aut
882 3650 990 3709 ureqae
1021 3646 1154 3709 Utramque
1170 3646 1323 3695 &comm
1339 3645 1427 3706 plone,
1450 3645 1512 3694 stare
1527 3644 1599 3694 matti
1613 3644 1738 3695 coeruleos

417 3720 524 3770 atumem
540 3720 671 3783 moros.)
690 3749 717 3759 -
736 3721 770 3786 oi]
788 3723 815 3772 io
830 3721 864 3782 b:
883 3735 932 3784 ego
949 3723 997 3772 etsi
1014 3721 1112 3772 malim.
1127 3746 1155 3758 -
1175 3722 1198 3771 t.
1217 3721 1424 3784 coitipoeissemas
1440 3733 1495 3784 g—
1514 3720 1539 3770 Ξ.
1556 3719 1732 3771 mutuaverit

420 3821 447 3832 -
460 3801 488 3845 ut
505 3809 558 3847 om.
571 3795 623 3846 b-
643 3811 676 3848 eu
692 3809 723 3848 cu
734 3798 787 3848 arie
798 3797 859 3861 oet]
877 3795 965 3848 locum
983 3798 1066 3847 critici
1083 3795 1203 3862 plerique
1220 3810 1268 3861 pro
1280 3799 1403 3860 corrupto
1420 3794 1533 3857 babent,
1551 3795 1631 3846 llario
1646 3797 1736 3845 umen

416 3871 442 3931 Ι,
461 3882 487 3935 p.
506 3871 537 3921 30
554 3871 660 3922 videtur
677 3870 800 3936 explicari
817 3883 911 3936 posse,
938 3871 986 3922 sed
998 3869 1092 3923 'deleto
1109 3885 1148 3923 eo.
1174 3873 1308 3923 Ferrarius
1325 3873 1393 3922 coni.
1411 3885 1462 3922 ooo
1477 3877 1506 3920 ut
1520 3883 1549 3920 eo
1564 3883 1599 3919 aar
1613 3869 1667 3920 acb
1681 3871 1734 3919 cet.

417 3945 484 3996 Vide
502 3959 535 3996 ne
551 3959 610 3998 voc.
624 3947 691 3997 actes
706 3949 818 4011 utroque
835 3944 893 3997 loco
911 3945 1054 3998 delendum
1072 3948 1118 4009 sit,
1136 3951 1166 3998 ut
1182 3950 1216 3998 sit
1231 3961 1264 3998 eu
1279 3961 1311 3997 eo
1327 3960 1366 3996 sc.
1384 3945 1465 3996 italia.
1477 3971 1510 3981 -
1526 3943 1551 3994 l.
1569 3944 1596 3995 0.
1609 3957 1661 3995 om.
1673 3942 1692 3994 b
1705 3965 1733 3978 -·

417 4021 489 4086 unet]
505 4023 595 4074 ratioet
609 4025 686 4074 ettam
701 4035 767 4072 nuuc
783 4035 798 4072 a
817 4048 844 4060 -
868 4023 892 4072 s.
911 4022 1010 4084 opinior
1025 4024 1036 4070 t
1053 4047 1080 4058 —
1104 4023 1224 4084 Fylliden:
1246 4024 1268 4085 t,
1291 4023 1321 4071 ut
1336 4020 1442 4085 scripsit
1458 4020 1607 4071 Ferrarius:
1630 4017 1736 4068 bitttder

418 4107 450 4160 g:
472 4097 569 4149 dilidam
591 4099 624 4159 b;
649 4098 759 4149 bettidem
776 4111 804 4156 a;
827 4097 927 4146 belidem
943 4097 968 4154 i;
993 4096 1026 4147 ci.
1045 4095 1111 4148 Piut.
1129 4111 1154 4147 v.
1173 4098 1245 4148 Bruti
1266 4111 1289 4148 c.
1308 4097 1349 4148 26.
1370 4095 1459 4160 steph.
1477 4095 1541 4159 Byr.
1559 4108 1582 4146 s.
1597 4107 1625 4144 v.
1643 4105 1669 4159 p.
1686 4092 1735 4144 25⁰

418 4170 462 4220 ed.
474 4172 551 4222 Berk.
565 4198 592 4209 —
612 4173 637 4224 6.
656 4174 763 4223 instante
776 4175 833 4235 piro
844 4171 862 4221 b
874 4173 960 4236 (epyro
972 4175 1014 4234 gt)
1028 4200 1049 4207 —
1069 4173 1171 4222 Oricrorr
1181 4175 1251 4224 mei:
1269 4174 1396 4236 illyriaco
1406 4172 1427 4222 0
1439 4183 1500 4222 cum
1511 4169 1610 4235 aliquot
1620 4168 1696 4220 codd.
1705 4168 1735 4231 (t)

418 4247 538 4298 Ferrarii.
558 4274 586 4285 -
604 4250 629 4300 7.
648 4250 682 4298 ad
699 4262 752 4299 om.
771 4247 811 4298 bt
828 4273 856 4283 ·-
875 4249 899 4298 8.
917 4249 992 4298 etiam
1009 4261 1093 4312 cmg
1112 4276 1139 4286 -
1155 4249 1220 4297 toro
1236 4263 1253 4312 g
1270 4275 1298 4286 -
1316 4249 1341 4299 9.
1359 4247 1432 4311 erim]
1450 4251 1533 4297 meos
1549 4248 1561 4296 t
1578 4273 1606 4284 -
1623 4247 1674 4310 ipse
1689 4258 1736 4295 oe-

417 4329 498 4391 cipere
514 4327 549 4376 D:
569 4325 813 4387 reciperatorio:
834 4335 882 4387 pro
898 4323 963 4386 ipsc,
983 4324 1082 4387 quodi
1104 4323 1163 4374 cod.
1182 4323 1290 4374 Barber.
1309 4337 1374 4385 om,
1393 4323 1461 4373 coni.
1479 4319 1557 4372 Orelli
1573 4322 1627 4372 iste.
1649 4322 1687 4371 De
1705 4333 1735 4370 ro

418 4404 451 4454 oi.
469 4400 609 4463 boettigeri
627 4400 727 4463 Scripta
744 4399 807 4448 min.
826 4397 881 4448 Vol.
901 4399 937 4461 ΙΙ,
960 4411 985 4463 p.
1005 4399 1050 4448 26⁴
1071 4401 1098 4448 et
1114 4400 1185 4449 ilarii
1202 4399 1263 4450 Ver.
1282 4401 1364 4449 Lecti.
1383 4398 1418 4457 ll,
1437 4410 1463 4461 p.
1482 4397 1522 4448 87.
1543 4421 1570 4432 -
1595 4397 1635 4446 40.
1653 4397 1736 4458 coese-

417 4479 478 4528 cerit
494 4476 582 4526 bellum
600 4476 667 4524 coni.
686 4473 794 4533 Lamb.;
814 4473 872 4523 tort.
886 4487 956 4536 quern
973 4475 994 4523 si
1011 4475 1142 4536 coniecerit
1156 4501 1182 4510 -
1202 4475 1241 4524 ti.
1254 4473 1311 4538 doit
1327 4477 1338 4523 t
1356 4499 1382 4509 -
1402 4473 1442 4522 43.
1456 4471 1544 4533 qoem
1559 4473 1595 4522 D:
1612 4484 1669 4522 mors
1684 4471 1693 4519 i
1706 4497 1733 4507 -

418 4553 457 4604 tl.
476 4553 618 4615 eapectauit
633 4553 644 4600 t
663 4576 689 4585 -
708 4555 731 4599 et
748 4551 808 4599 ente
824 4550 867 4598 Br.
887 4563 940 4600 orn.
960 4563 975 4599 a
995 4577 1022 4586 -
1041 4551 1081 4599 45.
1099 4551 1166 4612 ipsis.
1185 4547 1374 4608 disseruisset,
1395 4547 1453 4596 tort.
1467 4560 1500 4596 er
1515 4547 1563 4609 ipsi
1577 4547 1623 4596 sibi
1639 4551 1737 4598 matur

415 4629 517 4683 ruerunt
529 4653 556 4663 -
575 4626 732 4676 cmoerriooe
747 4629 770 4674 et
785 4625 970 4687 perturbatione
986 4626 1096 4674 omoiron
1111 4637 1196 4674 rerum
1213 4625 1347 4674 Ferrarius
1365 4636 1398 4672 ex
1414 4621 1481 4672 libro
1493 4623 1657 4675 bledaeirno:
1675 4637 1737 4672 corr·

416 4704 530 4754 rursiam
547 4702 747 4766 (concursatione
763 4698 835 4762 abi]
858 4700 1074 4761 perturbationum
1088 4701 1230 4750 resorbi
1248 4727 1275 4735 -
1303 4699 1343 4748 49.
1361 4699 1483 4760 rotmiro·
1498 4701 1522 4758 t:
1546 4700 1656 4762 refertur
1671 4711 1688 4761 g
1704 4723 1733 4736 -

416 4780 446 4829 de
462 4791 515 4828 om.
535 4789 550 4826 a
570 4803 596 4813 -
623 4775 675 4839 epo]
698 4787 738 4823 eor
759 4776 769 4823 t
788 4801 814 4811 -
841 4775 881 4826 20.
900 4777 989 4824 sommi
1010 4776 1062 4824 uiri
1078 4775 1147 4825 mei:
1173 4788 1270 4825 sauma
1284 4775 1335 4824 oiri
1350 4773 1371 4823 0
1389 4785 1450 4823 cunr
1466 4773 1579 4835 Faemo,
1606 4775 1651 4838 qui
1667 4775 1736 4824 baec

416 4851 563 4902 adnotavit:
584 4851 649 4899 «tut
664 4851 754 4899 ammi
771 4848 900 4910 abundat,
923 4849 994 4915 quod
1013 4864 1064 4900 non
1082 4849 1177 4911 credo,
1195 4851 1240 4898 eut
1256 4847 1398 4912 legendum
1414 4861 1525 4906 ummo:
1548 4851 1594 4898 eut
1609 4861 1658 4912 pro
1675 4847 1736 4898 tutes

417 4929 502 4988 «tati»,
521 4927 567 4976 sut
582 4923 652 4974 eliud
669 4925 797 4974 mendum
809 4923 925 4975 subest.»
945 4926 1013 4975 Fort.
1031 4927 1172 4976 summiuiri
1189 4937 1221 4975 ex
1237 4937 1294 4974 urm
1309 4923 1414 4987 imperio
1425 4923 1507 4988 (irrep.)
1519 4924 1672 4986 corruptum
1683 4925 1733 4973 est.

417 5027 446 5040 -
464 5003 506 5052 it.
524 4997 682 5051 sublimius
697 5000 733 5049 D:
755 5005 829 5049 notar
844 4999 912 5050 nobis
929 5001 965 5051 i0
986 5028 1012 5038 -
1032 5007 1091 5052 esset
1107 5003 1146 5052 D:
1164 5005 1199 5050 est
1214 5001 1252 5049 io
1271 5025 1299 5038 -·
1317 5001 1357 5050 Ξῖ.
1375 5001 1443 5048 Nion
1459 5000 1498 5049 D:
1516 4999 1573 5048 Noe
1588 4998 1627 5048 io
1642 5025 1669 5033 -
1686 5009 1736 5047 es>-

412 5076 520 5142 peotablt
531 5101 568 5113 --
578 5079 659 5124 noscet
676 5073 735 5124 cod.
749 5075 841 5126 Ursini.
864 5101 889 5111 -
909 5075 949 5125 23.
967 5081 1002 5126 est
1019 5090 1072 5127 orn.
1086 5078 1109 5137 t;
1126 5075 1232 5124 videtur
1247 5076 1308 5139 post
1321 5075 1447 5138 profectas
1463 5073 1606 5135 excidisse:
1624 5073 1658 5123 ci.
1676 5084 1734 5123 rar.

416 5151 477 5203 leot.
495 5150 529 5201 ad
546 5163 572 5216 p.
586 5150 659 5211 ⁴365,
673 5150 696 5199 l.
717 5173 744 5186 -
763 5149 804 5200 st.
821 5148 994 5200 solitisabt:
1012 5151 1104 5202 oetietir
1119 5150 1180 5213 gio
1194 5177 1223 5186 -
1240 5151 1444 5201 abactoriet-
1462 5151 1536 5201 desit
1550 5162 1565 5199 a
1579 5173 1606 5183 —
1623 5148 1736 5199 idm

415 5227 525 5277 eosdm
541 5239 598 5277 eam
615 5228 626 5275 ῖ
648 5247 675 5261 -
696 5229 765 5274 tuoto
783 5237 836 5275 om.
855 5226 888 5274 ai
907 5251 934 5260 —
955 5226 1079 5287 punacio
1096 5237 1112 5274 a
1128 5252 1161 5262 -
1177 5225 1319 5276 οῖεῖεῖσῖεειι
1334 5225 1429 5275 doctus
1444 5227 1536 5278 nescio
1551 5225 1625 5291 quis,
1645 5225 1677 5274 ut
1692 5221 1736 5274 est

416 5301 598 5366 §stistte
618 5299 849 5364 -2i.oistg-
873 5301 1003 5350 ai:om.
1023 5301 1045 5351 Ι)
1065 5299 1488 5364 -saoaoar-ercooeitt
