4009 6159
393 708 482 795 quod
510 715 566 773 aut
591 728 650 793 pro
677 728 711 773 re
739 709 866 791 publica
887 712 1144 795 conquerendum
1163 710 1226 775 luit
1246 717 1302 775 aut
1321 728 1381 795 pro
1402 730 1458 775 rco
1479 708 1713 796 disputandum,

392 810 499 867 tamen
526 802 693 886 aggrediar
718 800 758 866 ad
781 803 965 880 dicendum,
993 824 1035 869 nc
1056 826 1128 871 mea
1152 806 1363 889 propugnatio
1385 805 1415 868 ei
1437 805 1637 888 potissimum
1658 804 1713 868 de-

390 894 491 961 fuisse
511 896 671 973 videatur,
691 914 750 981 per
770 916 865 981 quem
887 906 935 962 est
955 899 1131 983 perlectam
1151 919 1193 962 ne
1214 900 1325 963 micus
1347 900 1471 963 civibus
1492 900 1628 962 deesset.
1658 900 1714 962 At-

222 1002 242 1099 3
391 1011 456 1074 que
477 1010 536 1075 eqo
556 992 602 1055 sic
624 998 744 1066 statum
766 991 906 1067 iudices,
931 1012 950 1056 a
972 1012 1023 1056 me
1044 993 1078 1056 in
1100 994 1161 1083 lr-ac
1183 1010 1280 1057 causa
1299 1000 1397 1077 atquo
1417 993 1481 1073 hoc
1501 1000 1643 1057 extremo
1665 992 1714 1055 di·

365 1085 482 1150 sccndi
502 1084 573 1149 loco
595 1085 723 1169 pietatis
743 1086 849 1169 potius
871 1104 967 1169 quam
984 1086 1196 1161 defensionis,
1217 1087 1379 1171 querellae
1393 1104 1490 1170 qnam
1503 1085 1713 1171 eloquentiae,

389 1178 509 1243 doloris
530 1198 627 1264 quam
648 1179 768 1262 ingenii
789 1185 894 1261 partes
917 1200 988 1245 esse
1003 1188 1173 1265 susceptas.
1214 1178 1244 1243 l.
1260 1183 1371 1266 ltaque
1386 1182 1414 1244 si
1428 1188 1484 1244 aut
1497 1181 1602 1244 acrius
1616 1194 1712 1263 egero

387 1282 444 1337 aut
464 1274 613 1349 liberius,
636 1292 732 1357 quam
755 1274 809 1356 qui
831 1280 903 1335 ante
927 1294 977 1338 me
999 1275 1167 1349 dixemnt,
1193 1283 1267 1358 peto
1290 1294 1309 1339 a
1331 1274 1421 1339 robis
1442 1282 1478 1337 nt
1498 1281 1621 1337 tantum
1642 1292 1713 1337 ora·

386 1368 468 1433 tioui
488 1388 579 1433 meae
600 1366 798 1441 concedatis,
829 1374 981 1451 quantum
1004 1374 1037 1431 et
1057 1370 1111 1451 pia
1132 1367 1236 1432 dolori
1258 1377 1291 1433 et
1310 1370 1411 1433 iustae
1432 1368 1616 1432 iracundiae
1637 1388 1713 1432 con·

387 1461 565 1527 cedendum
592 1462 722 1545 putetis.
758 1462 838 1523 Nam
865 1479 971 1544 neque
994 1459 1098 1526 officio
1125 1462 1323 1526 coniunctior
1344 1463 1437 1526 dolor
1456 1462 1541 1525 ullus
1562 1481 1635 1527 esse
1655 1481 1714 1546 po·

349 1564 448 1623 intest
469 1576 565 1641 quam
585 1555 638 1618 bic
659 1573 748 1619 meus
770 1562 935 1637 susceptus
957 1574 998 1619 ex
1019 1555 1158 1618 hominia
1175 1554 1217 1619 de
1238 1574 1290 1620 me
1303 1556 1422 1639 optime
1435 1555 1540 1619 meriti
1559 1556 1712 1638 periculo,

385 1670 492 1735 neque
520 1649 686 1714 iracundia
715 1649 815 1731 magis
846 1647 912 1711 ulla
933 1648 1092 1713 laudanda
1113 1655 1163 1713 esi
1181 1668 1278 1732 quam
1298 1668 1368 1712 mea
1388 1649 1581 1712 inflammata
1602 1665 1712 1711 eorum

386 1744 520 1819 scelere,
551 1742 607 1826 qui
636 1762 708 1805 cum
735 1742 882 1805 omnibus
912 1760 1001 1805 meae
1022 1742 1140 1806 salutis
1170 1738 1390 1807 defensoribus
1417 1741 1537 1806 bellurn
1558 1758 1630 1804 ease
1651 1740 1712 1803 sibi

384 1837 559 1923 gerendum
586 1836 814 1900 iudicaverunt.
857 1834 888 1898 5.
910 1834 972 1897 Sed
1002 1836 1152 1919 quoniam
1182 1836 1317 1919 singuiis
1340 1834 1523 1899 criminibus
1545 1834 1643 1898 ceteri
1663 1854 1713 1897 re

385 1930 600 2015 sponderent,
629 1930 731 1993 dicam
761 1950 820 2012 ego
847 1930 886 1993 de
915 1930 1002 1992 omni
1033 1937 1118 1993 statu
1144 1931 1178 1993 P.
1202 1931 1314 2005 Sestii,
1344 1929 1385 1993 de
1406 1946 1521 2012 genere
1542 1930 1641 2006 ritae,
1671 1926 1711 1992 de

348 2032 513 2100 renatum,
542 2024 583 2088 de
611 2024 768 2099 moribus,
799 2024 838 2087 de
859 2023 1039 2087 incredibili
1061 2044 1169 2087 amore
1190 2024 1224 2085 in
1245 2024 1365 2097 bonos,
1397 2022 1438 2086 dc
1459 2020 1563 2087 studio
1584 2042 1712 2086 conser-

384 2119 507 2186 vandae
528 2116 640 2181 salutis
662 2118 835 2182 eommunis
857 2125 953 2202 atque
976 2118 1050 2192 otii,
1083 2118 1352 2201 contendamque,
1381 2117 1408 2180 si
1430 2117 1525 2180 modo
1547 2115 1578 2179 id
1600 2136 1712 2180 conse·

385 2214 442 2299 qui
462 2216 591 2296 potera,
613 2218 649 2277 ut
670 2207 703 2275 in
724 2212 783 2275 baa
798 2210 932 2276 confusa
946 2218 1044 2296 atque
1057 2212 1207 2276 universa
1221 2210 1406 2274 defensione
1420 2210 1498 2273 nibil
1513 2228 1532 2273 a
1547 2208 1711 2295 nse-quod

385 2310 427 2375 ad
446 2312 584 2374 vernam
606 2306 842 2390 quaestionem,
872 2305 953 2369 nibil
984 2304 1072 2388 quod
1093 2305 1134 2369 ad
1157 2324 1263 2381 rcum,
1291 2303 1372 2367 nibil
1394 2304 1482 2388 quod
1502 2303 1631 2367 adrem
1652 2322 1713 2388 pu-

384 2402 500 2467 blicam
520 2400 691 2486 ροιῑὶιιοαί,
719 2400 974 2483 praetermissum
996 2418 1067 2463 esse
1087 2399 1240 2463 rideatur.
1276 2398 1317 2461 lit
1337 2398 1489 2482 quoniam
1510 2398 1544 2459 in
1565 2398 1713 2480 munsi-

347 2498 445 2565 ronrie
474 2492 670 2579 temporibus
697 2492 832 2559 civitatis
860 2500 958 2578 atque
979 2492 1013 2557 ln
1034 2493 1136 2557 ruinis
1159 2510 1287 2558 eversae
1309 2499 1407 2576 atque
1428 2491 1563 2555 aillictm
1583 2492 1631 2555 rei
1651 2510 1711 2575 pu·

383 2591 488 2657 blinae
508 2590 542 2653 P.
564 2588 661 2651 Sentii
688 2588 865 2652 tribunatus
886 2595 936 2650 eat
956 2604 975 2650 a
996 2588 1135 2650 Fortuna
1154 2587 1225 2671 ipsa
1246 2585 1433 2661 collocatus,
1462 2600 1528 2648 non
1548 2586 1711 2669 aggrediar
1772 2576 1778 2584 ’

385 2683 425 2752 ad
446 2684 503 2748 illa
522 2681 660 2747 maxima
680 2686 776 2764 atque
798 2680 992 2765 amplissima
1012 2680 1098 2765 prius
1120 2698 1215 2764 quam
1235 2678 1393 2754 docuero,
1413 2678 1532 2762 quibus
1552 2680 1651 2744 initiis
1672 2696 1711 2742 ac

384 2776 596 2845 brndamoutis
617 2775 698 2840 baec
717 2782 824 2839 tantm
845 2774 975 2837 summis
996 2775 1030 2837 iu
1051 2774 1147 2836 rebus
1169 2772 1279 2837 laudes
1300 2773 1456 2837 excitatae
1478 2772 1551 2836 sint.

469 2872 524 2935 ΠΙ.
546 2867 577 2932 6.
599 2871 731 2933 Parente
759 2870 791 2931 P.
815 2868 935 2931 Sestius
964 2874 1056 2931 uatus
1078 2876 1142 2942 est,
1171 2866 1310 2942 iudices,
1338 2866 1484 2951 bomine,
1510 2873 1546 2930 ut
1565 2866 1710 2953 plerique

347 2964 592 3040 armaminiatis,
614 2970 647 3027 et
667 2963 811 3047 sapiente
826 2969 860 3026 ct
880 2968 989 3025 sancto
1004 2968 1038 3024 et
1057 2981 1185 3027 severo:
1207 2962 1349 3047 quicum
1369 2960 1514 3024 tribunus
1528 2957 1572 3043 pl.
1587 2960 1709 3044 primus

385 3064 470 3127 intcr
488 3059 635 3125 homines
657 3056 870 3121 nobilissimos
893 3055 1090 3139 temporibus
1111 3055 1239 3139 optimis
1259 3052 1362 3117 iactus
1383 3060 1478 3129 esset
1499 3054 1631 3138 reliquis
1650 3053 1710 3118 bo—

384 3156 515 3221 noribus
536 3173 603 3219 uon
624 3158 687 3217 tarn
708 3151 754 3231 uti
775 3150 878 3214 voluit
899 3168 995 3233 quam
1018 3149 1132 3231 dignus
1146 3148 1257 3213 videri.
1289 3148 1336 3213 Eo
1359 3155 1487 3212 auctore
1502 3146 1597 3211 duxit
1609 3148 1710 3211 bone·

262 3272 269 3292 ‘
384 3249 514 3315 stisainri
536 3255 568 3312 ct
588 3245 810 3330 spectatissimi
831 3243 909 3318 viri,
938 3244 972 3306 C.
994 3242 1119 3330 Albini,
1148 3239 1327 3320 filiam,i‡cx
1349 3260 1413 3325 qua
1433 3241 1485 3305 bie
1507 3247 1557 3305 est
1577 3248 1711 3326 puerei

247 3343 337 3441 ,ps
383 3349 484 3427 nupta
511 3343 575 3406 iam
601 3328 694 3413 lilia.)
715 3339 845 3401 Duobus
872 3336 923 3402 bis
945 3336 1147 3419 graduumae
1170 3335 1366 3420 antiquitatis
1387 3336 1463 3399 viris
1485 3314 1557 3399 sic⁶s
1552 3336 1707 3419 probatus

347 3434 457 3512 sobrii,
490 3441 526 3499 ut
556 3430 685 3517 utrique
716 3451 826 3496 eorum
848 3437 880 3495 et
911 3450 1001 3495 carus
1032 3432 1170 3497 maxime
1198 3438 1232 3495 et
1261 3428 1420 3494 iucundus
1449 3435 1543 3494 esset.
1584 3426 1711 3493 Ademit

393 533 456 603 930
815 538 968 605 ORATIO
989 538 1068 607 Plio
1089 539 1123 607 P.
1145 480 1287 607 sueno
1746 585 1755 606 ·

450 3732 1056 3800 l.raoPcorr.m.2:reP¹;re.p.G-
1082 3733 1708 3811 aanpmamrP-incaomu-nia-

383 3814 595 3880 apameo-
620 3812 747 3877 well...
764 3813 903 3875 eloquentia
923 3812 1016 3864 acm
1037 3827 1114 3878 mam
1135 3814 1229 3879 inperii
1246 3812 1344 3876 partia
1362 3824 1414 3863 ease
1433 3815 1557 3875 acceptae
1576 3808 1620 3873 P¹;
1646 3824 1708 3875 qae-

382 3887 448 3943 reiid
465 3888 618 3955 eioqcmiae
631 3889 728 3939 ᾶοὶοιιοι
738 3900 816 3951 quarn
826 3888 879 3953 laq.
890 3892 1035 3953 portereau
1045 3902 1108 3940 nac.
1121 3892 1141 3941 P
1152 3902 1221 3940 corr.
1233 3902 1271 3940 m.
1282 3888 1313 3948 ις
1332 3886 1476 3950 quaerelam
1492 3886 1645 3948 eloqamdae
1660 3888 1707 3938 dc-

382 3966 443 4017 iuria
459 3968 536 4031 (corr.
548 3962 650 4029 dolared
668 3976 745 4028 quam
759 3964 812 4029 inq.
826 3968 914 4026 parier
928 3970 1053 4028 mentae
1069 3968 1103 4027 G,
1122 3964 1209 4016 iuerat
1224 3964 1251 4013 in
1266 3962 1425 4027 archetypo:
1444 3961 1709 4025 quantine-wari&

382 4054 432 4094 erre
441 4056 462 4093 r.
473 4038 596 4108 (quereias
606 4039 666 4103 0)—
680 4038 704 4089 6.
715 4044 760 4089 aot
770 4038 918 4089 cariarti-
932 4040 957 4091 9.
966 4053 1028 4090 acm
1037 4041 1163 4101 sequena,
1176 4042 1206 4091 ut
1216 4041 1324 4105 scripsit
1333 4038 1478 4103 Madvigius
1489 4050 1517 4103 p.
1526 4036 1587 4089 lio:
1599 4052 1708 4102 mque

382 4116 415 4178 P;
433 4111 593 4179 nmqaiG¹3
610 4126 689 4177 ceqree
704 4114 800 4165 animo
814 4139 841 4149 -
859 4114 926 4165 cliro
941 4128 991 4166 esse
1006 4116 1040 4165 s:
1057 4112 1134 4167 allieas
1148 4128 1199 4166 erre
1214 4115 1277 4168 P0;
1294 4127 1346 4167 aare
1363 4114 1440 4164 adua
1454 4114 1490 4174 Gi
1507 4112 1575 4163 tellas
1588 4114 1708 4178 tlagiuut

381 4188 526 4257 Madvigius
542 4205 569 4255 p.
587 4185 635 4241 iae
653 4188 681 4238 ei
697 4184 879 4251 stuerenburg
896 4187 930 4239 ad
947 4188 998 4240 Cic.
1016 4190 1047 4242 de
1063 4190 1111 4254 Off.
1129 4203 1155 4255 p.
1168 4190 1217 4242 2⁰0
1234 4189 1287 4255 (cd.
1307 4187 1394 4252 4834);
1413 4190 1506 4239 conus
1520 4187 1597 4239 adias
1613 4188 1708 4241 deien-

382 4264 446 4318 dore
464 4269 575 4319 conatus
592 4265 634 4315 est
649 4260 764 4313 Klotzius
782 4262 808 4313 in
826 4263 910 4327 praei.
930 4264 972 4316 ed.
990 4265 1092 4318 Teubn.
1110 4279 1137 4332 p.
1156 4264 1198 4315 iV.
1218 4292 1246 4301 -
1266 4265 1306 4315 il.
1324 4264 1454 4314 laudanda
1469 4267 1505 4313 ert
1520 4264 1631 4330 scripsit
1647 4263 1708 4315 iae·

380 4340 495 4391 mres
510 4337 540 4393 P¹
557 4340 599 4403 (ex
614 4338 788 4402 tamennon
807 4336 936 4390 badoario
952 4336 1040 4397 Pilio
1059 4370 1087 4379 -
1106 4353 1183 4404 mmm
1204 4352 1261 4390 area
1281 4341 1440 4403 mammolo
1461 4339 1572 4403 scripsi:
1599 4351 1708 4403 pamm

379 4415 522 4480 ntidamai
542 4415 584 4475 P¹;
608 4414 1052 4479 mumdbqaaetaflammataffl
1076 4430 1153 4480 qaam
1172 4413 1706 4479 eaqaaemeietiaaaaaiPoorr.m.i

380 4491 444 4541 eto
463 4516 490 4528 -·
509 4492 550 4543 42.
567 4490 820 4541 madidum:
839 4489 887 4540 eoi.
904 4504 975 4542 raeae
991 4492 1011 4541 0
1030 4516 1058 4527 -
1078 4489 1206 4541 ilctii.
1223 4488 1281 4539 terti
1297 4490 1348 4538 PG
1365 4512 1392 4523 -
1413 4488 1453 4538 tl.
1472 4484 1707 4539 amePcorr.cx

379 4565 716 4626 adcmlortubme-
735 4562 1322 4627 to.perticetG—otaeaeareaeu—ro.
1341 4560 1707 4628 aditiataeP-ilator*

377 4644 440 4690 tara
456 4639 477 4690 0
495 4664 523 4675 -
541 4639 677 4704 wormio
694 4642 712 4690 P
732 4664 758 4676 -
777 4638 818 4689 23.
836 4639 896 4691 baec
913 4641 950 4690 P:
967 4640 1016 4691 iae
1032 4642 1051 4690 P
1068 4652 1138 4691 corr.
1157 4639 1216 4689 GO.
1240 4634 1280 4689 ci.
1299 4636 1498 4689 Fleckeisenum
1513 4636 1541 4686 tn
1556 4636 1623 4688 lior.
1636 4636 1706 4686 lius.

378 4714 460 4765 liban.
478 4714 536 4778 Vll,
556 4726 582 4778 p.
600 4714 645 4765 rit
666 4726 725 4778 sqq.
744 4715 772 4764 et
787 4713 856 4775 viu,
875 4726 901 4778 p.
914 4714 972 4765 rii.
986 4738 1015 4751 -
1033 4715 1074 4765 ta.
1085 4712 1232 4766 affluatis
1245 4716 1270 4763 et
1284 4713 1313 4774 P,
1331 4711 1381 4763 sed
1396 4724 1409 4771 a
1424 4715 1449 4764 et
1462 4706 1490 4761 in
1506 4722 1560 4762 ras.
1574 4710 1705 4775 scapum

377 4800 415 4838 m.
433 4788 462 4849 l,
480 4789 510 4838 ut
527 4788 641 4839 videtur.
656 4814 684 4825 -
702 4788 809 4851 rapienti
825 4787 926 4839 maurit
936 4787 1145 4854 Wesenbergiua
1160 4801 1188 4854 p.
1207 4788 1223 4838 6
1239 4799 1299 4851 sqq.
1315 4810 1343 4824 -
1361 4788 1403 4838 ro.
1421 4786 1528 4850 optumis
1544 4784 1604 4836 P-
1622 4785 1705 4849 ram

377 4863 397 4912 P
413 4873 483 4914 corr.
502 4876 535 4914 ex
551 4866 648 4914 mam
664 4862 706 4925 (ai.
725 4874 781 4914 var.
800 4861 860 4915 leci.
878 4876 906 4929 p.
925 4864 981 4927 929,
1001 4864 1043 4916 44.
1060 4864 1118 4927 932,
1136 4862 1204 4927 ii.);
1228 4866 1335 4913 etaim
1351 4864 1373 4913 G
1390 4887 1419 4900 -
1437 4863 1479 4913 27.
1496 4858 1665 4912 benammi
1680 4860 1705 4910 et

375 4936 554 4999 mactationem
570 4939 590 4988 P
603 4962 631 4973 -
649 4936 690 4989 28.
703 4939 753 5005 iic
769 4940 789 4989 P
803 4962 830 4975 -
848 4938 889 4990 49.
907 4940 945 4991 iis
961 4952 1015 4991 om.
1028 4940 1090 5000 PG,
1108 4937 1159 4990 scd
1173 4936 1201 4987 in
1216 4938 1331 5004 unoque
1342 4934 1436 4988 vocula
1448 4935 1510 5002 post
1521 4934 1615 4985 duom
1626 4944 1704 4985 erasa

377 5013 427 5062 ost.
448 5036 475 5047 -
501 5011 667 5077 pramis
686 5014 715 5075 P,
739 5014 895 5078 qroaiuicus
911 5016 945 5078 (ις
971 5014 1127 5080 praemiata
1142 5026 1174 5065 aa
1189 5011 1350 5063 racem
1370 5011 1433 5063 otiis
1454 5009 1525 5063 coni.
1542 5006 1700 5070 bammum,

374 5084 539 5151 probabilius
556 5088 759 5141 Mommseuius:
777 5090 940 5154 madauris
955 5103 1067 5142 ammae
1082 5086 1240 5153 aetiqcitatir
1255 5087 1325 5137 ciis.
1348 5086 1388 5138 ci.
1401 5087 1483 5139 etiam
1498 5085 1586 5141 liadv.
1596 5098 1629 5151 p.
1641 5082 1700 5145 lli,

376 5161 510 5213 ncta-
529 5160 571 5217 io.
588 5164 941 5231 madasconam,
958 5159 1700 5233 mqueumpuinpasteommraenrummr.
