4009 6159
388 566 451 634 878
819 575 972 642 ORATIO
993 576 1048 642 llll
1068 575 1187 643 DOMO
1210 577 1286 643 SUA

387 743 593 820 Thessaliam,
611 745 783 819 Boeotiam,
802 745 974 822 Graeciam,
990 748 1205 812 Macedoniam
1220 767 1412 832 omnemque
1425 749 1614 826 barbariam,
1629 752 1714 817 bona

386 838 502 904 civium
524 839 735 903 Romanorum
757 840 989 916 condonasses,
1012 841 1102 905 alteri
1127 843 1266 926 Syriam,
1288 843 1499 926 Babylonem,
1521 847 1642 921 Persas,
1663 847 1713 909 in·

385 932 569 1016 tegerrimas
589 933 869 1018 pacatissimasque
891 943 1013 1018 gentes,
1036 936 1076 999 ad
1098 935 1311 1020 diripiendum
1334 937 1535 1014 tradidisses,
1558 941 1630 1003 illos
1648 949 1712 1003 tam

385 1025 518 1110 cupidos
539 1025 686 1090 liminum
707 1047 850 1091 meorum
871 1037 904 1092 et
918 1029 1134 1092 columnarum
1150 1039 1182 1093 et
1195 1031 1354 1095 valvarum
1376 1031 1485 1096 fuisse.
1529 1023 1600 1117 dl(
1601 1035 1713 1117 Neque

219 1114 223 1124 '
345 1135 479 1206 oporto
501 1119 556 1209 ifle
577 1141 689 1184 manus
712 1111 888 1204 copiaeque
912 1121 1065 1186 Catilinae
1086 1125 1259 1187 mamantis
1281 1144 1318 1187 ac
1338 1127 1428 1189 testis
1450 1134 1605 1203 tectorum
1626 1147 1713 1190 meo·

210 1227 281 1328 (y
384 1235 454 1279 rum
476 1237 510 1279 se
531 1216 646 1279 samem
668 1233 757 1279 suam
779 1215 959 1299 expleturas
980 1217 1201 1310 putamunt.)
1216 1217 1279 1280 Sed
1300 1227 1336 1282 ut
1356 1219 1496 1282 bostium
1516 1221 1629 1295 urbes,
1652 1241 1712 1283 nec

184 1299 195 1316 ⁶
228 1298 246 1320 ''
384 1311 525 1374 omnium
540 1309 690 1383 bostium,
704 1328 814 1372 verum
828 1330 948 1384 eorum,
964 1311 1153 1394 quibuscum
1168 1311 1317 1374 acerbum
1331 1312 1449 1376 bellum
1469 1315 1712 1377 interneciuum-

384 1426 446 1491 que
468 1403 684 1486 suscepimus,
705 1422 771 1465 non
793 1403 911 1486 praeda
931 1403 1071 1479 adducti,
1087 1404 1143 1466 sed
1158 1404 1233 1467 odio
1248 1405 1388 1469 solemus
1403 1407 1597 1482 exscindere,
1612 1407 1711 1491 quod,

382 1501 417 1564 in
439 1518 519 1583 quos
542 1502 670 1581 propter
691 1515 798 1559 eorum
822 1495 1040 1560 crudelitatem
1062 1498 1273 1562 inflammatae
1294 1507 1416 1563 mentes
1431 1507 1558 1564 nostrae
1571 1501 1710 1576 inerunt,

346 1607 454 1659 locum
481 1594 597 1656 borum
628 1590 723 1654 etiam
744 1591 837 1655 tectis
860 1599 892 1654 et
913 1591 1042 1656 sedibus
1064 1593 1204 1656 residere
1226 1591 1357 1676 aliquod
1377 1593 1498 1657 bellum
1519 1616 1643 1680 semper
1664 1595 1711 1658 vi·

383 1689 497 1752 detur:
520 1682 569 1719 Η
583 1682 602 1718 '¹‘
845 1737 846 1741 ,

467 1780 583 1844 XXIV.
604 1774 656 1840 62.
684 1777 769 1840 Nibil
798 1785 866 1841 erat
886 1779 983 1842 latum
1006 1779 1046 1843 de
1069 1799 1138 1855 me;
1165 1801 1231 1844 non
1252 1780 1364 1846 adesse
1387 1801 1472 1846 eram
1493 1783 1616 1861 iussus,
1644 1805 1711 1849 non

382 1879 496 1942 citatus
517 1867 789 2026 alueram34prem
811 1872 905 1935 etiam
927 1879 983 1936 tuo
1005 1875 1124 1938 iudicio
1145 1875 1222 1939 ciris
1243 1877 1429 1951 incolumis,
1451 1897 1523 1941 cum
1542 1877 1655 1942 domus
1675 1879 1709 1941 in

186 1960 286 2071 „fs
381 1972 515 2045 Palatio,
537 1967 612 2030 villa
633 1967 666 2029 in
716 1965 886 2040 usculano,
912 1967 1011 2031 altera
1032 1968 1073 2031 ad
1094 1969 1228 2032 alterum
1250 1969 1429 2045 consulem,
1450 1971 1726 2063 transferebatur.)

345 2069 532 2130 rescratum
555 2058 703 2123 consules
725 2060 897 2123 vocabant:
924 2062 1092 2125 columnae
1120 2083 1315 2127 marmoreae
1344 2084 1385 2128 ex
1406 2065 1538 2129 aedibus
1560 2067 1639 2129 meis
1660 2064 1712 2129 in·'

333 2205 336 2210 ι
382 2165 545 2244 spectante
572 2152 693 2239 populo
721 2154 864 2218 Romano
893 2154 934 2219 ad
960 2176 1086 2220 socrum
1107 2159 1247 2248 cpnsolis
1268 2159 1492 2241 portabantur:
1519 2161 1553 2223 in
1575 2160 1708 2223 fundum

381 2262 485 2320 autem
507 2248 604 2314 vieini
625 2247 766 2311 consulis
774 2255 854 2332 (non
875 2249 1118 2314 instrumentum
1140 2259 1196 2315 aut
1209 2261 1395 2316 ornamenta
1407 2254 1520 2329 villae,
1542 2255 1708 2318 sedetiam

233 2333 248 2422 l
269 2395 288 2445 χ,
381 2349 509 2420 arbores
523 2343 804 2444 transferebantur)
815 2363 886 2407 cum
898 2346 969 2428 ipsa
982 2344 1058 2410 villa
1072 2366 1137 2408 non
1151 2345 1288 2430 praedae
1300 2345 1473 2429 cupiditate
1483 2349 1612 2431 -quid
1623 2349 1708 2412 enim

382 2448 450 2506 erat
469 2439 629 2524 praedae?
647 2469 699 2514 -,
714 2439 770 2502 sed
792 2439 866 2503 odio
890 2449 922 2504 et
936 2439 1122 2504 erudelitate
1142 2439 1285 2504 funditus
1300 2448 1509 2505 evomeretur:
1531 2441 1645 2506 domus
1659 2462 1709 2505 ar·

342 2534 476 2600 sedebat
496 2533 530 2596 in
551 2533 671 2596 Palatio
693 2552 758 2595 non
780 2532 921 2607 fortuito,
944 2533 1000 2598 sed
1022 2535 1128 2598 oblato
1147 2534 1315 2598 incendio:
1336 2535 1483 2599 eonsules
1498 2536 1709 2620 epulabantur

380 2637 412 2694 ot
432 2629 466 2692 in
488 2626 726 2691 coniuratorum
749 2627 958 2710 gratulatione
979 2630 1202 2703 versabantur,
1225 2650 1298 2692 eum
1319 2630 1400 2694 alter
1420 2649 1455 2692 se
1478 2629 1631 2693 Catilinae
1653 2631 1708 2693 de-

379 2723 483 2798 licias,
510 2721 589 2784 alter
619 2721 751 2803 Cethegi
779 2722 1006 2785 consobrinum
1034 2722 1133 2786 fuisse
1167 2724 1295 2787 diceret.
1338 2721 1391 2786 63.
1423 2724 1512 2813 Hanc
1540 2743 1601 2806 ego
1628 2725 1707 2799 vim,

378 2812 562 2902 pontifices,
583 2814 645 2892 boc
667 2815 789 2890 scelus,
818 2814 902 2878 bunc
923 2815 1156 2903 iuroremmeo
1178 2837 1311 2900 corpore
1333 2819 1481 2902 opposito
1502 2818 1542 2882 ab
1563 2819 1707 2882 omnium

377 2913 533 2976 bonorum
560 2908 736 2974 cervicibus
764 2907 874 2991 depuli
904 2927 1096 2993 omnemque
1127 2912 1277 2995 impetum
1306 2911 1548 2988 discordiarum,
1578 2933 1705 2977 omnem

339 3007 432 3070 ssdtu
460 3003 624 3068 collectam
652 3003 716 3066 vim
745 3003 977 3086 improborum,
1010 3024 1093 3087 quae
1115 3007 1288 3069 inveterata
1308 3023 1490 3090 compresso
1512 3007 1587 3072 odio
1609 3016 1705 3092 atque

376 3102 469 3164 tacito
495 3100 557 3162 iam
586 3096 772 3180 erumpebat
798 3107 914 3161 nancta
945 3107 1009 3163 tam
1030 3098 1168 3162 audaces
1190 3100 1305 3176 duces,
1333 3101 1446 3182 excepi
1469 3121 1540 3164 meo
1562 3123 1704 3184 corpore.

375 3195 413 3257 ln
441 3213 492 3257 me
518 3211 583 3256 uno
613 3190 795 3255 consulares
822 3191 906 3256 laces
934 3193 1036 3258 iactae
1058 3195 1203 3258 manibus
1225 3195 1419 3271 tribuniciis,
1446 3195 1480 3258 in
1508 3215 1560 3260 me
1588 3197 1703 3270 omnia,

376 3308 459 3373 quae
488 3305 548 3369 epo
576 3286 737 3370 quondam
767 3286 976 3363 rettuderam,
1005 3289 1234 3352 coniurationis
1256 3288 1377 3353 nefaria
1398 3289 1463 3352 tela
1482 3289 1703 3354 adhaeserunt

376 3380 470 3458 Quod
493 3380 534 3454 si,
557 3387 594 3443 ut
614 3379 721 3442 multis
746 3377 926 3444 fortissimis
947 3382 1024 3446 viris
1046 3382 1182 3465 placuit,
1212 3383 1244 3446 vi
1265 3391 1299 3446 et
1319 3385 1413 3446 armis
1435 3391 1544 3448 contra
1564 3385 1628 3449 rim
1649 3386 1704 3448 dc·

337 3485 494 3540 ascertare
523 3472 713 3548 voluissem,
743 3481 799 3536 aut
826 3473 975 3538 uicissem
1003 3497 1074 3539 cum
1103 3494 1216 3559 magna
1243 3478 1458 3541 internecione
1479 3478 1703 3563 improborum,

375 3571 431 3636 sed
453 3578 559 3634 mmen
582 3568 715 3642 civium,
738 3575 793 3630 aut
814 3569 989 3633 interfectis
1003 3570 1097 3633 bonis
1111 3571 1267 3644 omuibus,
1290 3572 1377 3654 quod
1393 3571 1457 3635 illis
1473 3574 1704 3656 optatissimum

373 3667 504 3739 luisset,
527 3683 591 3728 una
612 3684 684 3728 cum
706 3663 890 3745 republica
912 3663 1132 3727 concidissem.
1176 3660 1226 3727 ot.
1249 3664 1403 3728 Videbam
1417 3666 1490 3728 rivo
1514 3673 1624 3730 senatu
1646 3685 1704 3749 po·

373 3760 515 3846 puloque
543 3759 685 3821 Romano
715 3756 849 3821 celerem
880 3759 956 3821 mibi
979 3778 1103 3822 summa
1124 3777 1197 3822 cum
1219 3758 1373 3841 dignitate
1394 3759 1545 3833 reditum,
1574 3779 1632 3822 noc
1653 3760 1704 3822 in·

373 3853 554 3936 telligebam
574 3849 642 3915 lieri
665 3851 783 3915 diutius
804 3870 916 3934 posse,
939 3859 976 3915 ut
997 3852 1075 3915 mibi
1098 3873 1164 3916 non
1185 3852 1295 3917 liceret
1308 3872 1378 3917 esse
1399 3854 1486 3917 inea
1506 3872 1542 3916 re
1563 3852 1701 3936 publiea,

335 3961 469 4034 aequam
488 3948 559 4030 ipse
582 3966 767 4011 servassem.
802 3946 897 4021 Quod
920 3945 948 4008 si
969 3965 1036 4008 non
1057 3944 1182 4022 liceret,
1203 3945 1367 4010 audieram
1388 3954 1421 4009 et
1440 3946 1578 4030 legeram
1593 3947 1701 4012 claris·

438 4155 462 4204 t.
481 4153 587 4204 boetiam
603 4152 652 4203 PG
671 4177 698 4186 -
717 4148 878 4212 barbariem,
896 4149 973 4200 etiem
988 4149 1054 4200 boso
1070 4147 1262 4214 Naegelsbach.
1276 4176 1303 4186 -
1322 4151 1347 4200 a.
1365 4149 1484 4202 cottttme
1498 4152 1587 4202 menda
1601 4153 1657 4204 Gll
1669 4178 1695 4191 -

372 4231 396 4281 o.
414 4241 459 4280 aee
473 4227 642 4280 eoomasotam
657 4226 764 4276 bostiam
778 4225 820 4275 sset
835 4225 946 4276 amatam
958 4227 978 4274 G
992 4251 1019 4260 -
1039 4227 1063 4276 7.
1081 4227 1194 4288 qnam
1210 4226 1265 4278 (lbi
1276 4251 1304 4261 -
1321 4226 1698 4289 insumpseramus:

369 4303 559 4364 incestuosoque
579 4299 669 4365 (elteri
690 4298 810 4363 syllabae
832 4299 1020 4364 superscriptis
1041 4299 1133 4350 litteris
1149 4300 1169 4349 tt
1185 4312 1201 4349 a
1218 4298 1301 4351 multo
1317 4301 1467 4352 recentiore
1484 4301 1532 4366 m.)
1548 4305 1583 4362 Ρ;
1604 4302 1700 4352 matt·

369 4390 479 4440 osanqtse
494 4376 579 4428 olto
597 4402 624 4411 -
643 4375 669 4427 8.
687 4375 797 4425 adducta
813 4375 840 4424 td
856 4375 912 4424 odio
928 4375 1012 4426 PGll
1032 4401 1060 4411 -
1080 4374 1224 4426 wseiodm
1239 4376 1384 4426 Manutius:
1402 4376 1518 4438 accipere
1533 4378 1568 4437 Ca
1585 4377 1702 4428 emetdera

371 4463 433 4504 oum
450 4451 493 4502 ed.
511 4448 604 4501 Aldina
620 4451 650 4500 0.
673 4449 713 4500 ct.
731 4447 807 4500 Halm
822 4449 875 4500 Get.
887 4449 950 4499 Aca.
963 4449 987 4498 d.
1001 4448 1074 4510 bour.
1086 4449 1166 4499 saca.
1178 4449 1252 4500 taos.
1267 4452 1322 4500 lan.
1339 4464 1367 4515 p,
1380 4449 1412 4502 34
1424 4463 1484 4515 sqq.
1502 4479 1531 4490 -
1548 4453 1573 4503 9.
1590 4454 1618 4503 ta
1629 4451 1698 4517 quoa]

369 4529 468 4590 totqoos
483 4526 536 4577 ΡΜ
552 4551 586 4561 -
602 4525 642 4574 so.
660 4527 685 4575 et
702 4525 735 4574 C:
755 4537 787 4573 oc
802 4525 823 4574 0
841 4549 868 4559 -
888 4523 991 4589 autom]
1008 4522 1109 4575 litteras
1125 4524 1181 4573 ibas
1197 4524 1223 4574 in
1239 4537 1332 4576 rasura
1351 4524 1433 4576 babet
1450 4528 1510 4576 Ρ-
1528 4527 1696 4578 maere.

370 4606 504 4655 Lacunam
521 4602 557 4651 ita
574 4599 663 4665 explet
678 4598 837 4651 Lambinus:
863 4601 899 4650 etc
918 4613 963 4650 oea
977 4605 1087 4650 eccm
1102 4602 1130 4651 ta
1144 4613 1185 4650 me
1200 4601 1299 4651 enasse
1313 4607 1337 4651 et
1351 4603 1460 4652 tamone
1475 4602 1560 4652 cotos
1574 4604 1602 4654 ts
1617 4616 1700 4654 mem

369 4681 470 4730 dommo
484 4676 637 4739 profudistis.
653 4700 680 4710 -
700 4674 740 4725 ⁴3.
753 4676 948 4738 atticarumel
960 4700 987 4712 -
1008 4678 1048 4726 aa.
1066 4681 1167 4726 scamas
1181 4677 1292 4726 coarctes
1306 4676 1476 4737 uocabmstP;
1493 4683 1594 4729 mattas
1610 4694 1642 4729 .e.
1654 4692 1698 4728 aso·

368 4753 456 4805 tabaot
467 4755 500 4813 (ἢ
518 4749 859 4802 amotamoseasltouolabeat
875 4751 944 4813 ll0;
962 4756 1067 4802 meteres
1082 4749 1236 4801 admlabaot
1250 4751 1640 4818 unuusvar.teea.11p.ao;
1657 4765 1697 4803 aa·

367 4833 457 4880 amam
472 4826 582 4878 emas
596 4839 648 4877 sos
661 4825 786 4876 vocabam
801 4823 993 4888 Naegelsbach.
1013 4853 1041 4863 -
1059 4826 1100 4877 tt.
1117 4837 1217 4876 socom
1232 4823 1275 4876 1²¹:
1301 4839 1413 4878 mesmes
1429 4826 1522 4879 lectt
1534 4855 1563 4866 -
1580 4829 1621 4878 att.
1639 4841 1699 4878 cosa

368 4906 397 4966 Ρ,
415 4900 460 4954 eda
476 4907 538 4954 (l-
557 4901 838 4954 aseenctomra-
856 4899 1025 4954 detittoaP-
1042 4901 1339 4963 aa.scstur]aotorr¹-
1357 4901 1475 4968 raca]
1492 4901 1697 4967 boosNaegels-

367 4979 487 5032 boob·
505 4976 726 5041 emmed-
746 4976 787 5026 26.
800 4971 894 5026 namet
910 4975 952 5038 1³¹3
969 4978 1119 5037 aecum&
1137 4975 1165 5025 ta
1181 4978 1318 5036 comm
1335 4979 1539 5040 aeotasasobl3
1556 4982 1696 5028 aarum

366 5057 430 5107 0-
449 5052 700 5113 adamassem
719 5050 826 5100 cedema
843 5047 1054 5103 ducisP²th-
1071 5051 1113 5102 27.
1130 5052 1211 5115 fomes
1227 5053 1321 5104 Gil-
1339 5053 1381 5104 28.
1398 5055 1607 5115 adsederant&
1624 5060 1695 5105 ress-

367 5126 730 5190 mememorato
750 5126 1027 5177 —adbesmsotP-
1049 5125 1453 5193 29.sorttsatsots]{orustsP¹-
1474 5129 1695 5180 buteonem

368 5208 389 5257 Ρ
407 5233 434 5242 -
452 5203 615 5270 taprobonsm
631 5207 650 5256 Ρ
668 5229 697 5242 -
715 5203 756 5255 ³2.
773 5203 860 5269 metet
875 5206 982 5267 Legem.
1001 5204 1030 5253 9:
1048 5208 1105 5254 erat
1119 5203 1149 5254 0.
1177 5202 1266 5254 Ceteri
1283 5203 1362 5256 codd.
1380 5204 1495 5257 verbum
1511 5204 1643 5256 omitteret.
1662 5227 1690 5240 ·-

369 5276 1269 5346 esea.p.o.a.P-33.mammu-scauspstsmra
