4009 6159
403 501 486 570 ⁴⁴92
778 503 930 569 ORATIO
951 504 1031 569 PRO
1052 506 1095 571 ll.
1115 503 1333 570 MARCELLO

405 686 548 742 naturum
568 678 669 760 ipsam
691 675 869 758 expleveris
888 675 1032 739 satietate
1047 675 1191 750 vivendi,
1211 675 1287 739 satis
1307 675 1363 739 diu
1379 675 1496 740 vixisse
1511 676 1617 740 dicito.
1639 678 1757 754 Quid

406 781 455 837 est
475 772 559 835 enim
579 769 641 833 boc
662 770 766 852 ipsum
789 766 861 843 diu,
882 770 916 831 in
939 790 1003 852 quo
1026 777 1076 833 est
1090 769 1210 853 aliquid
1226 772 1423 834 extremum?
1445 769 1530 853 qnod
1544 789 1615 834 cum
1629 772 1756 845 venit,

405 868 506 931 omnis
534 864 681 947 voluptas
709 864 879 944 praeterita
906 882 963 946 pro
991 862 1092 929 nihilo
1115 871 1180 937 est,
1209 863 1283 946 qnia
1304 871 1414 948 postea
1434 863 1522 926 nulle
1543 872 1592 927 est
1610 864 1753 928 futura.

406 959 605 1042 Quamquam
626 957 687 1020 iste
708 964 784 1019 tuns
805 957 930 1020 animus
952 976 1124 1041 numquam
1146 957 1196 1020 his
1218 957 1389 1039 angustiis,
1412 977 1491 1041 quas
1509 959 1753 1022 naturanobis

383 1051 446 1120 sad
466 1051 635 1115 vivendum
657 1049 762 1123 dedit,
785 1057 951 1113 contentus
965 1050 1035 1126 fuit,
1057 1071 1182 1135 semper
1195 1050 1437 1114 immortalitatis
1453 1069 1561 1115 amore
1574 1053 1751 1136 llngravit.

405 1143 456 1210 28.
477 1147 542 1209 Nec
562 1163 638 1207 vero
659 1145 738 1208 baec
757 1151 814 1207 tua
833 1144 898 1207 vita
918 1143 1062 1208 ducenda
1084 1154 1146 1218 est,
1176 1163 1258 1228 quae
1287 1162 1420 1226 corpore
1442 1152 1475 1207 et
1495 1145 1605 1227 spiritu
1627 1147 1754 1210 comti-

252 1241 275 1337 ψ
404 1247 512 1303 netur:
541 1238 612 1324 illa,
634 1240 780 1321 inquam,
802 1237 856 1310 ille
877 1238 942 1301 rita
962 1246 1011 1301 est
1032 1246 1095 1313 tua,
1119 1257 1199 1322 quae
1220 1237 1338 1318 vigebit
1360 1237 1509 1300 memoria
1530 1239 1750 1303 saeculorum

405 1335 565 1408 omnium,
599 1352 695 1416 quam
723 1332 888 1414 posteritas
914 1332 994 1406 alet,
1021 1352 1117 1414 quam
1143 1333 1212 1414 ipse
1242 1332 1410 1394 aeternitas
1433 1351 1558 1415 semper
1579 1334 1750 1397 tuebitur.

405 1428 487 1491 Huic
508 1435 542 1490 tu
564 1426 734 1500 inservias,
764 1426 839 1490 huic
860 1434 891 1488 te
914 1433 1055 1490 ostentes
1078 1433 1218 1507 oportet,
1241 1444 1323 1508 quae
1344 1424 1472 1507 quidem
1495 1445 1578 1509 qnae
1598 1428 1751 1491 miretur

370 1525 468 1589 roiam
490 1522 612 1605 pridem
633 1519 733 1583 multa
752 1521 863 1594 babet,
892 1521 1092 1585 nuncetiam
1117 1538 1199 1603 quae
1222 1517 1330 1581 landet
1357 1526 1527 1601 exspectat.
1570 1520 1749 1604 Obstupe-

407 1624 496 1680 scent
516 1614 633 1698 posteri
656 1621 740 1676 certe
761 1614 910 1696 imperia,
932 1615 1125 1696 provincias,
1147 1613 1306 1687 Rhenum,
1329 1612 1505 1689 Oceanum,
1529 1615 1647 1690 Nilum,
1669 1635 1746 1698 pu·

407 1728 484 1794 guas
505 1707 762 1782 innumerabiles,
784 1708 986 1771 incredibiles
1003 1708 1159 1782 victorias,
1182 1707 1383 1782 monimenta,
1397 1727 1538 1783 munera,
1552 1708 1745 1792 triumphos

407 1802 572 1869 audientes
594 1808 626 1865 et
645 1801 787 1884 legentes
810 1809 891 1865 tuos.
933 1799 986 1865 29.
1010 1799 1071 1864 Sed
1093 1803 1154 1865 nisi
1176 1801 1255 1864 baec
1269 1799 1343 1863 urbs
1358 1801 1496 1865 stabilita
1510 1802 1572 1866 tuis
1588 1804 1741 1867 consiliis

407 1903 440 1960 et
460 1893 615 1958 institutis
636 1895 711 1969 erit,
733 1881 897 1977 vagabitur
919 1895 1013 1959 modo
1035 1904 1124 1959 tuum
1146 1913 1261 1957 nomen
1283 1893 1377 1975 longe
1400 1901 1495 1976 atque
1516 1896 1595 1972 late,
1618 1896 1740 1962 sedem

371 1987 550 2080 restibilem
580 1993 612 2050 et
642 1989 836 2052 domicilium
864 1999 983 2053 certum
1007 2009 1072 2052 non
1094 1987 1230 2051 babebit.
1269 1989 1339 2050 Erit
1363 1988 1519 2052 intereos
1547 1992 1641 2056 etiarn
1670 1995 1737 2078 qui

407 2089 590 2155 nascentur,
618 2083 701 2145 siout
729 2085 890 2146 internos
911 2082 989 2157 luit,
1019 2101 1130 2163 magna
1152 2079 1325 2155 dissensio,
1353 2101 1423 2144 eum
1444 2081 1498 2145 alii
1520 2084 1665 2150 laudibus
1687 2088 1738 2150 nd

407 2177 529 2240 caelum
556 2195 607 2239 res
634 2185 706 2239 tuas
731 2185 835 2258 gestas
865 2179 1013 2252 efferent,
1042 2175 1096 2240 alii
1128 2174 1261 2238 sortasse
1289 2174 1410 2258 aliquid
1438 2177 1600 2259 requirent
1629 2179 1737 2264 idque

407 2270 459 2334 vel
481 2271 666 2344 maximum,
695 2271 759 2334 nisi
780 2270 855 2334 belli
877 2271 980 2334 civilis
1001 2266 1180 2334 incendium
1203 2269 1303 2333 salute
1325 2269 1445 2351 patriae
1466 2273 1663 2348 restinxeris,
1694 2283 1739 2336 ut

407 2364 487 2428 illud
508 2362 566 2426 isti
587 2362 685 2427 fnisse
707 2363 868 2438 videatur,
897 2365 957 2428 boo
979 2363 1116 2427 consilii.
1157 2363 1245 2425 Servi
1266 2364 1363 2444 igitur
1383 2364 1422 2426 iis
1444 2365 1540 2428 etiam
1561 2366 1735 2442 iudicibus,

321 2525 334 2554 ἡ
372 2461 464 2541 coqui
484 2457 590 2521 multis
612 2466 685 2541 post
706 2459 841 2522 saeculis
856 2459 896 2522 de
918 2468 949 2521 te
972 2457 1156 2521 iudicabunt
1171 2457 1346 2538 etquidem
1367 2456 1453 2520 hand
1476 2459 1540 2523 scio
1562 2479 1603 2522 an
1625 2461 1735 2523 incor-

407 2552 532 2634 ruptius
554 2572 648 2636 quam
669 2573 748 2629 nos3
775 2572 847 2616 nam
870 2561 903 2616 et
923 2553 992 2615 sine
1014 2571 1119 2615 amore
1142 2560 1173 2614 et
1194 2553 1263 2616 sine
1284 2551 1455 2635 eupiditate
1477 2560 1509 2616 et
1530 2573 1638 2616 rursus
1659 2555 1734 2617 sine

408 2647 485 2709 odio·
511 2654 542 2709 et
563 2647 632 2710 sine
654 2649 773 2711 invidia
793 2648 988 2711 iudicabunt.
1032 2643 1082 2707 30.
1105 2646 1139 2708 ld
1163 2655 1267 2708 entem
1290 2647 1383 2709 etiam
1410 2649 1435 2710 si
1467 2654 1530 2709 tum
1554 2647 1594 2710 ad
1615 2655 1663 2721 te,
1691 2656 1733 2711 ut

408 2743 537 2826 quidam
558 2742 638 2806 falso
659 2749 786 2827 putent,
819 2763 884 2806 non
905 2741 1089 2826 pertinebit,
1111 2760 1194 2802 nune
1216 2748 1299 2804 certe
1321 2742 1458 2823 pertinet
1479 2761 1548 2804 esse
1569 2749 1601 2804 te
1623 2740 1730 2817 talem,

407 2846 444 2902 ut
463 2845 534 2902 tuas
555 2837 665 2901 laudes
688 2838 890 2900 obscuratura
910 2837 999 2900 nulla
1020 2855 1169 2917 umquem
1191 2836 1231 2898 sit
1253 2835 1379 2898 oblivio.

372 2951 422 2999 ao.
493 2931 533 2992 lb
554 2931 704 2995 Diversae
718 2931 897 2994 voluntates
919 2930 1034 2993 civium
1055 2929 1184 2993 inerunt
1202 2929 1433 3013 distractaeque
1448 2931 1639 2994 sententiae:
1661 2950 1728 2993 non

408 3026 491 3088 enim
522 3025 663 3088 consiliis
691 3025 792 3088 solnm
821 3033 853 3086 et
879 3024 1009 3099 studiis,
1039 3023 1094 3087 sed
1122 3025 1216 3087 armis
1242 3025 1335 3087 etiam
1362 3033 1393 3087 et
1418 3025 1526 3088 castris
1552 3025 1728 3087 dissideba-

242 3126 323 3224 νζ]
407 3139 497 3195 mns;
513 3119 598 3207 (erat
632 3119 717 3182 enim
747 3118 918 3182 obscuritas
946 3119 1118 3203 quaedem,
1147 3125 1214 3181 erat
1242 3106 1509 3202 certamenjinter
1537 3118 1727 3182 clarissimos

273 3224 299 3242 ¹*
408 3212 521 3291 ducem
543 3213 635 3276 multi
657 3213 841 3276 dubitabant
861 3214 938 3297 quid
960 3215 1111 3297 optimum
1136 3205 1234 3286 esset,
1256 3213 1347 3276 multi
1369 3212 1447 3296 quid
1471 3213 1529 3276 sibi
1552 3211 1728 3294 expediret,

407 3308 498 3372 multi
520 3307 597 3390 quid
620 3308 756 3381 deceret,
777 3327 843 3370 non
865 3308 944 3370 nulli
966 3309 1060 3371 etiem
1080 3309 1155 3389 quid
1179 3307 1295 3372 liceret.
1338 3304 1389 3369 3l.
1411 3307 1575 3371 Perfuncta
1597 3327 1647 3369 res
1669 3329 1729 3390 pn-

371 3402 490 3471 eoblica
511 3409 560 3465 est
585 3401 646 3464 boc
668 3402 782 3464 misero
810 3401 961 3485 fatalique
989 3402 1090 3464 bello:
1121 3403 1194 3464 vicit
1221 3405 1263 3475 is,
1296 3403 1350 3486 qui
1373 3421 1437 3464 non
1458 3401 1585 3463 fortuna
1606 3401 1730 3462 inllam-

407 3504 508 3561 maret
535 3495 642 3558 odium
676 3515 785 3568 suum,
815 3496 872 3558 sed
900 3497 1040 3559 bonitate
1071 3496 1198 3570 leniret,
1232 3516 1336 3580 neque
1369 3515 1494 3570 omnes,
1524 3494 1638 3578 quibus
1666 3495 1730 3557 ira-

408 3598 459 3654 tus
488 3596 587 3662 esset,
617 3588 746 3652 eosdem
773 3589 886 3652 exsilio
916 3597 971 3652 aut
998 3597 1098 3652 morte
1131 3589 1244 3672 dignos
1273 3591 1434 3653 iudicaret.
1480 3591 1573 3652 Arma
1597 3588 1636 3651 eb
1658 3587 1729 3652 aliis

408 3684 527 3766 posita,
554 3681 593 3744 eb
623 3684 694 3747 eliis
717 3693 825 3766 erepta
846 3692 930 3746 sunt.
973 3685 1116 3766 Ingratus
1139 3692 1187 3746 est
1207 3684 1406 3766 iniustusque
1429 3685 1520 3757 civis,
1552 3685 1604 3767 qui
1625 3702 1729 3746 armo-

408 3798 476 3842 rum
508 3777 650 3863 periculo
678 3778 827 3841 liberatus
858 3780 998 3840 animum
1026 3785 1130 3841 tamen
1158 3780 1271 3842 retinet
1297 3787 1466 3854 armatum,
1495 3785 1531 3842 ut
1558 3778 1651 3856 etiam
1672 3777 1728 3840 ille

474 4158 498 4206 t.
516 4154 576 4217 ooid
586 4179 624 4192 -·
634 4158 773 4204 ectrcmocm
789 4152 866 4203 nliert
881 4154 988 4203 Servius
1006 4152 1040 4204 ad
1056 4152 1152 4216 Vergil.
1167 4154 1282 4213 Aemll,
1295 4152 1352 4202 467.
1368 4179 1394 4188 -
1413 4154 1438 4202 2.
1457 4158 1491 4202 eet
1505 4153 1571 4202 mim
1588 4155 1605 4202 S
1622 4153 1649 4202 et
1664 4155 1726 4204 Ser-

407 4232 481 4283 vius:
498 4231 564 4282 mim
580 4234 615 4280 ec
631 4229 691 4280 C-
709 4229 755 4279 boc
769 4231 852 4291 {pamm
867 4231 884 4278 S
901 4230 929 4278 et
939 4229 1058 4279 Servlns:
1078 4231 1177 4278 omotoo
1193 4229 1274 4290 ipsum
1290 4229 1354 4287 FM;
1373 4229 1471 4277 omnino
1487 4229 1532 4279 boo
1546 4231 1628 4292 ipmm
1644 4231 1724 4280 GEO.

408 4307 448 4358 Cl.
465 4305 633 4368 Wesenberg
649 4303 683 4354 ad
700 4318 739 4355 or.
757 4318 783 4369 p.
802 4305 887 4354 Sestio
908 4317 934 4368 p.
954 4305 985 4353 lo
1002 4317 1028 4354 n.
1048 4329 1075 4340 -
1094 4305 1188 4354 venerit
1204 4305 1229 4354 bl
1250 4330 1275 4340 -
1302 4303 1326 4352 3.
1345 4307 1380 4352 est
1405 4306 1465 4367 post
1485 4304 1560 4353 ottilo
1583 4317 1635 4355 om.
1655 4305 1679 4355 bl
1697 4331 1724 4340 -

403 4387 491 4446 posteo
507 4393 560 4432 orn.
579 4383 600 4432 G
617 4407 645 4416 -
664 4385 700 4430 est
713 4381 803 4443 [rouro
820 4379 856 4430 C:
878 4381 967 4441 [πιανῶ
983 4385 1017 4428 est
1034 4379 1054 4429 0
1073 4405 1099 4415 -
1118 4381 1142 4429 5.
1161 4391 1257 4440 seraper·
1275 4380 1308 4428 G:
1331 4391 1473 4440 semperque
1490 4380 1510 4429 0
1528 4405 1555 4415 -
1574 4381 1598 4431 6.
1617 4381 1729 4432 nocendo

407 4449 478 4508 613¹:
497 4457 601 4506 dicendo
616 4453 735 4505 E²Fll0
749 4481 776 4492 -
795 4455 820 4505 8.
838 4456 894 4517 ipso
911 4467 965 4503 om.
979 4456 1038 4504 F-
1055 4455 1095 4504 lt.
1109 4457 1208 4517 cepetot
1225 4454 1281 4502 F-
1301 4453 1468 4515 obstupescunt
1485 4455 1542 4503 F-
1562 4456 1602 4506 42.
1620 4459 1730 4508 incredi-

405 4531 511 4594 bilemuo
527 4532 617 4582 Fll-
636 4530 787 4580 mmmmm
804 4529 864 4580 GF:
882 4533 1041 4578 monomenta
1057 4529 1110 4579 ΕΜ
1128 4557 1154 4565 -
1173 4542 1280 4579 munero
1297 4529 1385 4579 GEll:
1405 4530 1603 4581 icoomcrol-
1622 4533 1661 4583 lt.
1675 4539 1730 4583 loos

404 4607 537 4670 leocotcsF
551 4631 579 4642 -
598 4605 638 4656 ll.
655 4604 732 4668 morit
748 4605 767 4654 F
781 4630 808 4642 ··
825 4604 907 4668 modo]
919 4609 1045 4653 mortuom
1057 4604 1088 4662 1²3
1108 4616 1161 4653 om.
1175 4603 1233 4654 cod.
1248 4602 1340 4654 Solisb.
1357 4631 1384 4641 -
1402 4609 1473 4654 loom
1488 4619 1577 4656 nomm
1593 4609 1663 4658 Gll:
1681 4623 1730 4658 no-

405 4687 548 4733 mmtuom
563 4681 639 4731 Ero
658 4705 684 4716 -
703 4681 783 4730 mern
800 4681 865 4730 GE:
889 4681 969 4730 sedan
985 4683 1069 4729 aecem
1086 4680 1118 4738 F;
1137 4681 1216 4730 oedem
1233 4681 1331 4742 quidem
1348 4681 1402 4730 llo
1422 4707 1448 4716 -
1469 4680 1507 4730 46.
1526 4681 1573 4730 olii
1588 4684 1679 4733 omll
1695 4711 1729 4721 -

406 4757 446 4806 li.
459 4757 586 4817 requirent
601 4755 647 4805 olii
661 4755 795 4819 sortoues
810 4781 835 4790 -
854 4755 936 4819 idone]
954 4756 1058 4816 idqood
1074 4757 1098 4806 ll
1112 4781 1138 4791 -
1159 4756 1198 4806 48.
1211 4756 1371 4806 rmmoeerts
1386 4757 1436 4806 Fri
1454 4755 1510 4818 (sed
1527 4755 1552 4805 ln
1565 4757 1582 4806 l'
1593 4769 1727 4820 superscr.

404 4831 558 4891 condonetis)
571 4855 598 4865 —
617 4830 658 4881 49.
676 4831 714 4880 bis
730 4832 784 4882 Gll
800 4855 828 4866 -
847 4832 986 4881 otiomom.
999 4831 1016 4880 F
1030 4858 1057 4867 -
1076 4831 1117 4880 20.
1136 4837 1159 4881 ot
1175 4833 1272 4893 omnem
1289 4832 1353 4882 GE:
1373 4832 1485 4892 equidem
1502 4832 1593 4883 ru·-
1611 4833 1728 4884 modico

407 4932 435 4943 -
452 4904 570 4955 boutGE
584 4929 610 4942 —-
628 4904 670 4955 il.
687 4917 750 4954 omo
764 4905 841 4954 etiem
855 4907 907 4955 otoo
924 4920 1010 4957 amore
1026 4908 1078 4957 aloe
1093 4907 1227 4969 cupiditate
1243 4909 1260 4958 F
1275 4933 1302 4944 -
1321 4909 1362 4958 22.
1381 4912 1433 4958 tum
1450 4907 1512 4958 GE:
1532 4912 1590 4956 tono
1607 4907 1725 4957 1*Μο-

405 4981 447 5033 sl.
465 4980 550 5030 lorsdcs
566 4983 623 5028 tuos
639 4980 691 5030 ill
709 5005 736 5015 —
754 4980 796 5029 26.
814 4981 891 5030 ctiam
907 4994 959 5032 orn.
978 4983 996 5032 F
1016 5010 1042 5018 -
1062 4986 1084 5031 ct
1101 4995 1154 5031 om.
1173 4981 1198 5033 ld
1216 5007 1242 5017 -
1269 4981 1310 5031 27.
1328 4983 1393 5032 mim
1416 4983 1481 5033 GE:
1500 4986 1584 5032 ouum
1600 4983 1680 5032 FMO
1698 5009 1725 5018 -

405 5057 447 5108 29.
460 5057 520 5117 creo
535 5055 630 5105 deceret
645 5055 682 5105 E:
702 5055 959 5117 microcosmos,
978 5057 1038 5117 quid
1054 5057 1143 5106 diceret
1160 5057 1241 5116 G¹ll;
1260 5057 1320 5118 quid
1337 5057 1444 5107 dicmmt
1460 5057 1517 5106 G²l²
1534 5083 1563 5093 -
1582 5057 1657 5107 etiam
1673 5069 1726 5106 om.

406 5132 459 5183 Fll
477 5157 505 5168 -
527 5129 697 5193 poblicoom.
715 5129 768 5180 Fbl
786 5129 1056 5193 -3t.m‹1ocFll:
1081 5143 1125 5180 aec
1146 5131 1189 5193 qoi
1210 5133 1259 5182 GE
1279 5157 1312 5168 -
1337 5133 1377 5184 32.
1396 5133 1490 5184 cosdem
1507 5131 1606 5183 GFll:
1633 5132 1728 5182 eosdem

407 5206 547 5260 ctiomllo
567 5232 593 5242 -
614 5202 654 5257 el.
673 5204 764 5271 imam]
781 5207 960 5259 momor-
978 5204 1060 5274 ctiom]
1078 5207 1130 5256 tom
1146 5207 1205 5264 Fit.
