4009 6159
425 553 509 633 tttti
771 553 923 622 onusto
943 558 1024 624 PRO
1046 562 1082 626 Τ.
1103 559 1226 626 ANNIO
1248 559 1404 626 MILONE

506 725 531 789 l.
553 721 585 790 l.
607 725 674 790 Etsi
695 746 823 803 vercor,
853 727 992 804 iudices,
1020 750 1060 794 ne
1089 735 1180 814 turpe
1203 727 1245 793 sit
1273 748 1330 812 pro
1352 727 1525 794 fortissimo
1547 730 1617 794 viro
1638 729 1746 795 dicere

422 820 626 903 incipientem
646 819 758 884 timere
779 822 971 904 minimeque
992 823 1115 898 deceat,
1137 844 1209 887 cum
1230 824 1265 885 T.
1287 823 1410 886 Annius
1432 823 1500 908 ipse
1523 825 1622 908 magis
1637 823 1677 890 de
1696 825 1745 889 rei

420 913 567 998 publicae
595 912 696 978 salute
724 935 819 999 mam
845 916 884 979 de
914 937 972 982 suu
998 918 1215 1000 perturbetur,
1243 937 1294 979 me
1323 917 1362 980 ad
1392 916 1460 980 eius
1487 938 1614 982 causam
1635 939 1743 1002 parem

420 1007 517 1072 animi
547 1006 795 1092 magnitudinem
823 1011 937 1074 atlerre
965 1031 1029 1076 non
1059 1030 1171 1094 posse,
1201 1019 1307 1074 tamen
1333 1009 1411 1074 baec
1433 1013 1507 1076 novi
1530 1010 1639 1076 indicii
1662 1034 1746 1076 nova

319 1187 324 1194 ι
396 1101 520 1170 siorma
540 1109 637 1167 terret
661 1103 786 1178 oculos,
809 1105 883 1188 qni,
906 1124 1107 1189 quocumque
1128 1104 1324 1178 inciderunt,
1346 1105 1608 1192 consuetudinem
1631 1106 1691 1170 fori
1705 1091 1745 1170 'et

419 1196 589 1281 pristinum
609 1215 729 1260 morem
756 1197 944 1261 iudiciorum
967 1200 1141 1282 requirunt.
1185 1195 1217 1261 2.
1237 1199 1307 1260 Non
1329 1193 1554 1264 enim'eoronu
1575 1221 1744 1265 consessus

418 1297 524 1354 vester
544 1291 666 1354 cinctus
689 1297 751 1365 est,
772 1298 810 1354 ut
830 1291 970 1369 solebat;
992 1312 1058 1356 non
1079 1293 1194 1357 usitata
1214 1290 1394 1374 frequentia
1408 1292 1514 1375 stipati
1531 1313 1656 1370 sumus:
1679 1315 1743 1358 non

419 1384 475 1448 illa
495 1384 669 1468 praesidia,
692 1405 773 1469 quae
795 1407 853 1468 pro
874 1386 1000 1469 templis
1016 1385 1161 1449 omuibus
1183 1385 1329 1459 cernitis,
1352 1387 1410 1449 etsi
1432 1393 1540 1449 contra
1560 1387 1623 1450 vim
1647 1387 1745 1451 collo·

421 1486 490 1542 cata
512 1487 602 1554 suut,
627 1499 692 1542 non
714 1481 850 1543 afferunt
870 1490 976 1544 tamen
998 1480 1115 1542 oratori
1136 1476 1273 1563 aliquid,
1300 1485 1336 1540 ut
1356 1479 1388 1542 in
1409 1479 1478 1542 foro
1501 1487 1533 1542 et
1558 1479 1591 1543 in
1614 1481 1745 1557 iudicio,

382 1592 614 1658 taquamquam
641 1572 808 1656 praesidiis
831 1574 1021 1638 salutaribus
1044 1580 1075 1637 et
1095 1573 1283 1638 necessariis
1305 1576 1408 1657 saepti
1430 1595 1553 1651 sumus,
1576 1584 1682 1640 tamen
1703 1597 1745 1639 ne

420 1688 486 1732 non
508 1668 619 1730 timere
642 1667 769 1751 quidem
797 1668 867 1731 siue
888 1669 997 1752 aliquo
1021 1669 1131 1730 timore
1153 1667 1320 1750 possimus.
1355 1669 1445 1744 Quae
1467 1669 1495 1731 si
1518 1671 1664 1753 opposita
1685 1669 1745 1732 bli-

420 1761 487 1825 loni
509 1768 669 1843 putarem,
692 1758 836 1826 cederem
858 1763 1010 1846 tempori,
1031 1759 1168 1836 iudices,
1190 1781 1249 1824 nec
1270 1763 1354 1826 inter
1374 1771 1492 1826 tantam
1507 1763 1570 1825 vim
1584 1783 1745 1827 armorum

420 1854 633 1919 existimarem
655 1874 725 1918 esse
747 1856 863 1918 oratori
884 1854 1000 1918 locum.
1041 1854 1104 1918 Sed
1126 1875 1176 1918 ma
1197 1864 1319 1920 recreat
1340 1864 1372 1920 et
1392 1853 1493 1919 reficit
1513 1857 1568 1920 Cn.
1590 1856 1744 1940 Pompeii,

485 2162 621 2212 lsscnnrro
638 2173 775 2211 emmonis.
802 2161 891 2224 incipit
902 2175 953 2225 pro
969 2162 1061 2214 lliione
1076 2163 1133 2214 TE.
1153 2163 1227 2214 initio
1244 2162 1370 2214 cretionis
1386 2161 1480 2214 iisdem
1498 2161 1553 2214 iere
1570 2161 1675 2226 litteris,
1694 2165 1743 2215 sed

419 2235 498 2303 paulo
516 2235 671 2298 minoribus,
690 2235 789 2287 codicis
805 2237 826 2286 E
844 2237 954 2300 margini
970 2237 1133 2301 adscriptum
1151 2240 1193 2289 est
1209 2239 1260 2289 boc
1277 2239 1477 2302 argumentum:
1495 2239 1521 2288 Ρ.
1534 2238 1628 2289 clodius
1643 2245 1744 2290 metor

419 2313 547 2364 seditiosus
562 2317 625 2363 erut.
638 2316 661 2362 et
676 2311 808 2362 &cummis
817 2311 935 2362 moribus
954 2312 978 2362 ls
992 2312 1077 2362 mediis
1092 2313 1201 2362 issiusins
1215 2313 1281 2376 secu.
1294 2318 1318 2363 et
1333 2313 1410 2363 cedes.
1423 2317 1446 2363 et
1461 2313 1576 2362 incendia
1585 2318 1609 2362 et
1619 2313 1744 2375 impleris-

420 2400 468 2449 pue
482 2387 586 2436 mutuis
603 2386 734 2449 (imitatus)
751 2387 891 2438 rotimum.
909 2392 1027 2437 emerunt
1042 2386 1147 2438 lubebat
1162 2389 1257 2437 cirum
1267 2400 1293 2437 se
1303 2387 1397 2437 muimn
1404 2387 1568 2450 perditorum.
1587 2387 1651 2438 Erat
1660 2395 1744 2438 omem

420 2461 535 2513 inirnicus
548 2461 643 2512 mitani.
660 2457 685 2510 ri.
704 2474 726 2512 c.
743 2465 769 2512 et
784 2459 843 2513 bene
858 2462 946 2512 merto
962 2463 993 2512 de
1008 2475 1045 2512 re.
1056 2476 1083 2526 p.
1096 2463 1201 2526 ltepente
1216 2462 1295 2525 ipttur
1310 2462 1401 2512 milone
1416 2462 1522 2512 consuls.
1536 2462 1635 2524 mutet
1651 2464 1745 2514 clodius

417 2543 575 2602 praeturum.
602 2536 668 2599 Quin
687 2536 766 2599 ipttur
785 2535 830 2586 seed
844 2537 935 2587 mttone
951 2537 1050 2587 consite
1065 2536 1164 2586 uidebat
1180 2551 1205 2587 se
1219 2538 1274 2598 sore
1286 2542 1429 2599 praetorem
1444 2536 1545 2587 clodius.
1562 2543 1672 2587 metuens
1686 2538 1744 2586 uir·

420 2617 483 2664 tutes
497 2611 604 2663 mitanis.
623 2616 646 2662 et
661 2612 738 2661 sciens
754 2611 820 2674 pund
834 2626 885 2661 non
895 2613 1103 2677 mortperuturus.
1121 2613 1163 2662 sed
1178 2624 1362 2675 compressurus
1378 2612 1408 2662 stt
1423 2612 1483 2662 mito
1499 2612 1608 2662 iniurius
1623 2627 1686 2674 quos
1700 2613 1744 2677 tn-

419 2703 474 2741 cere
488 2691 653 2751 proposuerat
667 2686 770 2736 cuatus.
791 2688 877 2736 statuit
893 2688 989 2736 insidiis
1005 2687 1208 2751 adprediendum.
1234 2687 1266 2736 lit
1288 2688 1347 2736 dum
1361 2687 1527 2750 proficiscitur
1541 2687 1602 2737 mib
1618 2688 1652 2736 nd
1668 2688 1743 2738 ὶαιιιι-

419 2767 490 2816 uium
506 2764 632 2827 oppidum.
650 2762 755 2812 collectis
770 2764 849 2812 seruis
864 2763 915 2812 seris
930 2768 953 2812 et
969 2761 1116 2812 latronibus.
1135 2763 1225 2825 incepit
1240 2763 1267 2811 in
1283 2763 1328 2811 uic
1341 2775 1464 2825 pupnure.
1482 2761 1543 2812 usto
1558 2774 1619 2811 uero
1637 2763 1741 2813 desiluit.

420 2847 443 2892 et
464 2854 497 2891 en
517 2840 618 2889 desum
640 2837 718 2888 lutere
732 2839 846 2887 recedere
858 2835 997 2901 pupncdot.
1026 2837 1125 2888 Clodius
1141 2843 1224 2887 ouum
1240 2850 1297 2886 mm
1314 2837 1416 2886 mnbset
1432 2837 1458 2884 in
1474 2837 1581 2885 atterum
1596 2842 1702 2898 partun.
1720 2843 1743 2888 et

419 2916 563 2966 contendere
583 2913 684 2964 uidisset
703 2926 787 2963 smum
805 2913 913 2963 milonis.
931 2914 991 2974 quid
1007 2913 1151 2962 contenditis
1170 2913 1265 2974 inquid.
1283 2925 1339 2961 cum
1355 2913 1408 2962 tom
1424 2912 1538 2962 dominus
1552 2915 1633 2960 ιιιιιιν
1649 2912 1744 2962 omissus

419 2990 470 3040 eit?
486 2988 559 3039 Serui
574 3000 635 3038 uero
649 2987 739 3052 tideus.
757 2988 809 3036 ruti
824 3000 916 3037 reuera
931 3000 988 3037 eum
998 2988 1099 3037 divisse.
1112 3001 1173 3038 mcc
1189 2987 1371 3049 interfecerunt.
1389 2987 1444 3036 Post
1459 2986 1520 3036 inec
1536 2985 1605 3036 istim
1617 2983 1741 3050 (cloelius)

418 3065 493 3118 clodii
513 3063 605 3114 sodalis
624 3063 728 3113 satelles
753 3075 859 3124 quorum
874 3068 898 3112 et
917 3062 981 3126 tepes
999 3067 1138 3124 praeturae
1153 3063 1342 3123 conscripserat.
1360 3074 1451 3124 corpus
1467 3061 1519 3112 eius
1535 3061 1618 3110 attuit
1633 3074 1740 3111 rmncm.

418 3147 442 3193 et
456 3141 593 3204 plurimum
608 3138 741 3188 tumultuum
757 3137 886 3206 escituuit.
904 3142 927 3187 et
942 3137 1015 3200 pietro
1030 3139 1097 3201 facto
1108 3137 1287 3188 clodiunorum.
1302 3151 1366 3201 pars
1379 3139 1465 3187 curiae
1475 3138 1575 3186 incensu
1585 3142 1628 3187 est.
1642 3141 1664 3188 et
1675 3139 1743 3187 cedes

419 3216 542 3267 αάιιιιιιαι
557 3219 622 3265 sunt.
645 3217 721 3275 utque
740 3213 842 3274 insuper
856 3225 915 3262 reru
928 3213 959 3275 tit
973 3213 1039 3262 cedis
1054 3213 1121 3262 milo.
1150 3213 1210 3262 Tum
1226 3214 1354 3274 Pompeius
1369 3213 1484 3262 dictator.
1502 3225 1593 3261 couens
1608 3211 1740 3262 inuidiam.

417 3293 511 3342 iudices
531 3291 606 3340 dedit.
626 3290 770 3352 opdmmet
787 3288 935 3350 smtissimcs
949 3289 1026 3338 omos.
1044 3289 1072 3338 in
1089 3287 1177 3350 qutbm
1193 3289 1325 3338 domicium
1338 3287 1477 3352 principem
1493 3293 1646 3349 spernentem
1661 3290 1743 3339 minus

418 3367 626 3418 &summosam
641 3369 666 3415 et
680 3369 793 3414 cmnctos
807 3363 897 3412 milites
911 3362 1008 3412 eirenen
1024 3363 1136 3414 tribunat
1151 3365 1283 3414 comannis.
1301 3355 1401 3414 usbon
1413 3363 1492 3425 quiete
1501 3375 1542 3412 res
1551 3363 1740 3414 diiudicosatur.

417 3442 559 3492 Notnuerut
573 3444 657 3491 maen
672 3445 771 3489 ιιιιιιιιιι
788 3440 847 3490 timu
863 3451 920 3487 mm
929 3438 1053 3500 Pompeio.
1072 3444 1095 3490 et
1111 3440 1257 3490 acuminati
1268 3439 1376 3488 strictius
1389 3443 1561 3502 praeceperat.
1573 3439 1645 3500 quusi
1655 3445 1742 3490 contu

417 3529 472 3567 rem
488 3515 615 3579 pubinum
634 3514 732 3565 cedibus
751 3513 909 3564 commisisset
928 3513 1050 3564 incendio.
1072 3518 1096 3564 et
1114 3514 1172 3564 otiis
1186 3514 1347 3575 somnorttsus.
1367 3515 1437 3576 (tund
1452 3513 1560 3564 clodioni
1574 3526 1623 3576 pro
1636 3514 1743 3575 praeiu-

418 3591 491 3641 dieio.
510 3595 533 3641 et
545 3603 595 3652 pro
610 3603 654 3642 ιιιο
670 3590 768 3640 numito
783 3588 953 3639 undunbnnt.
971 3590 1046 3649 quusi
1061 3589 1114 3640 mm
1130 3590 1192 3640 doto
1207 3589 1329 3640 sentencia
1345 3593 1404 3638 esset
1414 3593 1504 3638 contro
1514 3588 1637 3640 minnan.
1653 3593 1682 3638 ut
1692 3603 1743 3639 non

415 3664 494 3731 possit
509 3664 577 3714 locus
591 3676 642 3715 esse
656 3665 821 3715 sarmationi.
846 3665 894 3716 Pro
910 3677 959 3726 quc
977 3665 1022 3714 .lt.
1041 3665 1121 3715 οιόινο
1137 3664 1227 3714 dicens.
1245 3665 1357 3727 primum
1372 3664 1461 3727 refellit
1477 3663 1562 3713 omniu
1574 3663 1740 3727 praeiudicia.

418 3745 442 3791 et
458 3739 561 3790 ostendit
582 3738 726 3790 insidictssm
741 3740 858 3790 mdmen
873 3751 891 3789 n
906 3738 993 3789 clodio.
1012 3744 1035 3789 et
1051 3739 1132 3789 cedem
1147 3739 1203 3789 iure
1221 3739 1316 3802 suctum
1332 3752 1350 3789 u
1365 3740 1443 3789 seruis
1457 3739 1556 3788 mitoneis
1572 3744 1661 3788 canuc
1676 3751 1740 3788 men.

418 3815 462 3880 qest
476 3815 550 3878 prior
564 3814 668 3864 insidias
683 3816 827 3865 tetendisset
845 3814 1025 3865 Niclitominus
1041 3817 1124 3864 tomen
1140 3813 1273 3878 manifesta
1288 3815 1358 3865 cedes
1371 3813 1508 3864 uindicata.
1525 3813 1593 3864 Num
1602 3814 1630 3863 in
1639 3814 1743 3864 emittens

417 3893 507 3944 missus
521 3895 557 3942 est
570 3890 630 3940 mdc
644 3891 769 3941 munda
784 3891 902 3941 iudicione.
920 3891 949 3940 in
964 3889 1074 3939 thomeus
1088 3887 1198 3950 Sptliue.

484 3976 559 4028 t-i.
576 3974 630 4025 itui
645 3979 817 4026 oereoruut
832 3973 924 4026 mnes
940 3971 1023 4024 habet
1039 3970 1212 4033 Quintilianus
1228 3973 1275 4035 xl,
1294 3973 1318 4035 ³,
1334 3971 1447 4034 ll-w:
1466 3971 1519 4024 tint
1534 3985 1633 4035 nerem,
1651 3973 1743 4025 iudices

418 4051 491 4103 idem
507 4049 554 4110 ill,
572 4047 601 4111 i,
619 4048 667 4109 7t3
684 4049 766 4100 dicere
780 4049 937 4112 incipientem
952 4049 1039 4099 umere
1055 4048 1127 4100 idem
1143 4049 1191 4109 Di.
1210 4047 1235 4111 i,
1248 4048 1293 4108 aa:
1310 4049 1365 4099 litet
1379 4048 1580 4099 perenn-otro
1596 4048 1677 4098 dica-e
1692 4049 1742 4098 ist-

419 4127 501 4179 docns
517 4124 604 4189 θήρᾳ.
622 4124 659 4186 ll,
678 4123 722 4184 ta,
740 4124 771 4180 i:
793 4123 847 4174 litei
867 4123 1170 4185 nemra-mammem
1190 4124 1276 4174 timere
1292 4122 1435 4174 Diomedes
1451 4135 1479 4188 p.
1497 4121 1560 4184 iss,
1579 4123 1624 4183 tt:
1648 4121 1742 4186 nontin

418 4203 552 4254 Romanus
572 4199 603 4250 de
620 4199 664 4262 pp.
686 4202 747 4249 sent
770 4202 794 4248 et
813 4198 873 4248 stoc.
892 4197 907 4262 5
925 4197 970 4256 ta:
997 4198 1140 4249 ltartianus
1161 4197 1267 4263 Capella
1289 4197 1384 4263 5528:
1406 4211 1437 4248 ne
1458 4199 1742 4262 tmpe--tnciptesten

419 4273 522 4328 Grillius
542 4270 586 4325 tol.
605 4272 652 4335 38,
668 4270 697 4324 b.
716 4298 744 4309 -
767 4273 793 4323 2.
812 4285 917 4334 cumque
936 4272 988 4334 ipse
1007 4273 1066 4323 titus
1085 4272 1177 4324 annius
1199 4271 1302 4323 Grillius
1323 4270 1366 4323 iol.
1383 4271 1428 4334 id,
1447 4285 1475 4332 a;
1500 4285 1557 4322 cum
1576 4273 1635 4323 sitm
1651 4274 1743 4323 annius

418 4351 471 4413 ipse
485 4350 567 4414 mepta
578 4347 671 4410 derep.
685 4360 762 4411 pum
777 4347 808 4398 de
822 4360 870 4396 suu
885 4345 965 4397 salute
977 4347 1138 4410 perturbetu-
1153 4347 1225 4399 idem
1238 4347 1281 4398 iol.
1294 4347 1336 4410 to,
1348 4347 1376 4399 b.
1392 4375 1419 4385 -
1437 4349 1467 4398 de
1479 4361 1511 4398 .r.
1522 4361 1550 4410 p.
1566 4347 1599 4404 T:
1618 4349 1647 4399 de
1657 4349 1694 4398 rei
1706 4362 1741 4410 .p.

418 4426 440 4477 E
458 4451 487 4464 -·
504 4423 529 4475 3.
548 4422 661 4474 succro
675 4424 696 4475 T
715 4450 742 4460 -
765 4424 790 4474 o.
808 4422 1007 4472 cosuetudinem
1022 4422 1070 4473 TE
1088 4425 1114 4474 et
1131 4421 1315 4483 Quintilianus:
1338 4427 1445 4474 caerem
1459 4421 1658 4473 mmuetudim
1673 4424 1739 4474 0·-

419 4500 444 4552 6.
459 4499 595 4563 pristinum
612 4511 708 4550 moran
730 4498 880 4548 iudiciorum
901 4497 1032 4559 sequium
1049 4498 1191 4550 Diomedes
1208 4511 1234 4562 p.
1253 4497 1314 4558 idi,
1333 4498 1379 4558 263
1401 4503 1507 4549 cutmen
1523 4499 1672 4549 iudiciorum
1686 4512 1743 4549 mc-

417 4589 472 4625 rem
490 4574 623 4636 escuem
641 4573 713 4624 idem
734 4585 762 4638 p.
779 4572 840 4633 ibt.
860 4571 891 4622 tr
908 4573 936 4622 et
950 4571 1067 4623 isidorus
1083 4571 1100 4623 l.
1119 4571 1136 4623 l.
1167 4575 1239 4633 Quae
1261 4586 1275 4622 a
1298 4573 1421 4624 Putscbio
1442 4574 1562 4624 Diomedi
1584 4574 1666 4624 altaro
1683 4574 1742 4626 loco

418 4650 480 4716 post
493 4653 599 4700 netem
615 4647 748 4699 adduntur
764 4645 848 4698 verba
863 4648 1063 4698 emuuetudinem
1077 4648 1128 4710 {ori
1144 4653 1167 4698 et
1183 4648 1329 4711 pristinum,
1346 4660 1361 4697 a
1379 4647 1515 4699 codicibus
1532 4647 1638 4700 absunt.
1665 4649 1740 4700 Cont.
1816 4651 1822 4662 “

418 4725 578 4790 Madvigium
595 4724 683 4787 opusc.
701 4724 775 4774 acad.
793 4723 837 4773 ab.
856 4736 883 4786 p.
902 4721 950 4772 322
967 4735 993 4772 n.
1015 4750 1042 4760 -
1064 4737 1114 4773 non
1130 4723 1195 4773 enim
1207 4749 1244 4760 --
1254 4727 1282 4772 ut
1298 4721 1389 4773 solebat
1405 4722 1482 4772 aticrt
1497 4721 1584 4773 schol.
1604 4725 1700 4774 Lucani
1716 4725 1741 4786 1,

419 4799 476 4851 aad.
491 4825 519 4835 —-
537 4798 562 4848 7.
579 4812 630 4850 non
645 4798 690 4848 itin
707 4799 768 4848 TE:
787 4799 805 4861 †
821 4798 889 4848 Nom
903 4797 949 4846 itin
965 4798 1025 4856 80:
1043 4811 1088 4848 nec
1103 4798 1149 4848 itte
1165 4797 1327 4848 Garatonius.
1345 4797 1412 4848 Vide
1427 4796 1558 4848 Halmium
1576 4799 1602 4848 in
1614 4797 1656 4849 ed.
1671 4799 1740 4863 Lips.

419 4873 454 4939 (et
473 4873 521 4923 din
538 4873 680 4935 praedito,
707 4872 951 4935 puoe·-cottocctu
974 4877 1046 4934 sunt,
1071 4873 1117 4924 icc
1137 4875 1246 4936 arreum
1268 4877 1365 4934 mmm,
1391 4877 1419 4923 ut
1435 4873 1462 4922 in
1476 4873 1533 4936 foro
1548 4873 1644 4924 Delius
1660 4871 1740 4922 Sciat.

369 4974 371 4977 ·
418 4949 541 5011 ilppornn.
559 4947 593 4996 tv
609 4959 636 5011 p.
648 4947 696 4998 285
713 4950 764 5011 sq.)
784 4974 811 4984 -
830 4947 855 4998 a.
873 4946 994 4997 semema
1011 4946 1169 4998 Lambinus:
1187 4948 1280 4998 cottntu
1295 4949 1369 4998 TES
1383 4975 1410 4985 -
1430 4949 1454 4999 9.
1471 4949 1567 4999 oratori
1578 4946 1673 4998 Orellio
1685 4949 1743 4998 erat

419 5022 658 5087 suspectissimum.
677 5047 705 5058 -
728 5021 831 5087 otiomd]
849 5027 957 5073 terrores
973 5022 1105 5084 nttqnidE
1125 5049 1151 5060 -
1175 5024 1214 5073 to.
1232 5023 1376 5073 solitarium
1392 5023 1411 5073 T
1430 5049 1458 5059 -
1475 5037 1507 5074 ne
1522 5036 1573 5073 non
1589 5022 1675 5072 timere
1689 5021 1743 5072 sins

420 5098 505 5160 utiquo
521 5097 609 5146 timore
621 5096 743 5157 possim
758 5095 834 5146 eiiert
850 5095 970 5147 Placidus
986 5097 1137 5149 Lactantius
1153 5097 1188 5148 ad
1206 5098 1277 5148 Statii
1293 5097 1376 5149 Theb.
1395 5099 1419 5157 Ι,
1438 5097 1495 5148 379.
1515 5124 1543 5134 -
1564 5097 1604 5147 lb.
1622 5097 1742 5159 tempori·

420 5171 465 5222 trus
480 5173 512 5232 T:
536 5169 680 5222 delendum
696 5173 788 5221 censet
803 5168 956 5222 Wunderus
973 5169 1033 5221 coll.
1051 5184 1090 5222 cr.
1108 5183 1135 5236 p.
1154 5169 1257 5222 Plancio
1279 5171 1352 5236 326.
1372 5200 1399 5210 -
1423 5173 1463 5223 ts.
1481 5172 1579 5222 oratori
1595 5171 1655 5222 TS:
1678 5185 1741 5222 orn-

421 5247 518 5300 tiontE
539 5271 564 5284 -
582 5242 626 5312 pri.
639 5239 725 5310 pornpi.
743 5246 777 5307 Τς
795 5241 842 5297 Gai.
857 5245 957 5309 pompei
972 5246 1002 5297 E.
