4009 6159
440 584 503 655 820
862 585 1014 652 ORATIO
1035 584 1114 652 PRO
1136 586 1172 651 L.
1192 586 1349 654 FLACCO

441 759 511 838 dia;
533 778 659 823 socrum
679 756 818 839 denique
840 756 899 821 sibi
919 756 1053 821 habeat:
1075 758 1220 823 restituat
1240 777 1391 834 uxorem,
1412 758 1523 822 reddat
1543 758 1761 843 miseropatri

428 850 547 919 liliam.
583 852 722 917 hiembra
751 868 832 934 quae
856 850 1032 915 debilitavit
1050 851 1227 937 lapidibus,
1245 852 1399 929 tristibus,
1419 852 1518 930 ierro,
1539 873 1652 918 manua
1680 874 1761 939 quas

439 948 595 1022 contudit,
625 947 739 1028 digitos
768 964 849 1027 quoa
878 944 1047 1029 confregit,
1083 966 1196 1010 nereos
1225 956 1307 1030 q‘uos
1335 946 1474 1011 concidit
1500 947 1668 1011 restituere
1695 967 1760 1012 non

438 1049 558 1124 potest:
580 1039 688 1114 filiam,
709 1035 815 1113 liliam,
837 1039 979 1123 inquam,
993 1059 1181 1105 aerumnoso
1199 1042 1291 1124 patri,
1306 1042 1453 1115 Deciana,
1468 1040 1574 1104 redde.
1607 1039 1660 1104 7i.
1673 1041 1760 1105 Haec

414 1136 549 1200 tlilacoo
571 1154 635 1198 non
657 1133 806 1219 probasse
827 1139 859 1196 te
877 1133 1022 1197 miraria‘l
1044 1134 1111 1207 cui,
1133 1153 1269 1218 quaeso,
1291 1135 1418 1198 tandem
1432 1134 1596 1217 probasti?
1617 1136 1761 1220 Emptic-

437 1249 494 1293 nes
514 1228 626 1303 ialaas,
648 1228 849 1311 praediorum
871 1226 1118 1312 proscriptiones
1140 1249 1211 1292 cum
1231 1228 1415 1292 mulieribus
1433 1236 1542 1310 aperta
1565 1230 1761 1294 circumscri-

435 1324 545 1407 ptione
571 1322 685 1387 iecisti.
727 1324 823 1385 Tutor
851 1321 901 1385 his
933 1316 1050 1404 [rebus]
1074 1322 1264 1385 Graecorum
1289 1321 1413 1405 legibus
1434 1321 1661 1388 adscribendos
1681 1323 1758 1388 init:

435 1417 681 1481 Polemocratem
703 1415 872 1500 scripsisti,
899 1416 1150 1498 mercennarium
1172 1423 1204 1480 et
1224 1416 1443 1480 administrum
1465 1418 1669 1483 consiliorum
1689 1427 1761 1483 tuo-

435 1531 516 1578 rum.
548 1510 711 1575 Adductua
733 1517 783 1573 est
802 1510 837 1573 in
858 1509 1012 1573 iudicium
1032 1510 1262 1574 Polemocrates
1284 1510 1324 1573 de
1339 1509 1413 1574 dolo
1427 1509 1511 1574 malo
1533 1519 1566 1575 et
1586 1511 1628 1575 de
1647 1513 1760 1577 irande

398 1616 454 1668 loa
474 1606 576 1669 Dione
596 1603 690 1667 huius
711 1603 811 1688 ipsius
835 1604 950 1667 tutelae
973 1604 1111 1667 nomine.
1144 1604 1207 1681 Qui
1230 1624 1402 1669 concursus
1423 1625 1465 1667 ex
1478 1606 1760 1689 oppidis.linitimis

434 1698 592 1783 undique!
616 1698 671 1783 qui
693 1698 785 1760 dolor
805 1698 999 1761 animoruml
1024 1717 1105 1781 quae
1126 1698 1272 1781 querelal
1295 1697 1529 1762 Condemnatus
1551 1708 1599 1764 est
1615 1700 1760 1765 Polemo-

434 1801 536 1858 crates
551 1793 716 1857 sententiis
731 1793 895 1866 omnibus,
918 1791 1024 1856 irritae
1038 1791 1248 1866 venditiones,
1271 1792 1377 1854 irritae
1391 1794 1647 1877 proscriptiones.
1677 1796 1759 1858 Num

433 1888 597 1953 restituis?
629 1885 741 1951 Deiera
763 1885 803 1950 ad
825 1888 1051 1967 Pergamenos,
1078 1893 1115 1949 ut
1135 1885 1182 1948 illi
1203 1886 1381 1969 reciperent
1400 1887 1435 1950 in
1457 1907 1530 1951 suas
1554 1888 1675 1952 litteras
1699 1908 1759 1971 pu·

432 1985 531 2049 blicas
553 1984 731 2069 praeclaras
752 1982 1000 2066 proscriptiones
1024 1988 1056 2043 et
1077 1980 1254 2064 emptiones
1275 1986 1356 2044 tuas.
1391 1981 1581 2064 Repudiant,
1602 1983 1758 2047 reiiciunt.

396 2078 474 2141 isat
496 2078 552 2162 qui
572 2076 742 2141 homines‘l
763 2075 962 2158 Pergameni,
985 2072 1166 2138 laudatores
1187 2075 1243 2136 tui.
1276 2075 1323 2138 lta
1337 2075 1423 2138 enim
1438 2074 1515 2139 mihi
1529 2076 1656 2159 gloriari
1671 2077 1757 2141 visua

432 2191 468 2237 es
487 2168 672 2235 laudatione
692 2172 964 2253 Pergamenorum,
979 2168 1071 2251 quasi
1089 2168 1244 2233 honorem
1258 2169 1412 2233 maiomm
1426 2177 1555 2234 tuorum
1569 2178 1758 2236 consecutus

432 2284 534 2340 esses,
556 2271 588 2328 et
609 2263 671 2328 hoc
693 2271 724 2327 te
746 2265 941 2348 superiorem
962 2281 1034 2327 ease
1054 2262 1186 2346 putabas
1208 2282 1303 2347 quam
1318 2263 1477 2339 Laelium,
1499 2265 1586 2349 qnod
1600 2266 1757 2331 teciritas

431 2363 623 2443 Pergamena
643 2359 798 2423 laudaret.
829 2360 911 2422 Num
933 2358 1098 2421 honestior
1119 2365 1168 2421 est
1188 2357 1298 2421 civitas
1319 2359 1512 2441 Pergamena
1534 2380 1629 2444 quam
1652 2362 1758 2445 Smyr

431 2456 535 2519 naeai
568 2455 614 2517 Na
636 2452 697 2536 ipsi
722 2452 852 2537 quidem
874 2452 993 2526 dicunt.
1037 2449 1155 2512 XXXI.
1177 2447 1229 2513 75.
1245 2451 1366 2514 Vellem
1387 2460 1509 2517 tantum
1525 2453 1674 2519 haberem
1688 2454 1756 2527 otii,

393 2557 466 2614 aout
487 2568 614 2633 possem
635 2547 769 2611 recitare
782 2544 965 2630 psephisma
981 2546 1244 2629 Smyrnaeorum,
1265 2544 1351 2629 quod
1366 2544 1511 2612 iecerunt
1523 2549 1557 2611 in
1573 2548 1757 2612 Castricium

430 2650 606 2707 mortuum:
638 2642 790 2725 primum,
811 2642 901 2704 utin
923 2637 1078 2722 oppidum
1099 2636 1334 2715 introferretur,
1356 2640 1442 2727 quod
1464 2642 1536 2707 aliia
1557 2661 1623 2705 non
1644 2661 1757 2706 conoe·

431 2736 532 2812 ditur3
554 2736 685 2811 deinde,
706 2743 743 2799 ut
762 2733 882 2798 ferrent
903 2734 1039 2816 ephehi;
1061 2741 1232 2815 postremo,
1254 2743 1289 2798 ut
1302 2735 1518 2819 imponeretur
1531 2755 1627 2800 aurea
1642 2756 1757 2801 corona

430 2837 565 2895 mortuo.
600 2832 687 2895 Haec
708 2832 742 2893 P.
766 2829 924 2911 Scipioni,
947 2829 1120 2893 clarissimo
1141 2829 1224 2915 viro,
1247 2850 1318 2893 cum
1339 2838 1426 2893 esset
1444 2833 1587 2914 Pergami
1602 2838 1756 2905 mortuns,

428 2924 510 2989 iacta
532 2945 596 2990 non
618 2933 701 2988 sunt.
732 2926 774 2988 hl
796 2924 980 2988 Castricium
1002 2923 1118 3007 quibus
1132 2924 1254 2999 verbis,
1276 2924 1309 2988 di
1330 2925 1536 2989 immortales!
1561 2925 1677 2990 rdecna
1699 2945 1756 3010 pa·

391 3018 525 3093 arnae,
548 3027 766 3083 ornamentum
789 3018 900 3103 populi
920 3019 1070 3092 Romani,
1092 3019 1202 3082 liorem
1224 3019 1412 3083 iuventutiso
1436 3020 1609 3104 appellant.
1639 3019 1754 3096 Quare,

429 3114 580 3188 Deciano,
603 3114 629 3177 si
651 3112 783 3199 cupidus
807 3134 841 3176 es
865 3113 1001 3195 gloriae,
1024 3113 1087 3177 alia
1108 3119 1292 3176 ornamenta
1312 3133 1428 3177 censeo
1458 3134 1609 3197 quaeras:
1642 3116 1756 3197 Perga·

429 3207 513 3271 meni
535 3214 565 3270 te
581 3208 766 3271 deriserunt.
798 3203 850 3269 76.
866 3208 975 3283 Quiri
998 3213 1031 3269 tu
1053 3206 1121 3270 ludi
1136 3214 1168 3270 te
1182 3227 1245 3271 non
1263 3206 1484 3290 intelligebant
1506 3208 1585 3272 Cum
1597 3208 1655 3271 tibi
1674 3208 1755 3271 haec

428 3303 523 3365 uerba
538 3302 728 3377 recitabant,
752 3301 975 3365 «clarissimum
991 3301 1110 3376 vinum,
1132 3302 1402 3384 praestantissima
1415 3302 1583 3387 sapientia,
1603 3302 1755 3386 singulari

494 3574 519 3624 8.
537 3571 649 3623 cumbra
664 3572 755 3623 STA:
771 3584 832 3621 scm
847 3570 959 3621 menbra
976 3583 1038 3621 cum
1056 3570 1099 3621 ed.
1119 3571 1265 3622 Victoriana
1283 3572 1359 3623 rio
1378 3599 1405 3607 -
1424 3574 1450 3624 8.
1467 3578 1491 3623 te
1505 3588 1557 3623 soe
1570 3573 1689 3637 prosam
1703 3572 1754 3624 ai

431 3676 457 3685 —
471 3647 571 3713 quaeso]
589 3646 661 3713 queat
678 3648 760 3697 STA.
779 3644 936 3697 Emendavit
947 3646 1003 3697 Nic.
1018 3645 1150 3709 Angelius.
1165 3673 1191 3681 -
1212 3648 1236 3697 6.
1249 3646 1393 3698 mulieribus
1408 3649 1498 3699 sii:
1515 3648 1666 3699 mulierculis
1676 3648 1754 3700 AFO

430 3750 457 3759 -
470 3724 495 3774 7.
514 3728 581 3773 tutor
596 3722 740 3774 mulieribus
751 3722 905 3773 &oscorum
921 3722 1014 3787 legibus
1030 3722 1204 3772 adscribsndm
1215 3722 1355 3780 Graevius;
1374 3727 1442 3773 tator
1457 3724 1494 3774 its
1511 3723 1584 3774 rebus
1600 3725 1755 3775 &exosum

427 3796 587 3848 rambaudus
602 3798 633 3859 i;
653 3804 721 3850 tutor
736 3801 781 3861 its,
794 3801 948 3851 Graecorum
958 3797 1077 3860 moribus,
1089 3796 1248 3848 mussan
1259 3798 1277 3847 1.
1289 3797 1388 3858 (metus
1397 3800 1438 3849 est
1449 3811 1465 3848 e
1476 3797 1572 3850 stolido
1584 3797 1753 3862 glossemate,

427 3872 501 3936 qnod
518 3886 568 3937 ego
585 3872 708 3927 seclusi.»
726 3875 781 3937 Or.)
801 3900 827 3911 -
847 3875 871 3926 8.
887 3874 1071 3936 poioaoootao
1087 3874 1120 3931 Si
1142 3872 1346 3923 Ptolemoorotem
1361 3875 1380 3924 1.
1399 3898 1427 3907 -
1445 3873 1646 3925 masam
1660 3873 1751 3925 Sti:

426 3949 609 3999 marmarium
624 3950 674 4001 LO
697 3978 724 3989 -
748 3950 789 4001 48.
806 3950 954 4001 uendtioats
965 3974 1000 3986 --
1010 3950 1199 4011 proscriptione
1214 3948 1234 3997 ’1
1253 3974 1280 3983 -
1305 3948 1345 3998 48.
1364 3948 1405 4001 44.
1419 3950 1644 4013 oemtptoms
1662 3974 1691 3985 -
1711 3949 1751 3999 48.

312 4070 315 4077 ,
427 4037 488 4073 nom
504 4024 592 4075 sui:
609 4038 660 4075 coe
676 4024 763 4075 81.-
783 4022 823 4076 41.
841 4024 947 4075 reiciunt
963 4026 979 4073 S
994 4050 1021 4061 -
1042 4025 1081 4074 tt.
1100 4030 1174 4087 atquc
1189 4022 1298 4073 bouem
1314 4022 1403 4075 11.-
1423 4025 1538 4089 Pergoml
1554 4026 1615 4076 Τ-
1633 4026 1674 4077 to.
1691 4037 1753 4075 coo-

426 4103 523 4149 sacotos
532 4096 658 4151 Klotzius:
676 4104 772 4150 sectam
788 4099 877 4159 siim
896 4102 1021 4149 essemus
1036 4110 1098 4149 cum
1110 4098 1240 4163 Naugerio
1257 4099 1295 4163 (et
1308 4097 1368 4148 eod.
1381 4100 1463 4150 Oxon.
1477 4100 1505 4162 C)
1519 4100 1590 4150 FLO
1602 4126 1630 4138 -
1649 4100 1690 4151 47.
1703 4110 1754 4151 csse

424 4173 533 4238 pmobor
549 4174 632 4224 Sili:
653 4174 763 4238 putatos
778 4186 828 4224 esse
843 4174 922 4224 aio
939 4201 972 4211 -
988 4176 1029 4226 48.
1048 4175 1198 4237 mmm.
1222 4174 1259 4225 Ne
1274 4174 1445 4225 Garatonlus:
1471 4174 1591 4237 amynta?
1610 4187 1677 4225 osse
1691 4175 1709 4224 S
1725 4174 1754 4225 ct

426 4248 502 4301 multi
518 4248 561 4300 alii
577 4247 656 4300 codd.
674 4247 770 4313 (nullus
786 4247 1039 4312 habetsmoroosol3
1058 4248 1198 4311 mmor?
1213 4249 1249 4301 Ac
1262 4250 1339 4312 esA;
1357 4249 1502 4311 bromos?
1515 4250 1548 4301 At
1563 4248 1594 4302 irs
1609 4251 1642 4313 Fi
1660 4250 1752 4312 &m-

427 4323 515 4377 ooeo?
530 4325 562 4375 At
576 4337 607 4375 oe
623 4324 681 4375 LO.
706 4324 834 4385 (Smimo,
858 4325 963 4376 omissis
985 4323 1075 4375 verbis
1091 4325 1123 4375 At
1138 4338 1323 4389 ns--possem
1337 4326 1444 4376 recitare
1460 4325 1498 4387 T.)
1523 4347 1551 4363 -
1579 4326 1618 4376 48.
1637 4324 1753 4377 mim

428 4414 491 4453 noa:
512 4399 602 4451 isoes
620 4412 660 4451 nse
676 4398 766 4460 sit0;
790 4398 880 4450 bobes
900 4399 947 4449 FL
974 4427 1001 4436 -
1028 4400 1070 4452 84.
1084 4400 1209 4463 palmeam
1230 4405 1259 4451 ot
1277 4401 1305 4449 to
1320 4400 1588 4463 opptdrsu--iodioes
1603 4414 1654 4453 cras
1669 4406 1753 4453 osteo

428 4475 452 4541 (ἕ
464 4476 496 4527 83
507 4476 573 4539 init.)
585 4488 647 4527 cum
658 4476 754 4527 ceteris
771 4473 850 4527 codd.
864 4475 932 4525 notis
949 4487 1003 4526 om¹
1017 4477 1100 4527 STA.
1126 4478 1276 4527 cnonasnns
1292 4477 1463 4526 mortuoram
1479 4476 1642 4528 ,ternariam
1658 4477 1686 4528 in
1702 4476 1753 4527 ad-

427 4552 561 4603 notatione
578 4550 613 4603 ad
630 4553 776 4601 orationem
793 4562 841 4615 pro
852 4552 880 4600 i.
892 4548 985 4601 Flacco
1002 4552 1149 4619 praemissa
1164 4550 1271 4604 editioni
1282 4550 1470 4601 Cratandrinae
1481 4551 1551 4603 hanc
1562 4550 1686 4604 lacunam
1695 4564 1712 4602 a
1722 4565 1752 4605 ae

427 4623 560 4690 expletam
577 4638 638 4678 esse
649 4624 763 4677 affirmat
776 4624 818 4675 his
829 4623 934 4675 verbis:
954 4626 1057 4686 «Quum
1073 4625 1256 4691 superioribus
1272 4626 1368 4679 diebus
1385 4628 1546 4679 lhaaonraos
1561 4629 1686 4680 itamaros
1701 4628 1754 4679 Fo-

427 4713 591 4764 noiunrarsra,
610 4714 663 4751 non
680 4698 793 4762 vulgaris
806 4698 969 4762 eruditionis,
987 4700 1058 4765 apud
1075 4715 1123 4753 nos
1140 4702 1167 4752 in
1184 4702 1295 4768 prandio
1313 4702 1404 4755 luisset
1420 4706 1448 4753 et
1464 4704 1623 4755 nomismata
1638 4714 1688 4755 sna
1703 4716 1753 4754 ve-

427 4777 496 4825 tusta
514 4776 591 4827 nobis
608 4773 777 4834 ostendisset,
795 4773 871 4824 dedit
886 4775 966 4826 etiam
977 4788 1071 4827 versus
1087 4779 1149 4828 octo
1160 4777 1202 4829 vsi
1218 4776 1297 4843 paulo
1313 4777 1373 4843 plus
1384 4792 1465 4843 supra
1476 4780 1674 4843 quinquaginta,
1692 4781 1753 4844 qui-

426 4848 479 4900 hus
495 4851 578 4901 oratio
595 4849 663 4901 haec
675 4848 845 4901 Ciceroniana
863 4863 912 4915 pro
929 4848 1023 4902 Flacco
1040 4852 1170 4905 hactenus
1186 4853 1278 4904 tornis
1289 4866 1388 4904 excusa
1398 4852 1553 4904 deficiebat:
1572 4866 1640 4918 quos
1650 4852 1752 4905 addere

427 4924 605 4977 curavimus.»
627 4926 725 4976 Parnm
741 4918 865 4976 accurate
882 4925 960 4987 igitur
976 4926 1136 4979 Niebuhrius
1152 4928 1279 4992 ΝΜ.
1298 4941 1324 4992 p.
1342 4928 1382 4981 38.
1406 4940 1455 4979 aex
1470 4928 1563 4980 codice
1580 4930 1750 4981 Germanicos

426 4998 547 5051 additum
564 5014 624 5052 esse
640 5002 693 5052 hoc
709 4999 923 5066 supplementum
941 5001 1014 5053 dixit.
1034 5004 1217 5068 nonamquam
1232 5002 1370 5055 iocosiste
1381 5002 1425 5055 illo
1436 5003 1573 5056 dnmmat
1583 5017 1599 5055 a
1610 5004 1675 5057 cod.
1689 5018 1752 5057 oon·

426 5077 549 5127 servatus
565 5075 686 5139 ridetur,
705 5073 843 5139 aliquoties
860 5076 887 5127 in
904 5089 937 5127 co
953 5090 1033 5129 snum
1049 5078 1116 5130 Cod.
1133 5076 1249 5131 laudavit
1264 5080 1345 5130 llenr.
1357 5080 1515 5145 Stephanus,
1533 5079 1671 5146 aliquoties
1686 5093 1750 5133 anos

425 5150 570 5203 Lambinus
586 5165 613 5218 p.
626 5150 674 5203 880
691 5152 719 5201 et
735 5151 780 5202 884
801 5150 845 5202 ed.
858 5154 951 5217 Neap„
969 5152 1108 5217 aliquoties
1121 5156 1315 5208 vetustissimos
1331 5153 1414 5209 libros
1425 5157 1538 5211 ursinus
1553 5169 1580 5222 p.
1592 5157 1642 5209 888
1653 5159 1681 5208 et
1690 5156 1748 5217 838,

425 5224 453 5275 id
471 5226 543 5290 quod
559 5239 628 5279 novo
645 5227 801 5291 argumento
819 5238 879 5278 ease
895 5230 996 5293 potest,
1016 5234 1145 5293 quantum
1160 5230 1223 5284 fidet
1239 5229 1411 5284 hibnemnm
1427 5233 1462 5285 stt
1472 5230 1603 5287 eiusnodi
1612 5232 1748 5297 Iannoctli,

426 5298 560 5369 Lambini,
579 5302 676 5369 limini,
695 5302 776 5363 ilenr.
789 5302 914 5369 Stephani
931 5302 1031 5356 libris.»
1047 5306 1092 5358 Os.
