4009 6159
662 614 735 679 cn.
756 613 967 678 444-444.
995 609 1042 696 ss
1064 607 1212 676 se-ss.
1518 587 1600 663 4444

284 789 358 854 44144
384 787 480 871 paulo
508 785 658 869 apertius.
692 783 872 847 Communis
900 781 955 844 ille
977 801 1089 844 444444
1111 780 1144 843 44
1166 779 1235 845 aliis
1256 779 1389 844 44444444
1410 777 1517 842 latuit:
1537 772 1600 849 bic,

285 885 371 968 qnod
392 903 461 947 cum
483 882 597 945 ceteris
618 881 725 943 animo
746 877 919 948 sentiebat,
940 875 972 938 id
994 875 1093 958 magis
1108 893 1204 959 quam
1225 874 1321 937 ceteri
1343 880 1375 938 et
1388 873 1475 937 44144
1496 891 1601 954 prom-

283 987 375 1062 ptum
405 975 517 1039 babuit
545 983 577 1038 et
598 975 714 1056 lingua.
758 970 809 1034 35.
832 971 1047 1052 0444444444,
1077 967 1213 1043 4444444,
1234 989 1433 1053 -agnosco
1455 969 1539 1032 enim
1561 984 1602 1028 ex

284 1093 336 1135 me
350 1103 392 1120 -
406 1068 563 1153 permulta
584 1069 619 1130 in
640 1067 812 1141 Plancium,
834 1084 917 1149 quae
938 1064 978 1126 ab
993 1082 1032 1126 eo
1047 1083 1219 1148 numquam
1234 1064 1415 1136 dictasunt,
1437 1059 1602 1125 44414444-

284 1176 345 1231 tur.
378 1168 444 1249 Ego
468 1163 543 1248 quia
565 1161 638 1225 4444
658 1159 779 1242 4144444
793 1157 975 1242 414444444,
998 1177 1061 1220 444
1078 1159 1182 1221 444444
1196 1159 1359 1233 adductus,
1381 1156 1437 1220 444
1455 1163 1510 1218 444
1526 1167 1625 1216 444-4

284 1261 427 1325 tentione
450 1256 576 1321 dicendi
598 1262 652 1318 aut
672 1253 846 1327 lacessitus,
869 1260 901 1315 44
922 1251 1007 1334 4444,
1029 1259 1065 1314 44
1086 1252 1122 1315 tit
1143 1252 1176 1314 in
1199 1253 1321 1327 multis,
1343 1252 1410 1316 exit
1430 1245 1602 1333 aliqnando

282 1353 413 1438 aliquid,
435 1352 461 1415 si
482 1371 549 1414 non
570 1347 772 1433 perfacetum,
793 1354 826 1410 at
845 1351 950 1409 tamen
963 1343 1097 1410 fortasse
1111 1366 1175 1409 non
1189 1347 1351 1420 rusticum,
1366 1345 1452 1430 quod
1467 1341 1604 1427 4414444

284 1448 382 1521 dixit,
403 1465 454 1508 me
474 1445 508 1507 id
522 1443 650 1506 dixisse
672 1442 789 1504 dicunt.
820 1441 888 1523 Ego
911 1446 1033 1514 autem,
1064 1439 1091 1503 44
1115 1440 1191 1523 4444
1214 1438 1370 1525 estquod
1392 1438 1468 1502 mibi
1490 1435 1602 1500 scitum

284 1561 355 1604 esse
382 1539 528 1604 44444444
555 1544 587 1599 44
615 1535 743 1598 14444444
769 1533 908 1616 ingenuo
935 1533 1068 1615 dignum
1094 1534 1322 1620 atque-docto,
1350 1553 1415 1597 non
1435 1547 1603 1615 aspernor:

285 1633 482 1704 stomachor,
510 1651 582 1694 cum
604 1629 740 1691 aliorum
761 1647 826 1691 non
847 1647 898 1690 me
919 1625 1014 1709 digua
1035 1627 1069 1689 in
1091 1649 1141 1690 me
1162 1628 1376 1692 conseruntur.
1415 1629 1493 1690 Nam
1516 1620 1602 1706 4444
1613 1635 1640 1682 tt

284 1728 406 1810 primus
434 1725 526 1789 444444
553 1725 655 1807 legem
675 1722 716 1786 414
737 1722 915 1806 publicanis
935 1729 1017 1793 tum,
1046 1741 1119 1784 cum
1139 1722 1188 1784 vir
1209 1722 1419 1805 amplissimus
1440 1715 1549 1784 444441
1570 1712 1604 1776 441

287 1822 335 1884 4114
357 1820 461 1884 4441444
483 1839 541 1901 per
561 1818 714 1901 populum
736 1815 838 1888 dedit,
861 1815 947 1899 quod
969 1823 1202 1897 personatum,
1223 1817 1251 1879 si
1272 1815 1429 1888 licuisset,
1451 1811 1604 1875 dedisset:

286 1916 314 1977 si
337 1915 370 1977 in
393 1934 432 1977 4ο
455 1913 573 1976 crimen
603 1919 666 1985 est,
695 1910 770 1991 quia
797 1909 979 1990 suffragium
1009 1909 1095 1984 tulit,
1124 1909 1283 1991 4444444
1305 1903 1604 1991 tulitpublicanus‘l

286 2009 334 2081 si,
358 2008 431 2090 4444
452 2007 572 2090 primus
593 2005 702 2077 scirit,
724 2012 829 2066 utrum
851 2002 884 2066 id
905 2004 998 2066 sortis
1021 2022 1090 2066 4444
1104 2003 1151 2064 444
1170 2021 1210 2065 44
1227 2003 1310 2078 4444,
1333 2002 1386 2087 444
1402 2001 1487 2063 illam
1502 1997 1604 2077 legem

284 2101 427 2165 ferebat?
461 2100 492 2162 Si
523 2100 634 2172 444444,
666 2098 787 2160 nullum
815 2098 933 2161 crimen
964 2105 1012 2159 est
1038 2097 1072 2158 in
1100 2115 1192 2159 casu:
1225 2097 1251 2160 si
1281 2095 1435 2169 consulis,
1457 2087 1643 2176 splendoris

286 2195 378 2258 etiam
401 2193 536 2266 Plancii,
557 2192 642 2255 bunc
664 2211 683 2254 a
705 2211 827 2254 summo
849 2191 916 2253 viro
939 2190 1114 2273 principem
1136 2210 1206 2253 esse
1228 2189 1346 2253 ordinis
1367 2189 1550 2252 iudicatam.

370 2287 439 2349 XV.
461 2283 513 2347 36.
536 2286 598 2348 Sed
620 2284 789 2368 aliquando
805 2285 967 2347 veniamus
988 2284 1029 2346 ad
1052 2303 1189 2357 causam,
1212 2284 1244 2346 in
1260 2292 1372 2367 quatu
1386 2283 1513 2346 nomino
1527 2276 1606 2360 legis
1660 2275 1664 2280 ’

287 2380 441 2451 Liciniae,
473 2400 555 2463 4444
582 2387 631 2442 444
658 2379 697 2440 44
726 2376 903 2452 4444144444,
933 2397 1043 2441 omnes
1073 2378 1208 2441 ambitus
1237 2379 1324 2461 leges
1352 2377 1535 2460 complexus
1557 2389 1603 2434 es.

287 2477 396 2557 Neque
418 2474 501 2535 enim
524 2472 694 2556 quidquam
717 2471 804 2534 41444
826 2470 861 2533 44
882 2469 941 2533 1444
957 2470 1028 2553 lege
1043 2471 1104 2534 nisi
1121 2471 1266 2535 editicios
1280 2471 1400 2534 iudices
1414 2490 1449 2534 es
1464 2473 1605 2532 secutus:

288 2569 373 2650 4444
402 2586 502 2648 genus
531 2566 720 2628 indiciorum
750 2565 777 2626 si
804 2573 853 2628 est
873 2585 1010 2648 aequum
1032 2565 1098 2628 ulla
1118 2565 1151 2628 in
1172 2585 1206 2627 44
1228 2567 1290 2628 4444
1310 2565 1345 2628 44
1365 2564 1425 2627 1444
1445 2559 1644 2632 4414444444)

287 2680 352 2724 444
381 2659 542 2741 intelligo,
573 2678 668 2741 quam
696 2657 737 2722 ob
757 2677 825 2720 rem
845 2665 974 2722 senatus
996 2660 1057 2723 boc
1079 2660 1199 2722 44444
1221 2678 1337 2742 genere
1358 2659 1458 2722 tribus
1479 2656 1530 2718 edi
1552 2671 1607 2717 44-

288 2754 383 2817 luerit
403 2753 443 2816 ab
464 2760 648 2815 accusatore
669 2771 774 2836 neque
796 2753 928 2816 eandem
950 2753 1123 2818 editionem
1138 2754 1332 2818 transtulerit
1351 2755 1383 2816 44
1398 2761 1519 2817 4444444
1534 2769 1607 2812 444-

287 2869 356 2923 444,
386 2845 427 2910 44
448 2847 518 2930 ipso
541 2847 679 2929 denique
700 2847 818 2909 ambitu
839 2848 1044 2910 reiectionem
1065 2847 1134 2911 lieri
1155 2848 1291 2911 voluerit
1310 2847 1450 2912 iudicum
1472 2845 1608 2908 alterno·

288 2963 374 3016 rum,
397 2936 675 3025 44444444411444
698 2959 797 3023 genus
818 2941 998 3004 acerbitatis
1018 2943 1294 3025 praetermitteret,
1315 2941 1495 3005 1444444444
1509 2955 1605 2999 unum

288 3034 554 3121 praetereundum
583 3036 710 3119 putarit.
753 3031 805 3097 37.
827 3034 934 3111 Quint
962 3035 1095 3099 buiusco
1123 3037 1169 3099 444
1197 3035 1323 3100 tandem
1353 3035 1487 3098 obscura
1514 3049 1644 3099 44444444

288 3141 350 3205 444,
380 3151 420 3194 44
448 3137 481 3197 44
506 3130 623 3212 agitata
649 3138 734 3203 tum,
763 3148 833 3193 cnm
855 3129 917 3192 ista
937 3131 972 3193 44
994 3138 1105 3193 444444
1128 3151 1178 3194 444
1201 3130 1366 3214 agebatur,
1395 3136 1427 3194 44
1448 3128 1608 3210 disputata

287 3224 434 3288 hesterno
455 3224 508 3287 die
529 3223 746 3310 copiosissime
769 3243 787 3287 a
810 3223 849 3299 Q.
870 3223 1058 3298 1144444444,
1081 3225 1130 3288 444
1154 3234 1219 3288 term
1235 3232 1284 3288 est
1297 3231 1425 3288 senatus
1439 3223 1607 3286 assensus?

287 3318 356 3382 lloc
383 3318 479 3401 igitur
505 3319 681 3381 sensimus:
711 3318 940 3401 cuiuscumque
968 3318 1069 3382 tribus
1096 3319 1227 3403 largitor
1248 3325 1333 3382 esset
1353 3317 1512 3402 perhanc
1532 3332 1608 3377 cou-

288 3411 485 3485 sensionem,
506 3431 588 3500 4444
610 3412 708 3494 magis
728 3412 864 3475 honesta
882 3431 977 3494 quam
992 3431 1066 3475 vere
1089 3411 1239 3476 sodalitas
1260 3413 1491 3482 nominaretur,
1513 3426 1607 3492 quam

288 3505 425 3589 4444444
446 3506 563 3568 tribum
585 3505 669 3587 turpi
691 3506 858 3587 largitione
879 3515 1103 3588 corrumperet,
1126 3526 1199 3569 eum
1215 3507 1351 3570 maxime
1365 3507 1403 3568 444
1418 3501 1645 3574 bominibus,³o

288 3598 344 3680 qui
365 3598 435 3660 4444
455 3600 556 3662 4441444
578 3607 701 3672 essent,
722 3618 792 3662 esse
813 3605 934 3662 notum.
968 3600 1015 3661 lta
1036 3601 1158 3680 putarit
1180 3606 1325 3673 senatus,
1348 3619 1419 3662 cnm
1440 3595 1608 3660 rostribus

288 3691 457 3755 ederentur
477 3712 544 3767 eae,
567 3713 646 3777 quas
669 3694 695 3755 is
716 3693 883 3775 largitione
903 3692 1065 3756 devinctas
1096 3691 1242 3767 haberet,
1271 3692 1400 3756 eosdem
1422 3689 1489 3755 4444
1511 3694 1607 3752 testes

288 3793 321 3849 et
340 3786 470 3848 iudices.
503 3787 658 3849 Acerbum
681 3787 810 3850 omnino
831 3805 931 3868 genus
952 3786 1080 3861 iudicii,
1102 3787 1158 3849 444
1173 3795 1295 3861 444444,
1318 3787 1344 3849 44
1359 3787 1409 3849 441
1425 3805 1482 3848 444
1495 3781 1545 3844 vel
1561 3801 1607 3855 44,

289 3898 371 3962 4444
392 3880 529 3943 maxime
550 3890 635 3943 44444
655 3881 770 3963 444444
794 3880 977 3955 coniuncta,
1007 3880 1107 3943 tribus
1130 3881 1293 3954 ederetur,
1314 3880 1369 3943 4444
1389 3876 1609 3942 recusandum.

289 3974 372 4034 xvl.
393 3970 444 4033 38.
465 3975 513 4036 Tu
534 3980 655 4046 antem,
678 3973 872 4046 Laterensis,
895 3993 973 4056 4444
993 3975 1093 4036 4441444
1115 3974 1263 4038 edidisti?
1285 3974 1481 4048 Teretinam,
1502 3970 1645 4040 4444444

288 4067 361 4130 Fuit
381 4073 466 4130 certe
489 4067 521 4130 id
544 4088 680 4152 aequum
702 4075 841 4130 atcerte
863 4075 1079 4151 exspectatum
1102 4075 1150 4130 est
1170 4068 1274 4131 etfuit
1288 4066 1419 4149 dignum
1434 4063 1609 4129 constantia

287 4169 351 4224 tna.
386 4162 481 4225 Cuius
504 4170 537 4226 tu
561 4162 661 4225 tribus
683 4161 880 4227 venditorem
902 4169 934 4224 et
954 4169 1170 4246 corruptorem
1192 4170 1224 4225 et
1241 4168 1436 4243 sequestrem
1450 4157 1609 4222 Plancium

287 4253 386 4319 444444
408 4255 565 4331 clamitas,
596 4276 666 4319 eam
686 4257 804 4319 tribum
825 4254 981 4340 prolecto,
1013 4255 1281 4319 severissimorum
1302 4255 1487 4340 praesertim
1508 4251 1610 4316 bomi-

350 4565 604 4628 444444444-
631 4563 1246 4627 44.4444444--414444444444444144144444-
1271 4563 1477 4616 8.idmeE-
1506 4565 1610 4627 siquod

287 4642 335 4692 TE
354 4667 382 4678 -
408 4640 433 4691 9.
451 4641 573 4690 masaa
589 4641 609 4690 E
629 4667 655 4675 -
675 4640 714 4689 14).
733 4639 953 4691 stonoctchli:
973 4641 1188 4692 stomachorum
1205 4642 1225 4690 0
1247 4667 1274 4678 -
1300 4642 1367 4692 Nom
1383 4641 1611 4704 quod--dedirsct

286 4716 454 4766 14414444-
482 4715 681 4765 tt.scivis-
711 4715 846 4766 idumei
875 4741 900 4752 -
928 4714 1037 4767 1144444
1059 4716 1105 4781 444]
1130 4717 1293 4767 444444444Ε
1315 4743 1342 4754 -
1370 4719 1410 4768 ib.
1431 4712 1606 4766 44444111-
1704 4761 1710 4774 ,

288 4791 475 4852 4441444441·
497 4817 525 4827 -
551 4791 591 4841 48.
609 4790 734 4839 sodaliciis
753 4791 789 4840 E:
816 4789 964 4845 441444441“;
990 4791 1153 4842 4444144440
1184 4819 1211 4828 -
1232 4792 1353 4842 44444441·
1375 4818 1402 4829 -
1431 4793 1491 4856 tegis
1512 4793 1607 4842 ΤΕ-

288 4867 328 4918 ss.
346 4868 398 4917 Nec
414 4867 510 4930 (Neque
520 4866 634 4925 Servius)
651 4866 717 4915 44444
727 4889 764 4902 --
775 4871 871 4915 matre
886 4879 911 4916 44
927 4865 1064 4916 habenta
1081 4869 1109 4916 44
1124 4867 1223 4918 4444444
1240 4866 1383 4918 4484444144
1400 4868 1433 4918 ad
1444 4866 1540 4931 Vergil.
1554 4865 1608 4918 Ecl.

286 4943 311 5001 .’4,
330 4942 370 4991 bt).
393 4967 418 4977 -
437 4941 639 5002 quicquamst
656 4939 772 5001 (ubique)
792 4965 819 4975 -
840 4940 903 4989 41414
919 4952 968 5003 pro
983 4939 1048 4991 aliut
1064 4943 1084 4991 Α
1104 4967 1131 4976 -
1150 4941 1277 4992 codicillos
1293 4943 1312 4992 T
1331 4970 1357 4979 -
1376 4956 1401 4994 cs
1416 4949 1512 4994 44444444
1528 4943 1607 4994 codd.

285 5015 421 5083 plerique:
444 5029 494 5066 4444
509 5021 605 5065 44444444
620 5015 684 5072 ΤΕ;
708 5019 804 5064 mutus
820 5027 845 5064 44
862 5014 938 5078 (4)ος
960 5021 1087 5066 assecutus
1102 5029 1127 5066 44
1144 5016 1228 5068 Cobet
1245 5018 1380 5080 (binemus.
1399 5019 1432 5069 111
1449 5031 1475 5083 p.
1494 5017 1560 5080 iat).
1580 5043 1607 5053 -

285 5092 327 5142 444.
346 5091 513 5141 4444444441-
533 5089 789 5152 44.44444114441“-
811 5091 1101 5142 trasmisimus·
1127 5091 1169 5141 23.
1186 5092 1379 5143 4441444-444444.
1398 5093 1607 5143 4444414444-

285 5169 328 5218 45.
345 5167 419 5217 tuias
433 5168 515 5217 correi
531 5167 551 5217 T
570 5193 597 5203 -·
619 5166 661 5216 ti.
680 5166 799 5216 4414444444
814 5166 835 5217 T
854 5193 880 5204 -
904 5167 947 5217 48.
964 5169 1025 5216 emet
1044 5171 1067 5215 st
1085 5179 1132 5228 per
1150 5179 1232 5231 prava
1249 5168 1425 5232 geminatione
1442 5168 1505 5230 TE3
1529 5167 1562 5217 44.
1581 5179 1607 5230 p.

286 5241 361 5302 till,
379 5243 404 5291 1.
423 5243 513 5292 -re
530 5241 620 5305 megia]
636 5241 808 5305 44444441·-
827 5241 868 5292 34).
886 5241 1102 5306 44444]44444’1“-
1120 5242 1159 5308 414]
1176 5242 1290 5293 biaT-
1309 5241 1611 5305 34.14]4441-444414

285 5317 346 5368 T-
368 5316 408 5368 34.
427 5317 634 5368 mammosa:
656 5315 1108 5371 tenuasse-umescunt
1129 5345 1155 5355 -
1174 5317 1493 5386 444441444444114.
