4009 6159
404 517 466 585 838
694 519 845 586 casulo
870 517 953 585 CUM
975 519 1151 586 seusam
1170 519 1344 587 GRATIAS
1365 519 1461 588 EGIT

404 693 602 758 monstrabas
623 690 732 754 luisse.
769 691 818 754 'lu
839 689 1019 754 misericors
1041 711 1093 754 me
1114 685 1242 754 affinem
1262 697 1369 767 tuum,
1391 710 1488 775 wem
1509 691 1647 755 comitiis
1666 692 1733 756 tuis

403 788 639 872 praerogativae
666 785 804 867 primum
831 782 997 847 custodem
1025 784 1241 867 praefeceras,
1271 805 1367 868 quem
1396 784 1548 848 Kalendis
1576 785 1732 848 hnuariis

402 882 496 946 tertio
526 881 596 943 loeo
625 878 814 942 sententiam
836 897 981 960 rogaras,
1011 881 1216 942 constrictum
1237 879 1376 941 inimicis
1397 879 1445 941 rei
1467 878 1613 962 publicae
1634 876 1735 942 tradi-

404 977 496 1039 disti:
523 982 557 1038 tu
584 993 689 1036 meum
716 991 885 1055 generum,
917 973 1135 1056 propinquum
1163 981 1269 1048 tuum,
1298 980 1334 1036 tn
1355 971 1482 1036 affinem
1503 980 1606 1050 tuam,
1633 972 1734 1037 tiliam

380 1089 521 1143 smeem,
555 1066 789 1149 superbissimis
821 1074 854 1131 et
880 1066 1106 1130 crudelissimis
1135 1067 1241 1130 verbis
1266 1088 1286 1131 a
1308 1067 1442 1151 genibus
1464 1067 1527 1130 tuis
1548 1067 1733 1153 reppulisti:

402 1164 555 1247 idemque
583 1168 620 1225 tu
648 1161 816 1226 clementia
843 1180 880 1224 ac
903 1160 1119 1224 misericordia
1141 1161 1313 1243 singulari,
1342 1179 1415 1225 cum
1438 1181 1497 1244 ego
1519 1180 1675 1224 unacum
1697 1181 1733 1224 re

286 1316 289 1333 ,
403 1256 529 1342 publica
557 1275 623 1318 non
656 1255 839 1330 tribunicio,
871 1255 928 1319 sed
960 1255 1120 1318 consulari
1150 1255 1213 1318 ictu
1242 1255 1471 1330 concidissem‚
1501 1262 1588 1319 tanto
1612 1254 1734 1320 scelere

271 1343 292 1406 ι’)
401 1357 552 1434 tantaque
575 1351 820 1432 intemperantia
840 1349 946 1425 luisti,
974 1357 1011 1412 ut
1031 1369 1073 1412 ne
1094 1370 1190 1413 unam
1212 1349 1345 1434 quidem
1367 1350 1478 1413 boram
1500 1337 1654 1414 interesse
1675 1369 1734 1434 pa·

226 1463 323 1547 ,a
402 1453 504 1510 terere
533 1447 616 1510 inter
644 1463 748 1508 meam
776 1450 900 1526 pestem
922 1452 954 1508 et
973 1451 1060 1508 tuam
1083 1443 1251 1527 praedam,
1280 1445 1414 1538 saltem(
1416 1446 1491 1508 dum
1514 1445 1735 1547 conticisceret

299 1571 314 1642 3
366 1540 456 1610 willa
485 1540 668 1605 lamentatio
691 1546 723 1602 et
747 1537 883 1621 gemitus
905 1539 1023 1629 urbis.)
1049 1535 1099 1601 l8.
1121 1540 1269 1602 Nondum
1291 1540 1395 1623 palam
1417 1540 1537 1604 lactum
1559 1546 1627 1602 erat
1649 1535 1734 1602 oeci-

403 1620 488 1697 disse
509 1654 576 1697 rem
597 1634 773 1717 publicam,
796 1652 866 1696 eum
888 1633 945 1697 tibi
967 1634 1097 1697 arbitria
1117 1632 1238 1697 funeris
1261 1634 1474 1698 solvebantur.
1511 1635 1581 1698 Uno
1604 1633 1735 1698 eodem-

403 1747 466 1812 que
488 1736 629 1812 tempore
651 1727 766 1791 domus
787 1746 858 1789 mea
880 1727 1103 1812 diripiebatur,
1125 1729 1271 1804 ardebat,
1293 1729 1379 1792 bona
1394 1729 1434 1793 ad
1457 1728 1595 1793 vicinum
1617 1748 1734 1792 oonsu-

404 1823 466 1887 lem
488 1821 529 1885 de
551 1821 701 1897 Palatio,
716 1822 755 1885 de
778 1821 958 1885 Tusculano
980 1823 1021 1885 ad
1042 1822 1120 1886 item
1140 1823 1280 1886 vicinum
1302 1823 1437 1887 alterum
1459 1824 1622 1887 consulem
1644 1823 1734 1887 dete-

403 1917 569 1992 rebantur,
600 1937 690 1992 eum,
719 1916 820 1980 isdem
851 1917 956 2000 operis
984 1918 1168 1999 suffragium
1195 1917 1387 1992 serentibus,
1414 1917 1529 1982 eodem
1556 1917 1733 2000 gladiatore

368 2035 395 2081 45
404 2011 523 2086 latore,
553 2031 652 2076 vacuo
674 2031 739 2074 non
760 2009 858 2073 modo
881 2031 899 2072 a
920 2010 1029 2084 bonis,
1058 2012 1115 2074 sed
1137 2013 1232 2075 etiam
1255 2031 1274 2074 a
1295 2011 1402 2075 liberis
1424 2020 1521 2096 atque
1542 2012 1630 2076 inani
1651 2010 1731 2086 loro,

401 2105 515 2193 ignaro
542 2105 661 2216 populo
686 2107 827 2168 Romano
850 2105 927 2186 quid
949 2113 1111 2188 ageretur,
1142 2112 1253 2169 senatu
1273 2126 1349 2169 sero
1372 2126 1527 2189 oppresso
1549 2113 1583 2170 st
1602 2105 1732 2181 afflicto,

382 2196 572 2310 (duobus
562 2199 670 2283 impiis
700 2199 893 2282 nefariisque
923 2199 1108 2264 consulibus
1138 2201 1309 2276 aerarium,
1338 2201 1539 2283 provinciae,
1574 2199 1732 2284 legiones,

234 2317 308 2396 o(
405 2294 540 2376 imperia
561 2279 787 2386 donabantur.)

490 2388 573 2452 vlll.
602 2388 724 2451 Horum
750 2388 918 2452 consulum
947 2389 1055 2453 ruinas
1076 2410 1134 2453 vos
1157 2389 1303 2452 consules
1324 2396 1429 2453 vestra
1449 2390 1566 2454 virtute
1586 2390 1732 2468 fulsistis,

368 2501 526 2553 sesumma
549 2480 745 2544 tribunorum
766 2483 810 2563 pl.
824 2492 1070 2566 praetorumque
1086 2481 1148 2546 lide
1163 2491 1195 2547 et
1209 2483 1374 2567 diligentia
1387 2484 1552 2548 sublevati.
1581 2481 1631 2548 49.
1646 2485 1732 2561 Quid

284 2593 297 2657 -j
406 2599 464 2662 ego
486 2578 525 2642 de
547 2578 820 2662 praestantissimo
840 2581 926 2658 viro,
949 2578 985 2639 T.
1000 2579 1121 2652 Annio,
1144 2578 1268 2641 dicam?
1290 2586 1343 2640 aut
1358 2579 1431 2659 quis
1445 2577 1486 2640 de
1500 2578 1599 2643 tali
1572 2598 1641 2644 cave
1655 2580 1731 2644 satis

276 2652 284 2686 ‘
406 2673 501 2756 digne
522 2692 673 2756 umquam
696 2671 946 2756 loqueturtt'qui
969 2691 1041 2734 eum
1055 2668 1195 2748 videret)
1217 2672 1404 2736 sceleratum
1426 2673 1526 2736 civem
1547 2681 1602 2736 aut
1623 2673 1732 2739 dome·

371 2766 519 2830 “leticum
546 2767 652 2850 potius
679 2766 818 2842 bostem,
848 2767 875 2830 si
903 2766 1028 2849 legibus
1053 2767 1101 2828 uti
1122 2766 1249 2841 liceret,
1277 2767 1395 2830 iudicio
1418 2787 1488 2830 esse
1510 2766 1730 2849 frangendum,

405 2863 453 2926 sin
474 2863 545 2945 ipse
566 2859 684 2925 iudicia
705 2860 753 2924 vis
775 2861 943 2944 impediret
963 2879 1000 2923 ao
1021 2853 1188 2946 tolleret(
1184 2859 1347 2923 audaciam
1368 2861 1495 2935 virtrrte,
1514 2860 1654 2925 terrorem
1667 2861 1732 2925 lor-

198 2993 209 3006 ·
243 2946 291 3025 &s
368 2953 557 3030 solitudine,
585 2955 792 3018 temeritatem
815 2954 963 3030 consilio,
992 2973 1120 3017 manum
1142 2955 1259 3036 copiis,
1280 2955 1344 3017 vim
1365 2957 1396 3019 si
1418 2975 1489 3018 esse
1511 2955 1730 3039 superandam,

404 3049 508 3132 primo
531 3049 571 3112 de
592 3049 624 3114 vi
646 3039 837 3156 postulavit.)
858 3051 1068 3134 Posteaquam
1089 3049 1129 3112 ab
1151 3047 1264 3110 eodem
1286 3047 1404 3112 iudicia
1418 3050 1542 3112 sublata
1557 3067 1628 3113 esse
1641 3051 1731 3126 vidit,

405 3165 446 3210 ne
475 3143 530 3206 ille
558 3145 664 3207 omnia
686 3144 716 3207 vi
744 3151 854 3226 posset
875 3140 1000 3208 efficere
1023 3142 1159 3208 curavit:
1189 3143 1246 3225 qui
1268 3142 1375 3205 docuit
1395 3163 1501 3228 neque
1522 3149 1606 3207 tecta
1625 3164 1731 3228 neque

405 3239 523 3321 templa
543 3258 650 3322 neque
671 3238 775 3301 lorum
796 3258 904 3322 neque
925 3238 1045 3302 curiam
1067 3240 1135 3301 sine
1158 3256 1279 3300 summa
1297 3237 1413 3300 virtute
1434 3257 1472 3300 ac
1493 3238 1639 3302 maximis
1661 3241 1731 3322 opi·

404 3333 464 3396 bus
487 3339 520 3395 et
535 3333 636 3414 copiis
650 3333 690 3395 ab
704 3333 856 3395 intestino
872 3333 1038 3396 latrocinio
1053 3351 1148 3415 posse
1162 3329 1309 3394 defendi:
1332 3331 1387 3414 qui
1403 3333 1522 3414 primus
1536 3340 1610 3414 post
1624 3353 1730 3396 meum

367 3426 578 3496 eodiseessum
599 3433 717 3489 metum
738 3425 848 3498 bonis,
871 3445 959 3508 spem
981 3424 1172 3500 audacibus,
1195 3427 1340 3489 timorem
1362 3425 1435 3489 huic
1454 3426 1574 3503 ordini,
1597 3427 1730 3492 servitu-

404 3529 467 3586 tem
495 3518 619 3602 depulit
649 3519 780 3582 oivitati.
824 3515 875 3582 20.
900 3519 1003 3596 Quam
1027 3519 1183 3583 rationem
1204 3519 1273 3604 pari
1295 3520 1427 3595 virtute,
1457 3521 1581 3596 animo,
1609 3520 1674 3586 fide
1695 3522 1728 3586 P.

1036 3689 1165 3696 ——---—

403 3799 586 3857 arbitrarium3
609 3809 624 3846 a
642 3797 659 3847 S
676 3798 703 3847 et
720 3809 735 3846 a
751 3795 886 3862 plerisque
903 3797 981 3861 lagg.
1002 3798 1087 3848 totum
1108 3797 1222 3847 incisum
1239 3811 1296 3848 eum
1306 3823 1345 3835 --
1356 3798 1502 3860 (4444444444
1518 3801 1603 3852 abest.
1622 3827 1650 3838 -
1669 3815 1730 3853 ere·

403 3875 463 3926 44444
478 3876 539 3934 PG;
557 3873 681 3923 4444444444
698 3873 745 3924 EF
763 3872 958 3935 (dommtrobos
974 3873 1084 3922 mocks
1099 3873 1175 3935 444444
1190 3871 1288 3935 schol.)
1303 3899 1329 3910 -
1349 3874 1373 3922 4.
1392 3875 1501 3937 4444444444
1516 3878 1536 3927 P
1554 3877 1581 3926 et
1597 3875 1684 3928 Sobel.
1700 3905 1726 3913 —

401 3951 507 4001 4444444444
522 3950 571 3999 tots
586 3949 647 4010 EF,
666 3949 696 3999 ut
711 3949 814 3999 Ernesti
832 3949 961 3999 coniecit:
984 3948 1034 3999 4444
1049 3960 1102 4000 om.
1121 3949 1140 3999 P
1157 3949 1185 3998 et
1201 3949 1297 4012 Lagg.;
1322 3949 1371 3998 4444
1386 3949 1491 3999 44444404
1508 3949 1570 4010 00,
1592 3949 1625 4001 44.
1643 3965 1683 4002 or.
1701 3954 1728 4004 in

401 4027 453 4078 Pie.
467 4025 481 4088 s
495 4026 535 4075 44.
550 4051 577 4060 -
596 4025 621 4075 2.
635 4023 795 4087 praefeceras
811 4022 889 4074 codd.
902 4021 1036 4088 plerique:
1051 4023 1184 4086 praeferes
1194 4025 1226 4083 P;
1243 4025 1339 4086 4444444
1355 4025 1451 4076 Elort.
1465 4028 1547 4076 reete.
1568 4053 1596 4062 -
1614 4029 1727 4090 4444144.

401 4104 421 4151 Ρ
441 4127 467 4140 -
487 4099 511 4151 3.
529 4113 639 4166 coporos
654 4100 687 4151 E:
706 4099 815 4163 rogabas
831 4098 910 4150 codd.
928 4097 1031 4163 reliqui.
1052 4125 1080 4135 -
1097 4099 1136 4149 444
1149 4113 1176 4162 p.
1196 4111 1249 4150 om.
1268 4098 1354 4150 schol.
1376 4127 1402 4136 -
1422 4100 1446 4152 4.
1463 4114 1547 4151 meam
1559 4105 1729 4167 propinqum

400 4181 606 4240 peccacatorum
622 4176 640 4225 F
659 4201 686 4210 -
714 4175 822 4238 40444444
838 4177 857 4224 Ρ
876 4201 903 4211 -
922 4187 1006 4224 oseam
1019 4175 1100 4238 4444444
1116 4176 1135 4224 L
1153 4201 1180 4210 —
1200 4177 1224 4226 5.
1242 4175 1373 4238 reppulistt
1388 4176 1477 4226 PGS:
1500 4177 1613 4240 44444444
1629 4179 1679 4230 EO
1695 4208 1728 4217 -

400 4253 424 4302 6.
443 4252 556 4314 idemque
571 4251 658 4302 PES:
677 4251 743 4300 444444
759 4252 780 4301 G
797 4255 825 4302 et
841 4249 901 4314 Lag.
922 4250 962 4300 40.
974 4250 1015 4300 24.
1030 4249 1071 4300 24.
1088 4276 1116 4285 -
1135 4264 1192 4301 eum
1206 4250 1246 4301 rei
1259 4264 1286 4314 p.
1303 4253 1332 4311 P¹
1351 4249 1399 4300 sed
1416 4249 1426 4299 4
1442 4249 1538 4301 deleta.
1559 4278 1587 4288 -
1604 4253 1629 4303 7.
1648 4254 1729 4306 tribu·

398 4327 460 4378 44444
477 4328 522 4376 PS
546 4353 573 4362 -
598 4326 623 4377 8.
641 4331 742 4388 temque
756 4327 776 4375 P
798 4352 830 4362 —
849 4329 964 4387 paterere
986 4326 1033 4375 ES
1055 4327 1082 4376 et
1102 4327 1122 4374 P
1143 4338 1227 4376 corn:
1249 4331 1336 4389 potere
1351 4326 1372 4374 P
1389 4337 1431 4389 pr.
1450 4337 1499 4384 m.;
1519 4330 1644 4389 potereris
1658 4332 1680 4381 G
1697 4354 1726 4365 -·

399 4403 424 4454 9.
439 4403 545 4466 predum
562 4406 633 4452 tuem
648 4401 668 4451 E
682 4426 710 4436 —
728 4401 833 4451 44444444
849 4403 882 4463 P,
901 4399 950 4452 sed
966 4413 984 4450 4
1000 4402 1135 4465 punctata.
1151 4427 1173 4435 -
1196 4413 1254 4451 4444
1268 4402 1289 4452 Ε
1304 4426 1331 4437 -
1349 4400 1515 4451 commoret
1530 4403 1565 4452 P:
1581 4405 1728 4456 4444444444-

398 4482 436 4528 444
453 4476 531 4528 codd.
545 4474 644 4527 44140.
663 4473 703 4526 04.
714 4488 742 4540 p.
754 4473 812 4536 400,
826 4475 865 4526 43.
886 4502 913 4512 -
934 4476 973 4526 40.
991 4475 1121 4540 perenibus
1137 4477 1198 4525 G·-
1216 4477 1301 4539 444444
1316 4477 1336 4526 E
1354 4473 1451 4539 (firmat
1466 4481 1523 4526 erot
1539 4477 1620 4528 etlam
1630 4478 1727 4546 Sobel.)

399 4579 427 4589 -
446 4552 579 4603 4444404444
595 4551 612 4600 S
630 4551 658 4600 et
674 4551 705 4600 42
722 4552 800 4613 Lagg.
815 4549 938 4612 (occidisse
955 4551 1035 4602 etiam
1052 4550 1150 4613 schol.)
1163 4577 1191 4587 -
1210 4549 1250 4602 43.
1267 4553 1327 4602 oen
1343 4552 1378 4601 od
1392 4551 1501 4600 44444444
1517 4553 1537 4602 E
1551 4579 1579 4592 ·-
1598 4552 1639 4604 44.
1651 4555 1728 4606 oden

397 4629 490 4679 PGE:
509 4627 595 4677 iisdem
611 4626 658 4676 SO
678 4651 706 4661 -
726 4626 765 4676 444.
784 4626 863 4677 latere
879 4627 927 4678 EF
946 4653 973 4662 -—
992 4628 1068 4677 etlam
1084 4626 1167 4676 ltberts
1183 4627 1200 4676 S
1220 4653 1247 4664 -
1266 4627 1306 4678 46.
1323 4627 1424 4690 adflicto
1438 4627 1461 4675 -P
1476 4653 1502 4662 -
1522 4627 1562 4678 40.
1580 4628 1725 4691 44444444οΡ4

396 4703 579 4767 444444444οἣ
605 4701 769 4752 4444444445
792 4727 819 4738 -
847 4703 887 4754 20.
904 4703 940 4766 pt.
959 4716 1013 4754 om.
1032 4703 1085 4753 Eri.
1105 4705 1165 4753 ets
1188 4729 1216 4738 -
1242 4701 1274 4767 44]
1292 4715 1323 4752 ac
1339 4703 1359 4753 E
1378 4727 1405 4738 -
1424 4701 1648 4755 4404444042-
1667 4707 1727 4768 4444

397 4778 493 4842 erpoE
517 4803 544 4812 -
571 4777 612 4827 24.
631 4769 901 4827 occaecatos:
929 4779 971 4829 22.
991 4777 1034 4840 pai
1056 4790 1113 4826 4444
1132 4775 1248 4827 msam
1267 4777 1724 4831 444444444444444444444444444-

396 4853 437 4903 24.
456 4852 494 4902 sin
510 4864 563 4902 om.
583 4855 618 4913 G;
636 4853 667 4904 oi
680 4853 697 4903 S
716 4879 744 4888 -
761 4853 932 4917 4444444444
948 4857 967 4904 P
984 4866 1026 4918 pr.
1042 4866 1079 4904 m.
1094 4878 1122 4889 -
1141 4854 1182 4903 20.
1200 4865 1305 4902 moseo
1321 4853 1399 4915 copiis
1414 4853 1491 4903 GEF
1509 4855 1536 4904 et
1551 4853 1567 4904 3
1584 4856 1662 4919 lagg.
1675 4856 1724 4919 (40.

395 4929 437 4978 24.
456 4925 512 4988 ill:
530 4939 636 4977 manum
652 4927 712 4977 coito
728 4929 762 4986 P;
789 4939 893 4979 monam
909 4941 989 4979 mono
1005 4926 1062 4979 rell.
1080 4929 1158 4991 Lagg.
1177 4927 1224 4978 SO
1244 4954 1270 4963 —
1290 4928 1331 4978 20.
1351 4929 1380 4979 de
1394 4928 1429 4991 44]
1445 4929 1486 4978 dte
1502 4931 1523 4979 G
1540 4956 1568 4967 -
1583 4931 1727 4995 postulabat

395 5005 416 5056 E
435 5031 462 5039 -
480 5004 522 5054 28.
541 5015 586 5053 sec
602 5002 701 5052 coeam
717 5003 792 5053 PGS
815 5028 843 5037 -
867 5003 908 5054 00.
927 5009 1020 5054 metum
1036 5003 1105 5053 bouis
1121 5015 1188 5065 spem
1204 5001 1257 5053 Eri.
1276 5016 1362 5053 corr:
1388 5003 1458 5053 boote
1471 5011 1565 5056 metten
1580 5019 1647 5074 spect
1663 5007 1723 5067 EF;

395 5085 488 5130 metum
504 5079 573 5129 bouis
588 5083 623 5128 set
639 5081 658 5128 P
675 5090 716 5142 pr.
735 5090 787 5138 m.;
811 5083 903 5129 4444444
920 5077 989 5130 bosia
1006 5084 1029 5130 44
1044 5082 1064 5131 P
1081 5092 1151 5129 corr.
1170 5091 1206 5129 m.
1225 5079 1254 5139 2,
1275 5079 1333 5139 GS,
1356 5077 1476 5145 plerique
1494 5081 1572 5144 Lagg.
1590 5081 1693 5146 (4444444
1708 5095 1727 5132 4

396 5155 478 5218 bools,
496 5155 610 5205 timorem
626 5153 658 5204 ab
674 5155 720 5204 444
736 5153 834 5215 odies,
853 5155 935 5206 444444.
949 5155 1043 5218 depulit
1058 5168 1076 5204 o
1092 5155 1191 5204 44444444
1207 5155 1245 5218 L.)
1266 5154 1369 5204 Vereor
1384 5165 1418 5205 ne
1434 5167 1503 5218 spero
1519 5155 1584 5209 talea
1595 5159 1725 5210 correctio

396 5231 446 5290 sit;
465 5229 592 5294 equidem
609 5229 746 5294 suspicor:
766 5234 858 5279 4444444
874 5229 943 5280 44444
959 5243 992 5280 ec
1008 5227 1061 5295 (vel
1077 5228 1117 5292 44)
1135 5229 1280 5281 wenedos.
1301 5258 1328 5270 -
1347 5231 1388 5283 04.
1406 5231 1494 5282 4444444
1510 5233 1540 5284 E.
