4009 6159
425 582 507 650 4344
851 587 1003 652 ORATIO
1024 586 1251 653 PHILIPPICA
1272 589 1324 652 VI.

424 756 614 822 sententiam
637 757 738 822 secuti
759 764 848 834 sunt,
878 766 930 834 nt,
949 737 1113 842 (quantum
1141 767 1267 822 senatus
1293 756 1464 821 auctoritas
1485 760 1653 839 vesterque
1675 773 1760 818 con-

288 863 304 885 ¹
424 846 646 939 sensuslapud
667 853 840 916 Antonium
852 845 1017 935 (valiturus
1039 839 1139 956 esset)
1159 873 1217 937 per
1237 853 1359 936 legatos
1381 851 1606 936 experiremur.

507 946 547 1008 ll.
568 945 730 1030 Intelligo,
763 946 920 1021 Quirites,
953 966 970 1010 a
998 929 1089 1010 vobis
1116 947 1197 1010 hanc
1226 947 1415 1010 sententiam
1436 945 1613 1030 repudiari,
1644 963 1759 1028 neque

424 1038 549 1102 iniuria.
591 1039 641 1103 Ad
664 1059 758 1124 quem
781 1041 865 1104 euim
887 1041 1033 1124 legatos?
1061 1041 1101 1104 ad
1124 1061 1253 1116 eumne,
1276 1041 1332 1122 qui
1353 1040 1489 1123 pecunia
1509 1038 1637 1123 publica
1657 1037 1761 1101 dissi-

400 1139 497 1216 spata
517 1141 613 1217 atque
636 1134 750 1210 effusa,
777 1155 835 1218 per
855 1135 918 1200 vim
941 1143 973 1199 et
994 1143 1104 1200 contra
1124 1135 1267 1218 auspicia
1294 1135 1451 1217 impositis
1471 1134 1518 1197 rei
1538 1134 1684 1217 publicae
1704 1133 1759 1196 le-

423 1225 530 1308 gibus,
559 1225 667 1311 fugata
696 1229 860 1305 contione,
887 1229 1018 1293 obsesso
1043 1237 1154 1292 senatu
1176 1228 1216 1291 ad
1239 1225 1478 1311 opprimendam
1499 1247 1565 1291 rem
1590 1228 1757 1312 publicam

422 1320 592 1386 Brundisio
615 1322 757 1405 legiones
771 1324 964 1397 arcessierit,
986 1323 1026 1385 ab
1048 1325 1087 1386 iis
1108 1323 1238 1386 relictus
1253 1342 1323 1385 cum
1344 1323 1501 1385 latronum
1513 1326 1612 1385 'manu
1626 1322 1661 1384 in
1676 1320 1758 1383 Gal-

268 1443 294 1545 4
421 1413 497 1479 liam
526 1415 693 1499 irruperit,
721 1419 852 1481 Brutum
880 1424 1060 1500 oppugnet,
1089 1416 1244 1482 Mutinam
1266 1417 1514 1479 circumsedeatl
1547 1416 1637 1507 Qrme
1658 1415 1757 1479 uobis

421 1517 528 1592 potest
550 1531 621 1575 cum
642 1510 703 1574 boc
725 1511 899 1595 gladiatore
922 1510 1129 1586 conditionis,
1157 1510 1341 1593 aequitatis,
1370 1510 1536 1593 legationis
1563 1530 1634 1574 esse
1663 1528 1757 1572 oom-

269 1603 296 1712 ‘l
384 1605 584 1668 somanites?
628 1602 658 1669 l.
674 1605 892 1688 Quamquam,
916 1603 1073 1680 Quirites,
1095 1625 1161 1668 non
1183 1612 1231 1668 est
1252 1604 1307 1696 illa
1322 1604 1456 1687 legatio,
1479 1603 1536 1667 sed
1551 1603 1754 1667 denuntiatio

422 1698 514 1775 belli,
537 1700 599 1764 nisi
620 1699 783 1782 paruerit:
812 1698 857 1762 ita
879 1699 963 1762 enim
986 1705 1035 1762 est
1056 1699 1232 1774 decretum,
1255 1703 1290 1761 ut
1311 1698 1339 1761 si
1361 1697 1455 1780 legati
1478 1699 1517 1761 ad
1538 1695 1755 1760 Hannibalem

422 1793 629 1858 mitterentur.
669 1793 838 1856 Mittuntur
859 1793 943 1855 enim
966 1793 1022 1875 qui
1040 1794 1206 1870 nuntient,
1235 1811 1277 1855 ne
1298 1798 1460 1874 oppugnet
1481 1791 1644 1855 consulem
1665 1788 1754 1852 desi-

422 1894 566 1970 gnatnm,
593 1907 643 1951 ne·
656 1887 811 1952 Mutinam
832 1887 992 1962 obsideat,
1021 1906 1062 1950 ne
1084 1885 1278 1970 provinciam
1301 1885 1530 1970 depopuletur,
1550 1893 1593 1948 u'e
1614 1882 1751 1946 dilectus

420 1980 550 2056 babeat,
573 1981 669 2046 sitin
691 1988 818 2044 senatus
840 1981 1015 2066 populique
1035 1980 1169 2043 Romani
1190 1985 1356 2063 potestate.
1390 1979 1495 2043 Facile
1510 1999 1585 2044 vero
1604 1976 1750 2041 huicde-

385 2076 613 2143 ssnuntiationi
634 2075 773 2158 parebit,
794 2082 831 2137 ut
851 2077 884 2139 in
906 2084 1029 2159 patrum
1045 2077 1292 2158 conscriptorum
1315 2080 1410 2157 atque
1427 2073 1460 2136 in
1473 2079 1578 2136 vostra
1592 2077 1749 2154 potestate

421 2171 462 2233 sit
490 2169 547 2254 qui
576 2171 609 2233 in
640 2189 697 2233 sna
724 2189 898 2252 numquam
928 2168 1041 2232 fueriti
1078 2167 1164 2244 Quid
1185 2169 1269 2231 enim
1292 2167 1345 2231 ille
1366 2187 1517 2250 umquam
1540 2165 1668 2229 arbitrio
1689 2183 1747 2227 suo

420 2264 517 2330 fecit?
541 2267 672 2350 Semper
693 2282 732 2326 eo
754 2270 873 2328 tractus
895 2269 958 2337 est,
982 2283 1046 2347 quo
1069 2261 1169 2324 libido
1183 2262 1304 2344 rapuit,
1328 2282 1391 2345 qno
1413 2261 1540 2334 levitas,
1562 2279 1628 2343 quo
1649 2257 1749 2333 luror,

421 2381 484 2446 qno
505 2358 695 2425 vinolentia:
726 2377 852 2441 semper
873 2378 947 2421 eum
969 2356 1032 2420 duo
1055 2355 1220 2419 dissimilia
1247 2374 1363 2438 genera
1383 2360 1569 2428 tenuerunt,
1597 2353 1749 2417 lenonum

420 2462 453 2519 et
473 2454 649 2530 latronum3
672 2454 716 2517 ita
738 2451 920 2516 domesticis
941 2451 1074 2534 stupris,
1101 2449 1282 2513 forensibus
1303 2448 1481 2532 parricidiis
1502 2448 1691 2524 delectatur,
1711 2456 1751 2510 ut

381 2547 546 2613 romulieri
578 2547 668 2612 citius
704 2547 907 2612 avarissimae
939 2546 1081 2631 paruerit
1113 2563 1208 2626 quam
1237 2544 1360 2607 senatui
1390 2542 1574 2628 populoque
1595 2544 1747 2607 Romano.

418 2643 470 2707 lll.
492 2642 522 2707 5.
544 2643 656 2726 ltaque
672 2641 758 2726 qnod
780 2642 875 2724 paulo
897 2649 971 2704 ante
991 2639 1052 2702 feci
1074 2639 1109 2700 iu
1130 2636 1367 2701 senatufaciam
1382 2636 1467 2720 apud
1480 2657 1549 2700 vos.
1571 2636 1748 2712 Testificor,

418 2738 588 2813 denuntio,
617 2744 692 2800 ante
719 2735 868 2821 praedico
898 2734 978 2797 nihil
1006 2736 1047 2796 bl.
1074 2733 1248 2795 Antonium
1277 2753 1404 2807 eornm,
1435 2751 1518 2815 quae
1539 2736 1614 2794 sunt
1634 2729 1748 2814 legatis

418 2831 579 2906 mandata,
601 2831 775 2898 facturum:
796 2835 990 2892 vastaturum
1006 2846 1113 2910 agros,
1131 2826 1283 2889 Mutinam
1299 2827 1513 2900 obsessurum,
1535 2824 1749 2910 dilectusque

417 2926 519 3012 possit
538 2923 731 2988 habiturum.
765 2925 795 2986 ls
818 2930 867 2985 est
888 2923 972 2985 enim
995 2921 1066 2995 ille,
1088 2919 1143 3003 qui
1166 2939 1292 3002 semper
1312 2926 1441 2983 senatus
1462 2919 1617 2983 iudicium
1637 2926 1671 2983 et
1689 2939 1749 2983 au·

378 3021 612 3094 suetoritatem,
635 3037 762 3100 semper
781 3017 976 3080 voluntatem
998 3021 1134 3078 vestram
1157 3021 1409 3097 potestatemque
1432 3014 1666 3097 contempserit.
1696 3016 1746 3077 llu

415 3117 471 3180 ille
492 3114 525 3178 id
548 3113 658 3188 iaciat,
680 3111 767 3196 qnod
788 3112 886 3195 paulo
908 3118 981 3174 ante
1004 3108 1163 3172 decretum
1184 3116 1249 3184 est,
1275 3116 1312 3172 nt
1332 3109 1507 3172 exercitum
1528 3108 1607 3171 citra
1626 3104 1753 3170 llumen

248 3202 275 3305 9
415 3209 628 3282 Rubiconem,
650 3207 705 3298 Qi.
726 3204 801 3269 linis
823 3213 872 3269 est
893 3204 1031 3280 Galliae,
1053 3203 1215 3278 educeret,
1241 3203 1316 3267 dum
1336 3221 1377 3265 ue
1399 3203 1531 3286 propius
1553 3203 1666 3269 urbem
1682 3201 1745 3264 llo-

414 3323 499 3367 mam
522 3301 570 3365 GC
592 3299 678 3363 milia
699 3299 902 3363 admoveret?
928 3299 1011 3362 Huic
1033 3297 1264 3362 denuntiationi
1285 3297 1340 3361 ille
1361 3300 1494 3381 pareat?
1515 3293 1570 3359 ille
1592 3315 1627 3358 se
1647 3293 1745 3359 tlurio

259 3387 284 3455 lt
413 3396 579 3460 llubicoue
599 3402 632 3457 et
647 3391 695 3456 CC
717 3393 845 3456 milibus
867 3393 1134 3476 circumscriptum
1156 3411 1227 3454 esse
1248 3392 1411 3474 patiatur?
1433 3387 1463 3452 6.
1477 3392 1547 3453 Non
1570 3389 1664 3475 isest
1677 3391 1743 3452 An·

377 3491 533 3555 notonius.
565 3491 645 3551 Nam
667 3487 694 3550 si
717 3494 817 3562 esset,
840 3507 905 3550 uon
928 3487 1139 3550 commisisset
1160 3493 1196 3548 ut
1217 3486 1247 3549 ei
1269 3492 1414 3559 senatus,
1438 3493 1602 3566 tamquam
1623 3483 1746 3546 Hanni-

415 3582 479 3648 bali
512 3582 603 3646 initio
635 3579 711 3644 belli
743 3581 871 3656 Punici,
905 3581 1106 3645 denuntiaret
1132 3601 1173 3644 ne
1202 3588 1400 3664 oppugnaret
1428 3578 1612 3662 Saguntum.
1650 3577 1746 3654 Quod

416 3698 491 3742 vero
521 3676 567 3741 ita
592 3683 741 3741 avocatur
761 3695 781 3740 a
803 3677 941 3750 Mutina,
969 3684 1005 3739 ut
1036 3676 1075 3738 ab
1097 3675 1176 3738 urbe
1196 3681 1357 3760 tamquam
1377 3666 1537 3756 pestitera'
1550 3674 1675 3738 tlamrna
1695 3692 1746 3737 ar-

415 3779 540 3846 ceatur,
562 3788 657 3855 quarn
678 3769 775 3832 hahet
795 3769 1019 3853 ignominiam!
1043 3769 1131 3853 quod
1152 3768 1308 3857 indicium
1325 3767 1470 3831 senatus!
1493 3766 1601 3843 Quidt
1624 3766 1745 3853 quoda

416 3871 530 3930 senatu
551 3864 667 3929 dantur
686 3862 835 3929 mandata
856 3863 986 3948 legatis,
1008 3871 1044 3927 ut
1064 3865 1102 3928 B.
1125 3865 1256 3926 Brutum
1279 3862 1459 3945 militesque
1475 3862 1542 3924 eiua
1561 3863 1677 3926 adeant
1687 3862 1744 3925 iis·

378 3980 480 4045 esque
508 3961 727 4024 demonstrent
754 3977 876 4022 summa
904 3958 939 4021 in
968 3977 1036 4021 rem
1064 3957 1226 4040 publicam
1255 3957 1365 4022 merita
1395 3954 1612 4041 beneficiaque
1634 3974 1743 4021 eorum

273 4081 290 4126 s
416 4063 504 4138 grata
531 4073 602 4118 esse
633 4053 756 4118 senatui
789 4053 972 4137 populoque
1001 4054 1144 4117 Romano
1171 4053 1278 4137 iisque
1308 4070 1378 4116 eam
1407 4071 1474 4116 rem
1501 4070 1635 4135 magnae
1655 4050 1742 4116 laudi

482 4396 505 4445 4.
522 4374 635 4458 Bacca
652 4395 733 4460 (prior
749 4409 762 4446 4
778 4397 804 4446 in
821 4395 885 4459 ras.)
903 4395 935 4455 V,
954 4395 1013 4446 tort.
1032 4407 1065 4446 ex
1080 4398 1239 4456 4444444444
1257 4417 1285 4430 -
1303 4390 1328 4441 2.
1347 4395 1410 4454 opat
1424 4389 1488 4440 V-
1507 4391 1533 4442 o.
1548 4393 1662 4456 torpeatis
1676 4392 1701 4443 V
1713 4420 1741 4431 -

413 4468 646 4532 reipasblicosVi:
660 4471 755 4533 populo
771 4472 883 4521 4444444444
900 4472 960 4522 0-
980 4470 1197 4527 tamarcem
1215 4467 1357 4519 occmicrit
1372 4469 1420 4517 4-
1440 4467 1518 4518 iisV:
1537 4468 1574 4518 4444
1590 4469 1599 4518 4
1617 4497 1645 4508 -
1663 4469 1688 4520 8.
1700 4469 1742 4518 444-

413 4543 512 4607 ruperit
526 4544 549 4593 V
569 4570 595 4581 ·-
614 4551 770 4611 oppoqrretne
785 4546 848 4596 v-
868 4545 892 4595 9.
910 4546 1062 4596 condictoris
1076 4547 1100 4596 V
1116 4572 1143 4582 -
1162 4545 1202 4596 40.
1221 4543 1407 4595 044444444ᾶαί444
1416 4542 1448 4605 V,
1466 4541 1526 4593 tort.
1538 4554 1572 4592 ex
1588 4543 1742 4594 mosetto

410 4633 493 4684 poene
511 4646 538 4656 -
558 4620 598 4670 44.
617 4618 678 4670 bruc
694 4619 726 4670 V¹
739 4649 767 4658 -
786 4621 826 4672 44.
844 4621 962 4672 4444444444
977 4621 1018 4672 Vi
1037 4649 1064 4659 -
1085 4622 1124 4673 43.
1143 4619 1256 4670 4044444444
1272 4618 1320 4667 V¹i
1339 4644 1366 4654 -
1385 4617 1416 4668 43
1429 4618 1510 4671 etii.
1528 4617 1675 4669 BiccmV:
1694 4619 1740 4670 4444.

414 4697 452 4747 40
465 4721 492 4731 -
512 4695 553 4747 44.
566 4696 751 4748 dmoaticttoac
761 4695 794 4747 V¹
806 4724 833 4735 ·-
854 4698 894 4748 tu.
906 4702 1002 4748 tructus
1018 4702 1054 4748 est
1063 4696 1166 4761 scripsI,
1183 4695 1393 4759 interpunctione
1411 4690 1461 4742 loci
1472 4691 1631 4744 emendata:
1647 4698 1743 4746 44444444

414 4775 437 4822 44
453 4768 530 4834 Vici.
544 4768 578 4819 ad
593 4783 621 4836 p.
634 4771 707 4833 4304,
722 4772 776 4835 4Ἱ);
795 4775 891 4823 tructus
906 4773 943 4824 io
958 4800 985 4810 -
1005 4774 1045 4824 48.
1063 4771 1203 4823 4444444444
1214 4770 1266 4831 444;
1284 4769 1402 4820 0444444444
1417 4766 1518 4834 aliquot
1528 4768 1606 4820 codd.
1619 4771 1739 4822 Ferrarii.

416 4871 444 4883 -
463 4845 633 4897 tenoemutV
655 4857 723 4896 corr.
748 4859 782 4897 ex
801 4853 893 4898 uerunt
916 4874 943 4884 -
970 4849 1011 4900 22.
1030 4846 1173 4903 daumio
1193 4845 1230 4905 V3
1255 4845 1372 4896 0444444444
1392 4848 1464 4906 oeta,
1488 4844 1608 4906 praedico
1624 4844 1742 4897 dbdnxit

413 4921 584 4975 blanckenlus
601 4921 628 4970 in
645 4920 760 4972 0444444.
777 4922 806 4973 L.
825 4923 853 4973 L.
872 4935 899 4988 p.
918 4922 979 4984 775,
998 4923 1028 4972 ut
1044 4924 1085 4972 est
1101 4921 1128 4971 in
1144 4920 1220 4970 Verr.
1233 4921 1291 4971 Act.
1303 4920 1329 4979 1,
1348 4919 1363 4983 5
1380 4917 1421 4969 36.
1437 4944 1465 4956 -
1481 4918 1523 4969 40.
1536 4922 1602 4970 ostro
1616 4917 1658 4972 ms
1671 4922 1738 4987 (sup.

412 4996 458 5050 lin.
475 4997 520 5064 4444)
537 4997 581 5060 qni
596 4995 621 5045 V
638 4995 672 5060 (tn
688 5008 773 5060 marg.
791 4997 934 5048 4444444444
955 4996 1100 5061 eddilum);
1123 4995 1157 5047 ol.
1175 5008 1215 5045 or.
1233 4995 1292 5057 Vll,
1315 4993 1379 5058 §26
1396 4995 1424 5044 et
1438 5007 1465 5044 v.
1483 4991 1551 5044 intra
1568 4993 1603 5044 ad
1618 5008 1645 5060 p.
1664 4995 1737 5059 4340,

412 5069 454 5122 30.
475 5098 503 5109 -
521 5070 563 5122 27.
578 5070 692 5136 propius]
706 5071 763 5134 piac
778 5071 835 5132 Vl;
854 5085 879 5123 v.
898 5071 932 5123 ad
949 5085 976 5137 p.
995 5072 1068 5134 43444,
1087 5071 1128 5122 30.
1143 5097 1171 5108 -
1190 5071 1231 5122 28.
1250 5071 1290 5122 00
1303 5082 1357 5122 om.
1369 5069 1403 5120 V¹
1416 5096 1442 5106 -
1459 5069 1513 5121 mil.
1525 5068 1565 5119 Vt
1584 5095 1612 5107 -
1629 5071 1739 5137 4444444444

411 5145 435 5195 V
454 5173 481 5184 -
500 5145 541 5198 29.
560 5152 584 5198 44
600 5147 730 5197 Faernus:
749 5159 803 5198 orn.
821 5146 906 5211 Vol,
927 5147 976 5200 sed
994 5149 1035 5199 est
1051 5149 1078 5198 in
1093 5147 1118 5197 V
1134 5147 1195 5198 ante
1212 5145 1252 5198 00
1265 5159 1360 5197 rasura
1376 5137 1492 5197 duamui
1505 5144 1620 5197 triumve
1636 5143 1737 5196 littera-

412 5233 483 5273 rum.
498 5247 526 5257 -
543 5221 596 5272 mit.
609 5221 648 5272 Vi
669 5249 696 5260 -
714 5221 782 5273 ectV
797 5222 825 5274 ln
841 5235 894 5274 rea.
913 5221 1003 5274 habet.
1019 5250 1047 5260 -
1065 5221 1360 5275 accommodasset·
1379 5223 1420 5275 24.
1438 5220 1581 5273 secov-
1600 5219 1641 5272 34.
1657 5223 1737 5288 fimas

411 5295 475 5346 V·
494 5295 724 5362 3444444444444444
742 5298 1074 5362 cccv-sommam
1093 5301 1351 5364 παὶ-44444444.
1369 5295 1644 5362 rumpetur.
