4009 6159
710 604 784 669 cn.
805 603 962 668 x-xn.
988 601 1035 688 ss
1057 599 1205 668 ac-st.
1534 590 1619 659 asos

295 775 424 850 ridetis,
447 773 487 838 de
507 773 682 838 honoribus
704 779 736 838 et
756 776 903 857 praemiis
923 775 1007 839 bene
1028 774 1069 839 de
1089 793 1124 837 re
1145 773 1272 859 publica
1293 772 1478 837 meritorum
1500 777 1533 834 et
1552 789 1619 833 me-

294 869 448 933 rentium:
471 887 605 951 quorum
628 867 802 951 principem
826 867 989 932 iudicastis
1012 888 1102 945 eum,
1125 870 1180 954 qui
1200 869 1278 943 tuit,
1301 868 1335 932 G.
1357 868 1539 941 Gaesarem,
1561 865 1619 950 qui
1710 837 1740 932 l

295 965 336 1028 bl.
353 961 482 1025 Antonii
504 961 640 1045 impetus
661 961 800 1026 nefarios
823 963 862 1026 ab
883 962 963 1027 urbe
984 962 1172 1026 in‘Galiiam
1194 964 1325 1027 avertit:
1349 959 1551 1025 tum'milites
1565 978 1620 1022 re·

294 1064 438 1128 tarenos,
467 1055 522 1139 qui
543 1057 637 1138 primi
661 1055 826 1120 Caesarem
849 1058 949 1121 secuti
971 1065 1064 1131 sunt,
1095 1065 1191 1141 atque
1214 1056 1285 1120 illas
1307 1056 1460 1120 caelestes
1481 1055 1620 1118 divinas·

297 1169 359 1234 que
380 1148 520 1240 legiones
541 1149 684 1213 Martiam
706 1155 740 1212 et
761 1157 905 1234 quartam
927 1150 1171 1233 comprobastis,
1203 1150 1334 1233 quibus,
1362 1169 1435 1213 curn
1456 1146 1619 1212 consulem
1628 1158 1648 1204 o·
1690 1111 1764 1224 f}

295 1265 387 1308 suum
408 1263 474 1306 non
496 1242 591 1306 modo
612 1242 831 1327 reliquissent,
862 1243 918 1307 sed
948 1244 1034 1308 bello
1055 1243 1150 1308 etiarn
1172 1251 1454 1328 persequerentur,
1468 1243 1620 1306 ¹honores

296 1345 328 1402 et
348 1337 488 1422 praemia
509 1335 744 1419 spopondistis:
775 1339 952 1420 eodemque
974 1338 1026 1400 die
1054 1340 1092 1400 l).
1114 1339 1219 1413 Bruti,
1249 1338 1511 1422 praestantissimi
1533 1335 1621 1428 cipis,
1725 1327 1755 1416 ,f

296 1432 399 1496 edicto
428 1430 523 1493 allato
554 1439 648 1514 atque
676 1431 858 1513 proposito,
891 1431 1009 1495 iactum
1036 1432 1106 1496 eius
1135 1432 1357 1506 collaudastis,
1390 1431 1541 1516 quodque
1566 1429 1622 1493 iile
1724 1422 1732 1434 ‘

294 1525 412 1590 bellurn
440 1524 562 1608 privato
593 1524 726 1588 consilio
754 1533 951 1608 susceperat,
982 1525 1017 1588 id
1043 1545 1100 1590 ros
1125 1526 1311 1590 auctoritate
1331 1527 1457 1610 publica
1478 1543 1623 1606 compro·

247 1655 256 1684 t
295 1620 404 1684 bustis.
446 1615 498 1681 29.
521 1617 606 1694 Quid
636 1618 734 1701 igitur
760 1618 816 1682 illo
843 1619 894 1681 dia
916 1619 1004 1682 eliud
1026 1620 1134 1704 egistis
1155 1620 1219 1683 nisi
1240 1627 1276 1683 ut
1295 1620 1419 1684 bostem
1440 1618 1660 1682 iudicaretisto

297 1714 493 1778 Antonium?
525 1713 581 1776 llis
603 1713 716 1777 restris
740 1711 872 1776 decretis
894 1721 948 1776 aut
972 1714 1029 1777 ille
1050 1734 1107 1778 vos
1129 1733 1232 1798 nequo
1253 1715 1360 1777 animo
1381 1714 1544 1797 adspicere
1565 1731 1623 1796 po-

297 1810 372 1874 terit
397 1815 452 1872 aut
478 1826 533 1871 ros
563 1807 653 1870 illurn
681 1807 749 1871 sine
776 1806 887 1870 dolore
917 1827 1040 1871 summo
1068 1807 1237 1871 videbitis?
1271 1807 1416 1871 Exclusit
1435 1807 1526 1870 illurn
1547 1825 1566 1868 a
1587 1823 1622 1867 re

297 1903 439 1988 publica,
473 1900 635 1974 distraxit,
668 1901 847 1984 segregavit
876 1920 939 1964 non
962 1902 1063 1966 solnm
1086 1901 1190 1966 scelus
1215 1902 1333 1982 ipsius,
1365 1899 1554 1972 sedetiam,
1586 1905 1648 1961 nt'

299 1996 375 2060 mibi
397 1993 539 2068 ridetur,
561 1994 686 2059 fortuna
707 1995 863 2078 quaedam
886 1997 932 2058 rei
954 1995 1111 2078 publicae.
1145 1995 1207 2072 Qui
1229 1997 1257 2059 si
1278 1995 1389 2078 legatis
1409 1993 1547 2077 paruerit
1559 1992 1624 2054 Ro·

297 2107 444 2173 mamquc
466 2086 612 2163 redierit,
634 2107 712 2151 num
734 2107 883 2173 umquam
906 2089 1037 2172 perditis
1052 2090 1173 2153 civibus
1188 2089 1340 2153 vexilium
1354 2107 1418 2172 quo
1433 2090 1661 2151 concurrentia

296 2183 477 2248 defuturum
498 2183 638 2266 putatis?
662 2181 726 2246 Sed
747 2182 809 2246 boc
830 2184 934 2246 minus
948 2203 1076 2246 vereor:
1098 2191 1174 2246 sunt
1186 2184 1265 2258 alia,
1287 2201 1369 2268 quae
1383 2183 1482 2264 magis
1496 2181 1622 2244 timeam

296 2287 329 2344 et
350 2279 496 2360 cogitem.
532 2278 709 2359 Numquam
732 2275 855 2358 parebit
874 2275 930 2339 ille
952 2276 1081 2359 legatis:
1119 2277 1194 2341 nori
1215 2277 1354 2340 bominis
1374 2277 1546 2350 insaniam,
1574 2293 1624 2338 ar·

295 2371 489 2456 rogantiam;
521 2369 596 2434 nori
630 2369 753 2452 perdita
786 2368 920 2432 consilia
950 2370 1142 2444 amicornm,
1175 2370 1291 2452 quibus
1325 2371 1379 2434 ille
1409 2377 1458 2435 est
1485 2368 1622 2433 deditus.

296 2464 347 2530 30.
369 2467 485 2529 Lucius
509 2464 638 2548 quidem
660 2462 758 2560 irater
780 2463 863 2538 eius,
885 2471 995 2546 utpote
1018 2465 1074 2546 qui
1095 2464 1449 2547 peregredepugnarit,
1469 2463 1622 2527 familiam
1707 2443 1735 2530 l

297 2559 393 2623 ducit.
430 2559 479 2621 Sit
501 2577 558 2641 per
580 2575 614 2622 se
635 2557 705 2638 ipse
727 2577 842 2632 sanna,
864 2558 952 2640 quod
973 2574 1146 2642 numquam
1168 2558 1243 2620 erit:
1274 2578 1331 2641 per
1352 2558 1412 2621 bos
1432 2577 1502 2622 esse
1524 2558 1555 2620 ei
1575 2564 1660 2619 ta-ao

297 2673 370 2716 men
398 2672 461 2716 non
494 2650 611 2714 licebit.
646 2653 780 2716 'l'eretur
807 2653 928 2715 interea
949 2659 1092 2735 tempus,
1120 2652 1196 2715 belli
1219 2660 1388 2736 apparatus
1408 2651 1623 2734 refrigescent.

297 2745 387 2810 llnde
409 2754 457 2810 est
479 2745 584 2809 adbuc
605 2746 723 2810 bellurn
744 2753 876 2811 tractum
892 2745 953 2809 nisi
969 2765 1012 2808 ex
1029 2745 1241 2809 retardatione
1256 2749 1410 2810 etmoral
1432 2746 1472 2809 lit
1486 2745 1622 2828 primurn

296 2847 370 2925 post
393 2839 565 2904 discessum
587 2840 719 2904 latronis
742 2841 793 2908 rel
820 2841 926 2924 potius
949 2839 1147 2924 desperatam
1167 2839 1275 2923 fugam
1296 2840 1396 2904 libere
1418 2846 1546 2904 senatus
1566 2840 1623 2903 ba-

296 2934 365 2999 beri
386 2935 506 3018 potuit,
529 2954 656 3018 semper
677 2931 814 3018 ilagitavi
836 2940 873 2998 ut
892 2952 1148 2997 convocaremus.
1185 2933 1258 3010 Quo
1281 2934 1333 2997 die
1355 2936 1491 3018 primum
1505 2954 1623 2999 convo-

296 3029 358 3096 cati
389 3049 514 3105 sumus,
548 3049 618 3093 cum
649 3029 804 3111 designati
835 3028 983 3092 consules
1012 3048 1079 3091 non
1100 3030 1263 3104 adessent,
1292 3029 1354 3092 ieci
1376 3029 1531 3093 sententia
1551 3043 1659 3092 means

296 3123 432 3188 maximo
455 3131 560 3187 restro
584 3142 742 3187 consensu
765 3122 970 3186 fundamenta
991 3122 1039 3185 rei
1060 3123 1220 3207 priblicae,
1252 3124 1352 3187 serius
1374 3124 1504 3187 omnino
1526 3143 1622 3208 quarn

295 3217 403 3281 decuit
422 3249 464 3265 -
486 3237 545 3280 nec
568 3217 652 3280 enim
674 3224 746 3279 ante
769 3218 859 3299 potui
881 3247 938 3292 -,
972 3216 1029 3279 sed
1059 3223 1163 3278 tamen
1191 3215 1219 3279 si
1249 3235 1290 3279 ex
1317 3235 1355 3280 eo
1384 3225 1527 3300 tempore
1553 3218 1622 3281 dies

293 3311 401 3376 nullus
423 3312 622 3375 intermissus
644 3317 744 3386 esset,
772 3310 889 3374 bellum
910 3309 1054 3393 proiecto
1076 3309 1200 3372 nullum
1219 3309 1418 3373 haberemus.
1453 3306 1505 3372 tii.
1521 3310 1622 3374 Omne

295 3403 413 3469 malum
441 3425 575 3469 nascens
598 3403 690 3468 facile
711 3405 920 3487 opprimitur:
951 3403 1157 3467 inveteratum
1179 3401 1216 3466 lit
1242 3404 1431 3488 pierumque
1451 3405 1621 3469 robustius.

296 3500 358 3564 Sed
380 3509 446 3564 tnm
470 3499 735 3583 exspectabantur
749 3497 911 3568 Kalendae
926 3497 1109 3571 Ianuariae,
1130 3496 1264 3561 fortasse
1278 3516 1343 3561 non
1357 3505 1452 3562 recte.
1475 3501 1545 3564 xii.
1560 3501 1659 3564 lle-ao

296 3614 364 3658 rum
386 3594 556 3678 praeterita
577 3593 768 3658 omittamus.
804 3591 949 3656 Etiamne
972 3591 1054 3654 banc
1075 3609 1196 3654 moram
1217 3587 1424 3677 [aderamus],
1452 3594 1527 3658 dum
1547 3613 1623 3677 pro·

361 3872 1167 3938 r.praoonv1-s.uaeusuun-a.marcuv¹-
1188 3874 1275 3924 aratoris¹
1292 3873 1327 3934 Vi
1345 3873 1505 3927 comm
1522 3877 1623 3927 Astoatt

293 3952 399 4013 impetus
417 3950 444 4000 ia
465 3949 575 4000 cauum
596 3947 685 3998 mariti
707 3947 783 3999 affert
803 3947 946 3999 Arusianus
967 3960 993 4011 p.
1010 3947 1060 3998 209
1075 3948 1110 3998 'et
1130 3948 1211 3999 Prisc.
1230 3948 1322 4011 livill,
1341 3949 1386 4010 ts,
1405 3947 1420 4014 g
1438 3950 1498 4010 4444,
1523 3951 1550 4001 tn
1567 3964 1621 4016 qno

294 4029 382 4076 tamen
400 4023 495 4090 iegitur
510 4029 622 4074 sverm
635 4050 661 4060 -
679 4022 809 4087 goliam
822 4050 848 4060 -
866 4023 942 4073 uertit
958 4023 979 4073 l)
993 4047 1021 4059 -
1040 4028 1093 4072 aaa
1108 4022 1240 4083 deiadffi
1259 4023 1345 4074 ds‘osde
1361 4023 1413 4075 DO
1424 4051 1452 4062 -
1469 4022 1494 4075 i.
1510 4025 1622 4087 maan

291 4101 316 4151 v
329 4127 355 4138 -
375 4105 427 4150 tusa
443 4105 518 4162 atquc
535 4099 570 4156 v:
588 4103 641 4149 tura
657 4098 714 4149 Do.
737 4099 766 4148 in
783 4095 880 4162 duplici
897 4098 1029 4163 scriptura
1045 4099 1176 4149 incertum
1193 4099 1235 4150 ssi
1251 4097 1315 4163 qnid
1332 4099 1386 4149 clo.
1404 4100 1552 4164 scripserit;
1572 4113 1621 4151 nos

293 4176 382 4226 tamen
394 4179 492 4226 tuan
500 4180 575 4237 otpu
585 4173 791 4239 praeterendum
803 4173 1011 4224 existimavimus
1022 4185 1083 4224 eam
1094 4174 1261 4238 potissimum
1275 4172 1311 4225 ob
1322 4185 1441 4235 caumm,
1453 4174 1525 4238 qnod
1536 4175 1624 4227 mdc

292 4255 391 4300 --tum
408 4253 448 4301 ast
465 4249 542 4302 lectio
554 4249 657 4313 vulgata
674 4247 751 4299 codd.
766 4248 938 4309 deteriorum,
954 4261 1024 4312 qnae
1040 4247 1075 4298 ad
1093 4249 1227 4313 propriam
1244 4261 1315 4313 qnae
1331 4249 1417 4300 iuerat
1432 4249 1459 4299 ln
1473 4251 1622 4315 arcuetypo

293 4324 399 4376 videtur
408 4324 512 4377 adiecta
525 4337 597 4377 esse.
609 4349 637 4361 -
649 4323 721 4374 illesa
731 4324 754 4375 V
765 4349 791 4361 -
805 4323 914 4374 castmtis
923 4321 972 4373 Vb
987 4350 1014 4361 -
1032 4323 1057 4374 o.
1070 4324 1247 4386 comprobastis
1262 4325 1394 4375 Faernus:
1411 4325 1577 4387 comprobatis
1586 4327 1620 4387 Ἲς

293 4398 454 4450 οω.4)0-
473 4399 637 4450 uamv-
654 4399 916 4460 parmamarv—
936 4400 1195 4462 ispopoaatasv-
1215 4399 1624 4466 nomn-audissem

291 4475 353 4526 V·-
372 4474 528 4525 cmlaudotis
543 4474 580 4530 V:
599 4472 785 4524 collaudauistts
801 4474 822 4524 D
839 4497 866 4510 ·-
885 4474 910 4524 s.
928 4476 1137 4538 conproucts'sV3
1155 4475 1364 4540 conprobaretur
1379 4476 1401 4526 D
1415 4503 1443 4513 -
1465 4478 1506 4529 iii.
1524 4479 1621 4529 cmv

293 4557 503 4602 corr.eacut—
520 4550 727 4601 stuvene-ea
743 4551 804 4600 aaut
819 4551 932 4600 -utv:
950 4556 979 4600 ut
994 4563 1024 4602 re
1039 4555 1116 4615 agn
1132 4550 1463 4616 uttcb,sedtapnnct.—
1482 4553 1622 4605 samue

293 4628 452 4688 aequali·
470 4627 511 4676 tt.
529 4639 607 4688 orep
625 4623 891 4687 (padd.m.a)v-
908 4627 947 4677 43.
965 4626 1107 4677 tutata-
1126 4627 1488 4688 tpdacutettammilstt-
1506 4630 1622 4680 inausa

291 4713 412 4764 amquam
428 4704 455 4753 P.
474 4702 528 4752 itio.
547 4699 689 4753 ltneiierus
706 4698 804 4761 (Philoi.
823 4700 870 4761 rx,
889 4701 959 4764 484),
976 4702 1008 4751 ut
1023 4701 1077 4778 iapn
1091 4703 1213 4752 Garatoni
1230 4703 1418 4766 proposuerat:
1436 4704 1619 4765 amqucmll3

292 4777 584 4838 aumouoadclio-
604 4775 643 4826 46.
662 4771 857 4830 saoaov¹-
877 4775 1622 4843 oimobquoeD-asopisom.t-tisacamstcopt·

293 4857 342 4902 tam
357 4851 394 4901 V:
413 4863 467 4902 orn.
481 4853 503 4902 D
518 4877 544 4888 -
565 4851 605 4900 tn.
623 4849 732 4900 bominac
747 4849 811 4899 V·
829 4851 946 4900 iocosam
962 4853 1119 4902 Faernus-
1137 4852 1316 4917 adrogantiam
1331 4851 1354 4901 V
1372 4879 1399 4890 -
1423 4852 1463 4902 49.
1481 4853 1510 4903 L.
1523 4853 1622 4915 quidm

293 4927 388 4979 VD-
406 4927 491 4978 tonat
507 4939 581 4989 spero
597 4923 1410 4993 saV13dpcrch2D-24.Feretrsrat;ditfsraturb—
1427 4927 1621 4992 repaspmeatt

296 5027 323 5042 -
342 5001 383 5052 ti.
401 5006 510 5051 tractam
526 5002 561 5052 V:
585 5000 679 5050 omli
702 5023 730 5038 -
754 5013 788 5052 eor
807 5001 845 5051 rat
865 5002 1007 5052 mrdcttoas
1022 5000 1061 5052 bt
1080 5027 1107 5040 -
1132 5002 1173 5054 23.
1192 5001 1267 5054 libers
1282 5003 1306 5052 V
1322 5003 1348 5055 in
1365 5015 1418 5053 ras.
1436 5015 1474 5054 m.
1491 5004 1508 5052 t
1524 5002 1618 5061 babet;

294 5076 353 5129 lort.
373 5075 527 5126 tuerattuto
549 5101 577 5112 -
600 5075 641 5126 25.
660 5073 936 5142 odmmtlagisiscit
957 5101 984 5113 -
1012 5077 1211 5128 summast
1233 5103 1261 5114 -
1283 5077 1622 5140 musmonem

292 5151 456 5215 flammata
466 5149 501 5210 V,
520 5153 546 5201 in
563 5162 616 5214 quo
633 5149 803 5202 maniiestum
821 5153 863 5202 est
878 5149 1024 5215 glossema3
1043 5149 1136 5203 saitem
1154 5153 1288 5203 nescium
1300 5151 1363 5216 qnid
1377 5150 1466 5203 lateat.
1480 5179 1508 5189 -
1521 5153 1621 5202 casamo

293 5225 1023 5290 maiust-ti.pctuisaattposuissemb)tssaml)-
1045 5227 1246 5278 sesami
1267 5239 1336 5278 corr.
1356 5239 1497 5278 exaos-
1520 5226 1620 5277 titan

294 5301 354 5354 &aas
369 5300 418 5353 Vb
436 5327 464 5339 -·
483 5301 524 5354 34.
541 5301 682 5374 odiam
701 5301 761 5354 inv
777 5314 814 5354 m.
832 5301 848 5354 t
865 5301 892 5353 in
908 5314 992 5366 marg.
1004 5300 1144 5368 supplevit.
1163 5302 1231 5354 cnm
1250 5304 1289 5354 tot
1304 5300 1439 5368 ellipsibns
1455 5301 1482 5353 in
1497 5299 1539 5354 bis
1555 5313 1618 5352 ora·
