4009 6159
683 635 757 702 cn.
779 635 908 704 ru-v.
936 633 982 721 se
1004 633 1132 702 7-ra.
1483 632 1566 701 loir

248 805 304 870 sed
326 806 421 872 etiam
443 811 552 869 ornata
574 805 676 869 tendit
690 805 850 872 dexteram
870 808 980 874 ltaliae
1002 827 1159 892 suumque
1176 809 1206 872 ei
1226 807 1417 893 praesidium
1437 807 1568 893 pollice-

245 907 306 963 tur.
343 898 437 976 Quod
460 899 515 985 qui
543 899 582 962 ab
612 899 667 964 illo
694 899 824 964 abducit
851 905 1042 978 exercitum,
1072 911 1105 967 et
1123 911 1301 986 respectum
1322 903 1569 986 pulcherrimum

246 1000 278 1057 et
298 993 491 1077 praesidium
514 991 725 1058 firmissimum
747 994 857 1060 adimit
877 997 923 1059 rei
946 996 1103 1080 publicae.
1140 993 1191 1060 le.
1208 997 1364 1082 Equidem
1382 997 1477 1079 cupio
1491 996 1570 1058 haec

246 1108 342 1171 quam
362 1089 500 1172 primum
514 1088 685 1152 Antonium
705 1089 833 1164 audire,
853 1096 889 1152 ut
903 1089 1060 1173 intelligat
1074 1110 1138 1153 non
1152 1093 1190 1154 ll.
1206 1091 1354 1166 Brutum,
1376 1110 1472 1174 quem
1486 1088 1569 1153 vallo

245 1183 488 1258 circumsedeat,
510 1182 566 1246 sed
590 1203 623 1245 se
644 1184 748 1265 ipsum
771 1182 918 1246 obsideri.
961 1184 999 1247 V.
1022 1185 1095 1248 Tria
1116 1191 1203 1247 tenet
1224 1185 1343 1268 oppida
1364 1191 1431 1248 toto
1446 1183 1479 1245 in
1493 1181 1593 1246 orbes

245 1281 415 1352 terrarum3
443 1277 539 1340 habet
565 1276 814 1340 inimicissimam
843 1276 995 1352 Galliam;
1027 1297 1083 1341 eos
1105 1280 1217 1354 etiam,
1244 1279 1359 1362 quibus
1381 1275 1570 1350 confidebat,

245 1369 474 1446 alienissimos,
497 1369 756 1453 Transpadanos3
778 1369 870 1433 Italia
890 1371 993 1434 omnis
1016 1371 1131 1435 infesta
1153 1379 1218 1448 ost;
1241 1379 1369 1436 exterae
1391 1371 1568 1435 nationesa

245 1464 348 1546 prima
381 1484 436 1528 orn
468 1463 619 1528 Graeciae
651 1483 752 1548 usque
785 1463 825 1526 ad
851 1464 1030 1549 Aegyptum
1062 1467 1254 1550 optimorum
1275 1473 1307 1529 et
1326 1463 1569 1530 fortissimorum

246 1558 360 1621 civium
381 1559 522 1642 imperiis
545 1565 578 1622 et
602 1556 769 1641 praesidiis
790 1565 945 1621 tenentur.
982 1559 1058 1622 Erat
1079 1561 1109 1623 ei
1131 1581 1203 1644 spes
1224 1579 1288 1624 una
1307 1560 1342 1622 in
1365 1559 1399 1623 C.
1419 1559 1570 1631 Antonio,

247 1650 303 1736 qui
324 1651 457 1715 duorum
477 1650 607 1715 fratrum
630 1649 785 1714 aetatibus
807 1651 931 1715 medius
953 1653 1138 1717 interiectus
1154 1653 1238 1718 vitiis
1261 1675 1332 1718 cunr
1353 1660 1489 1736 unoque
1503 1664 1607 1714 cer-to

243 1746 340 1809 tabat.
375 1747 406 1810 ls
428 1753 588 1829 tamquam
611 1745 831 1810 extruderetur
851 1766 870 1809 a
892 1755 1003 1810 senatu
1024 1748 1057 1810 in
1078 1747 1314 1823 Macedoniam,
1335 1752 1368 1811 et
1381 1766 1445 1809 non
1461 1753 1571 1809 contra

244 1839 468 1921 prohiberetur
489 1837 662 1924 proficisci,
685 1840 730 1902 ita
751 1839 896 1902 cucurrit.
934 1836 984 1903 ll.
1001 1841 1091 1917 Quae
1106 1847 1293 1925 tempestas,
1316 1841 1348 1904 di
1362 1840 1570 1904 immortalesl

245 1953 327 2018 quae
356 1935 497 2010 ilamma,
528 1953 609 2018 quae
631 1933 778 2008 vastitas,
809 1953 891 2016 quae
919 1936 1019 2016 pestis
1041 1935 1206 2012 Graeciae,
1235 1935 1298 1998 nisi
1318 1933 1515 1998 incredibilis
1534 1950 1571 1996 ao

245 2027 352 2092 divina
380 2029 480 2092 virtus
509 2027 643 2092 furentis
669 2027 808 2090 hominis
837 2035 984 2093 conatum
1013 2035 1108 2113 atque
1129 2029 1293 2093 audaciam
1314 2025 1570 2112 compressisset!

245 2120 336 2197 Quae
364 2122 508 2186 celeritas
538 2121 593 2186 illa
620 2121 728 2184 Brutil
759 2139 842 2204 quae
863 2121 953 2184 cura!
985 2141 1067 2206 quae
1088 2122 1206 2186 virtusl
1233 2123 1301 2186 Etsi
1322 2142 1363 2185 ue
1387 2121 1421 2184 C.
1443 2118 1610 2205 quidemst

244 2215 376 2280 Antonii
398 2217 541 2280 celeritas
564 2215 794 2278 contemnenda
815 2222 879 2277 est:
901 2235 996 2299 quam
1018 2217 1080 2281 nisi
1101 2217 1135 2279 in
1149 2216 1201 2279 ria
1223 2216 1359 2280 caducae
1379 2214 1572 2279 hereditates

244 2308 475 2384 retardassent,
496 2309 622 2374 uolasse
645 2329 733 2382 eum,
766 2328 831 2372 non
852 2308 915 2373 iter
933 2307 1047 2372 iecisse
1070 2308 1203 2373 diceres.
1237 2309 1326 2374 Alios
1347 2308 1387 2372 ad
1409 2307 1573 2391 negotium

243 2402 406 2486 publicum
427 2404 474 2466 ire
496 2423 566 2467 cum
589 2404 749 2486 cupimus,
770 2402 826 2466 rix
848 2401 986 2466 solemus
1009 2404 1197 2467 extrudere:
1218 2404 1304 2467 hunc
1323 2403 1495 2466 retinentes
1517 2421 1573 2464 ex·

243 2496 404 2560 trusimus.
440 2498 482 2560 ht
510 2497 587 2581 quid
610 2497 639 2559 ei
661 2515 732 2559 cum
754 2495 945 2579 Apollonia?
976 2496 1054 2580 quid
1077 2516 1148 2560 oum
1174 2496 1370 2583 Dyrrachio?
1400 2495 1477 2580 qnid
1500 2513 1572 2558 cum

243 2589 394 2673 Illyrico?
417 2591 495 2675 quid
516 2610 587 2654 enm
610 2592 643 2654 P.
666 2589 784 2653 Vatinii
806 2590 1008 2674 imperatoris
1031 2591 1194 2655 exercitui
1217 2590 1607 2672 Suessanamque

244 2681 385 2759 dicebat,
415 2684 595 2748 Hortensio.
640 2683 723 2748 Certi
752 2683 833 2749 fines
855 2685 1077 2761 Macedoniae,
1107 2693 1192 2749 certa
1214 2685 1368 2761 conditio,
1397 2692 1517 2757 certus,
1545 2685 1572 2746 si

243 2777 339 2840 modo
363 2785 429 2842 erat
450 2778 551 2853 ullus,
575 2779 751 2842 exereitus:
774 2799 845 2844 cnm
866 2780 993 2864 Illyrico
1016 2801 1091 2845 vero
1114 2788 1147 2844 et
1168 2802 1239 2845 cum
1254 2780 1372 2846 Vatinii
1393 2776 1572 2861 legionibus

243 2871 322 2955 quid
344 2879 411 2936 erat
431 2872 593 2937 Antonio?
636 2869 686 2936 ti.
708 2874 750 2936 At
771 2894 811 2937 ne
833 2876 930 2937 Bruto
954 2875 1098 2959 quidem:
1120 2875 1153 2939 id
1169 2878 1252 2940 enim
1266 2874 1400 2938 fortasse
1415 2872 1573 2957 quispiam

242 2965 407 3048 improbus
429 2967 555 3030 dixerit
588 2966 706 3031 Omnes
726 2967 886 3051 legiones,
909 2988 1018 3032 omnes
1034 2970 1159 3053 copiae,
1182 2988 1265 3053 quae
1278 2969 1398 3052 ubique
1414 2974 1504 3040 sunt,
1525 2964 1573 3027 rei

243 3058 391 3142 publicae
413 3067 502 3126 sunt:
532 3081 591 3124 uec
622 3061 706 3124 enim
738 3081 793 3126 eae
816 3062 974 3146 legiones,
1004 3083 1086 3147 qnae
1107 3063 1150 3126 hl.
1171 3062 1345 3127 Antonium
1365 3061 1572 3146 reliquerunt,
1580 3073 1610 3122 ae

308 3314 334 3364 4.
352 3313 469 3366 mom
490 3314 500 3364 i
520 3338 548 3349 ·-
575 3315 600 3364 2.
618 3315 684 3377 qseod
706 3315 749 3378 φα·
771 3315 826 3366 Vi:
853 3328 932 3378 quare
949 3315 992 3378 qol
1008 3311 1183 3379 probabiliter
1199 3315 1267 3366 ceni.
1285 3315 1411 3366 Faernus.
1436 3313 1572 3378 Zumptlus

243 3389 324 3441 eiiam
340 3389 374 3440 de
391 3389 465 3442 0ifie.
483 3391 509 3452 1,
527 3388 543 3453 5
559 3387 592 3440 is
609 3392 719 3452 caedunt
734 3390 862 3442 inducere
879 3388 973 3450 voluit,
992 3393 1084 3440 eontra
1101 3402 1183 3454 quem
1199 3392 1273 3441 reete
1290 3391 1319 3441 F.
1337 3391 1367 3442 G.
1386 3387 1463 3440 hund
1478 3387 1505 3438 iu
1523 3386 1573 3436 Ot-

242 3479 323 3517 serev.
341 3465 408 3516 mitt.
426 3466 457 3515 de
472 3465 631 3515 mandendis
647 3465 717 3515 libris
734 3467 763 3516 de
779 3467 821 3530 off.
841 3464 997 3529 (Nylsioblng
1015 3465 1087 3528 ieie)
1106 3465 1161 3531 pl
1178 3466 1296 3516 monuit:
1316 3466 1495 3528 «Numquam,
1513 3464 1573 3527 opi-

243 3555 305 3603 nor,
324 3541 366 3604 tlt,
383 3543 414 3592 ut
430 3541 538 3604 quodque·
555 3539 652 3591 eodem
669 3540 750 3591 modo
773 3543 888 3605 ponatur
904 3542 984 3602 atque
1002 3539 1068 3603 qood
1084 3540 1118 3601 st,
1142 3540 1210 3602 ped
1224 3539 1280 3601 obi,
1303 3537 1367 3590 alia:
1390 3549 1479 3601 neque
1496 3535 1572 3588 lacile

243 3619 406 3682 conlungens
423 3615 486 3667 illud
504 3616 572 3678 qaod
586 3613 638 3678 [alii
655 3617 722 3678 qood
739 3613 995 3688 uapelsovvocant]
1013 3614 1048 3664 ed
1064 3612 1214 3665 subiectum
1231 3612 1345 3666 relatum
1355 3612 1504 3677 reperies·
1520 3609 1574 3662 Sed

243 3691 315 3756 quod
337 3691 411 3743 addit
432 3689 523 3742 locum
546 3704 585 3741 or.
607 3689 672 3742 Phil.
691 3691 727 3752 X,
750 3691 815 3757 §ro
837 3692 948 3743 tortasse
973 3688 1082 3739 meliore
1102 3688 1305 3753 interpungendi
1321 3687 1424 3738 ratione
1441 3687 1469 3737 et
1485 3686 1574 3751 ipsum

242 3768 329 3818 sanari
352 3780 445 3832 posse,
469 3779 518 3818 nos
536 3765 644 3830 quidem
668 3779 721 3831 qua
740 3767 792 3817 hoc
809 3765 878 3818 ellici
894 3764 978 3831 possit
995 3776 1048 3815 non
1064 3763 1196 3814 videmus.
1222 3762 1262 3813 Ci.
1280 3765 1371 3814 nmen
1387 3764 1468 3815 etiem
1484 3760 1574 3812 llaasii

243 3841 303 3893 edu.
322 3842 357 3893 ad
373 3843 477 3907 Reisigii
494 3841 581 3894 schol.
600 3843 628 3893 L.
641 3843 669 3893 1..
687 3856 714 3907 p.
727 3842 785 3894 378.
801 3871 828 3880 -
846 3846 870 3892 et
884 3845 1023 3904 respectam
1034 3849 1088 3888 om.
1101 3839 1124 3898 i;
1143 3837 1176 3888 ci.
1189 3836 1254 3888 Phil.
1267 3838 1315 3900 iil,
1333 3837 1401 3902 gie.
1416 3863 1444 3874 -
1462 3836 1487 3889 l.
1501 3847 1574 3898 qaeu

238 3917 737 3981 mommorenciacensem
756 3944 783 3954 -
805 3917 932 3980 intelleges
953 3915 1021 3966 V-
1046 3913 1206 3964 detimteoV
1227 3939 1255 3949 -
1279 3914 1304 3963 44.
1321 3910 1571 3964 οἰνοωικὼαενίε

242 3995 401 4046 οὖναυηωάοι
417 3993 461 4046 ed.
473 3995 587 4058 Nauger.
601 4021 629 4031 -
647 3991 795 4044 obsideritV
809 4021 836 4030 —
855 3993 973 4056 oppidoto
989 3991 1017 4040 ln
1028 3989 1051 4038 V
1062 4016 1089 4025 -
1109 3990 1134 4039 7.
1152 3989 1320 4052 baspedeoos
1329 3986 1362 4037 V¹
1372 4013 1401 4024 ·—
1419 3985 1571 4039 manave

243 4070 420 4135 meebgh
439 4083 544 4121 esoce
564 4095 591 4105 —·
610 4068 885 4141 uprtmaoroedgic
904 4064 1129 4131 oprtmooreV;
1147 4061 1322 4126 edprtndn
1340 4059 1576 4124 uladblprimera'

243 4146 319 4213 abg.
343 4148 382 4200 Gi.
401 4160 444 4212 ep.
463 4145 497 4197 ad
514 4146 585 4197 Fam.
604 4147 663 4207 xil,
682 4147 713 4208 s,
733 4147 760 4195 l:
785 4158 802 4194 o
819 4144 906 4208 primo
928 4143 993 4194 euim
1011 4153 1058 4190 oro
1075 4139 1197 4190 Graeciae
1212 4151 1290 4202 usqne
1306 4137 1341 4187 od
1355 4135 1494 4200 demtum
1509 4134 1576 4196 opti-

242 4235 343 4274 moraan
358 4223 451 4274 οίυίωπ
466 4221 578 4284 imperils
593 4221 684 4272 munti
701 4221 794 4272 ammos
810 4213 832 4271 ἐι
848 4219 932 4282 copiis.
952 4245 979 4254 -
1007 4215 1032 4266 8.
1050 4215 1154 4280 prooem
1171 4214 1192 4264 D
1211 4240 1239 4252 -
1266 4215 1291 4265 9.
1308 4211 1405 4263 motis
1419 4211 1443 4261 V
1459 4235 1487 4246 -
1505 4215 1575 4261 tere·

242 4303 363 4349 restrae
383 4325 411 4336 -
429 4296 585 4359 moeonia
601 4295 637 4358 V,
657 4295 716 4347 lort.
735 4293 981 4358 exeispesaoch
999 4289 1237 4354 ettmspesaoob
1257 4317 1284 4327 -
1303 4289 1431 4339 buet—
1448 4287 1574 4336 looma

245 4397 272 4410 —
292 4371 319 4423 G.
338 4385 392 4423 om.
411 4373 436 4432 t;
462 4372 499 4421 44.
518 4369 587 4434 abg
603 4396 637 4406 -
663 4370 703 4420 40.
721 4370 863 4434 intersectas
879 4367 921 4418 ab
941 4391 968 4403 -
996 4367 1056 4417 ultis
1071 4366 1107 4427 V;
1135 4378 1189 4415 om.
1207 4367 1230 4415 D
1248 4390 1276 4401 -·
1301 4361 1526 4422 mamasac
1543 4385 1573 4397 -

242 4447 283 4496 44.
302 4447 375 4498 irV:
398 4460 411 4497 a
433 4449 458 4505 t;
481 4445 503 4496 ts
523 4458 577 4495 om.
596 4443 665 4509 abg
683 4468 712 4482 -
736 4446 776 4495 it.
793 4444 938 4507 prohibetur
954 4441 975 4492 V
994 4469 1023 4480 -
1046 4442 1183 4506 promsit
1203 4439 1340 4502 merim.
1359 4437 1525 4501 mmosv
1545 4463 1573 4474 -

245 4520 595 4581 oocs--immortoesom
616 4522 675 4569 t-
700 4521 779 4570 diV:
798 4521 870 4570 dito
889 4545 916 4556 -
935 4517 976 4568 43.
995 4512 1473 4582 qneepommoequeeoeetrorv-
1493 4513 1576 4562 Grae-

243 4593 298 4643 etoe
314 4595 351 4644 V:
378 4597 500 4646 Graecias
514 4595 599 4659 [ciaet
615 4595 666 4646 DO
690 4595 815 4659 wroecioe
829 4595 914 4659 lieisset
928 4594 1003 4657 pestis
1019 4594 1037 4655 t)
1058 4619 1085 4630 -
1106 4593 1155 4641 inti
1171 4591 1194 4640 V
1211 4618 1239 4628 -
1259 4589 1300 4641 ll.
1317 4589 1401 4639 obtuse
1415 4599 1481 4638 enee.
1501 4586 1529 4650 (i.
1548 4599 1574 4638 e.

244 4665 368 4733 Caesorta)
385 4671 408 4720 V
430 4670 501 4734 (tort.
522 4682 554 4720 ex
572 4682 611 4720 or.
630 4667 694 4720 Phil.
712 4669 782 4732 hill,
801 4684 826 4721 c.
845 4671 860 4720 9
878 4669 938 4732 in.);
962 4667 1011 4717 olei
1026 4667 1062 4716 hl.
1080 4666 1154 4716 Brutti
1174 4664 1306 4726 emmo
1323 4663 1388 4714 tow.
1406 4677 1437 4713 ec
1454 4665 1478 4714 d.
1495 4663 1577 4712 mrim

242 4743 397 4795 Lambinus.
417 4769 445 4780 -
462 4745 581 4808 Mentis
596 4743 619 4794 V
634 4769 660 4781 —
681 4745 720 4795 45.
738 4757 770 4795 oe
786 4744 813 4795 C.
832 4746 950 4797 Muretus
967 4746 995 4792 et
1010 4741 1141 4791 Faernus:
1159 4752 1204 4789 osc
1220 4739 1257 4796 V;
1274 4751 1306 4789 oe
1320 4738 1367 4788 illo
1382 4739 1449 4788 D—
1465 4738 1506 4788 46.
1524 4749 1575 4786 aas·

243 4818 926 4882 tootv-quethqnemDO—herodttotirb
947 4845 974 4855 -
999 4814 1575 4867 lamminarum-oontem-

241 4893 325 4957 sectsse
340 4894 363 4945 D
379 4919 413 4932 —
430 4895 472 4946 48.
491 4908 550 4945 cum
565 4895 679 4959 capimus
695 4895 755 4944 Va:
779 4893 939 4957 cooaptmue
956 4892 990 4954 b;
1013 4903 1070 4940 aaa
1092 4902 1145 4941 om.
1164 4891 1200 4953 gt
1217 4913 1244 4924 ·-
1267 4891 1412 4940 retentaret
1428 4913 1457 4927 -
1475 4888 1575 4938 mol-

242 4981 298 5020 mus
313 4969 349 5032 V,
368 4969 518 5020 emtostmos
533 4970 556 5019 D
576 4996 603 5007 -
622 4969 663 5020 49.
682 4969 827 5032 appollonia
842 4970 880 5030 V;
898 4967 1023 5032 apollonio
1039 4979 1056 5030 g
1073 4991 1101 5003 ·-
1119 4964 1278 5027 nwloetto
1295 4965 1356 5015 0-
1376 4965 1418 5017 20.
1430 4964 1468 5029 it]
1481 4975 1505 5025 q.
1521 4966 1571 5013 t-

242 5043 324 5096 antist
340 5043 427 5104 Vbt;
450 5044 514 5094 item
531 5055 557 5095 v.
576 5044 618 5094 22.
640 5069 667 5080 -
690 5045 780 5108 impert
795 5045 827 5096 V¹
846 5072 873 5082 -
898 5043 1061 5095 eoemcith
1078 5067 1107 5077 —
1129 5043 1171 5092 24.
1189 5040 1366 5092 coodletoVb
1385 5067 1413 5078 -
1437 5039 1574 5091 semsi

242 5119 650 5182 modoweettsonomodw
670 5116 1122 5183 -ihttltaslitecereillisuai
1142 5141 1169 5152 —
1191 5115 1314 5180 bathea
1335 5141 1360 5153 -
1380 5113 1574 5165 tantvm·

243 5195 271 5256 t;
291 5193 452 5260 aeahg-
471 5193 824 5258 recomensisfl—il.
843 5187 1465 5256 moosscoptosqoeevm.2.inras.habet.
1485 5187 1573 5236 -oi-

244 5267 333 5330 biquae
348 5267 372 5320 V
389 5269 449 5334 (othl
465 5269 492 5319 in
509 5267 572 5334 ras.)
592 5295 620 5306 -
642 5267 791 5332 reipublice
807 5270 844 5330 V;
866 5269 954 5334 populi
975 5264 1092 5319 flabo
1106 5293 1140 5305 —
1163 5268 1205 5320 25.
1222 5279 1268 5318 nee
1289 5267 1356 5318 entus
1370 5277 1416 5318 see
1429 5263 1466 5315 V:
1493 5274 1573 5324 nepte

243 5345 310 5397 miro
323 5345 371 5404 tao
388 5345 439 5411 itae
453 5343 483 5412 b)
499 5343 531 5398 D.
