4009 6159
408 501 490 570 ⁴202
819 504 1073 572 onarlorno
1095 509 1135 585 Q.
1157 507 1320 582 LIGARIO

407 675 487 738 stis?
510 693 702 757 quamquam
725 674 802 757 quid
822 673 935 738 facturi
953 675 1078 741 fueritis
1106 677 1263 753 dubitem,
1291 698 1363 741 curn
1381 675 1524 752 videam,
1546 676 1622 762 quid
1644 678 1732 742 iece-

405 767 494 831 ritist
526 767 678 830 Prohibiti
706 768 781 831 estis
812 768 847 831 in
879 770 1043 851 provincia
1070 777 1176 836 vestra
1204 771 1319 854 pedem
1346 790 1480 854 ponere,
1513 777 1545 833 et
1572 772 1730 854 prohibiti

406 880 526 926 summa
554 860 680 924 iniuria.
722 857 773 923 25.
797 860 868 937 Quo
897 862 991 948 modo
1021 864 1053 926 id
1083 865 1225 929 tulistis?
1257 873 1405 948 acceptae
1437 864 1571 929 iniuriae
1605 867 1732 950 querel-

404 957 467 1020 lam
496 955 536 1018 ad
565 975 661 1038 quem
691 955 867 1020 detulistis?
897 958 1018 1041 Nempe
1038 958 1079 1022 ad
1102 978 1188 1032 eum,
1218 960 1308 1022 cuius
1331 959 1550 1022 auctoritatem
1572 962 1673 1024 secuti
1694 960 1730 1024 in

380 1050 586 1114 soccietatem
607 1050 683 1113 belli
704 1037 871 1114 veneratis.
908 1050 1002 1127 Quod
1024 1053 1051 1114 si
1074 1052 1216 1115 Caesaris
1238 1071 1332 1116 causa
1353 1051 1387 1114 in
1408 1053 1601 1135 provinciam
1621 1055 1731 1117 venie-

402 1144 503 1220 batis,
532 1144 572 1208 ad
595 1163 666 1207 eum
688 1142 829 1228 proiecto
851 1143 972 1207 exclusi
994 1145 1159 1229 provincia
1180 1145 1356 1209 venissetis.
1398 1146 1538 1209 Venistis
1556 1147 1608 1210 tad
1635 1147 1730 1210 Pom·

235 1257 254 1366 q
403 1239 520 1321 peium.
565 1238 654 1324 Quae
683 1245 730 1301 cst
759 1259 835 1322 ergo
856 1239 940 1321 apud
963 1237 1128 1302 Caesarem
1149 1238 1308 1322 querella,
1330 1259 1403 1302 cum
1424 1259 1496 1303 eum
1517 1243 1688 1316 accusetis,
1711 1261 1730 1305 a

352 1345 358 1352 '
404 1353 467 1417 quo
491 1332 668 1418 queramini
690 1331 864 1416 prohibitos
888 1351 957 1395 esse
979 1353 1036 1396 vos
1057 1338 1168 1395 contra
1192 1332 1355 1397 Caesarem
1378 1353 1487 1416 gerere
1508 1333 1651 1400 bellum?
1674 1337 1731 1400 at·

404 1448 466 1510 que
487 1427 522 1490 in
542 1425 604 1490 boc
621 1426 749 1510 quidem
765 1427 816 1489 vel
838 1445 909 1488 cum
932 1425 1114 1499 mendacio,
1137 1427 1164 1488 si
1179 1426 1292 1502 vultis,
1315 1427 1491 1510 gloriemini
1505 1447 1564 1510 per
1577 1449 1629 1492 me
1643 1428 1730 1502 licet,

366 1537 393 1583 44
403 1542 459 1584 vos
487 1521 683 1604 provinciam
711 1519 810 1583 luisse
834 1519 959 1583 Caesari
989 1518 1169 1584 tradituros.
1207 1520 1339 1584 Etiamsi
1361 1541 1380 1584 a
1401 1522 1485 1584 Varo
1506 1525 1541 1584 et
1560 1541 1580 1583 a
1600 1521 1730 1604 quibus·

403 1614 475 1679 dam
503 1615 574 1678 aliis
602 1612 753 1696 prohibiti
776 1613 870 1687 estis,
893 1632 953 1696 ego
973 1619 1078 1676 tamen
1101 1613 1256 1677 confiteor
1281 1613 1407 1698 culpam
1429 1633 1500 1677 esse
1521 1614 1649 1696 Ligarii,
1671 1613 1730 1699 qui

402 1729 459 1775 ror
481 1717 586 1772 44444444
608 1707 711 1770 laudis
732 1707 898 1770 occasione
920 1706 1101 1788 privaverit.
1143 1709 1199 1770 lx.
1221 1704 1273 1770 ab.
1295 1707 1358 1771 Sed
1379 1707 1469 1783 vide,
1492 1726 1629 1792 quaeso,
1651 1705 1730 1769 Cae·

403 1824 470 1879 sar,
498 1801 706 1865 constantiam
729 1799 921 1863 ornatissimi
942 1800 1002 1864 viri
1027 1795 1245 1886 [Tuberonis],
1277 1820 1372 1885 quam
1394 1821 1468 1884 ego,
1492 1802 1637 1886 quamvis
1657 1800 1730 1884 ipse

403 1898 585 1982 probarem,
607 1903 643 1958 ut
663 1896 783 1978 probo,
804 1901 910 1958 tamen
932 1913 997 1957 non
1019 1914 1309 1969 commemorarem,
1329 1896 1392 1958 nisi
1413 1915 1432 1958 a
1454 1904 1486 1960 te
1507 1895 1730 1978 cognovissem

365 1994 437 2055 rain
458 1991 566 2074 primis
588 2008 657 2052 eam
672 1990 818 2053 virtutem
840 1988 941 2051 solere
962 1988 1096 2051 laudari.
1129 1987 1218 2064 Quae
1239 1987 1301 2052 tuit
1321 1988 1582 2074 igiturumquam
1603 1988 1638 2050 in
1658 1987 1727 2051 ullo

402 2086 531 2149 bomine
553 2091 641 2147 tanta
662 2081 862 2146 constantia?
885 2082 1094 2145 constantiam
1116 2081 1212 2146 dicct
1235 2083 1343 2146 nescio
1358 2103 1399 2146 an
1414 2083 1527 2146 melius
1544 2083 1729 2166 patientiam

401 2182 521 2264 possim
543 2178 657 2242 dicere.
694 2175 819 2252 Quotus
842 2176 927 2238 enim
948 2174 1034 2238 istud
1057 2177 1194 2259 quisque
1215 2176 1359 2251 iecisset,
1381 2187 1433 2252 ut,
1453 2196 1473 2240 a
1495 2176 1611 2261 quibos
1631 2176 1729 2260 parti·

401 2274 461 2338 bus
482 2274 516 2337 in
539 2270 737 2334 dissensione
759 2269 844 2333 civili
864 2289 930 2332 non
953 2277 1037 2332 esset
1058 2278 1222 2352 receptus,
1245 2276 1330 2333 esset
1347 2270 1442 2333 etiam
1456 2271 1728 2337 eumerudeliute

401 2368 554 2440 reiectus,
582 2364 622 2428 ad
653 2383 708 2428 eos
737 2363 824 2447 ipsos
853 2363 995 2427 rediret?
1024 2363 1131 2448 Magni
1153 2363 1319 2427 cuiusdam
1341 2364 1438 2427 animi
1459 2371 1555 2447 atque
1577 2366 1646 2429 eius
1666 2365 1727 2430 riri

364 2469 465 2537 aoest,
494 2479 590 2543 4444444
617 2457 830 2541 desuscepta
859 2475 954 2521 causa
982 2457 1208 2541 propositaque
1236 2459 1393 2522 sententia
1408 2445 1506 2528 (44444444
1527 2460 1727 2534 contumelia,

227 2585 235 2601 ⁴
276 2599 286 2613 .
401 2554 489 2619 nulla
510 2554 572 2628 vis,
594 2552 717 2616 nullum
738 2551 911 2636 periculum
933 2551 1038 2637 pos-sb
1058 2550 1244 2635 depellere.)
1272 2547 1323 2614 27.
1345 2552 1386 2615 Ut
1406 2554 1491 2615 enim
1512 2559 1619 2616 cetera
1637 2552 1727 2636 paria

130 2697 136 2723 ,
228 2624 326 2692 ”ff
400 2633 561 2713 Tuberoni
593 2633 677 2710 culn*
699 2646 784 2709 Varo
816 2645 968 2740 fuissent,
997 2644 1118 2734 bonos,
1151 2645 1320 2728 nobilitas,
1354 2645 1521 2730 splendor,
1554 2645 1725 2728 ingenium,

132 2740 135 2748 '
282 2703 296 2786 l·
400 2763 483 2826 quae
505 2761 707 2826 nequaquam
729 2739 874 2814 luerunt,
896 2739 957 2802 boc
979 2747 1064 2801 certe
1086 2741 1291 2824 praecipuum
1313 2740 1507 2814 Tuberonis,
1535 2738 1622 2822 quod
1643 2741 1726 2803 iusto

400 2857 472 2899 cum
504 2835 637 2919 imperio
668 2854 708 2896 ex
738 2840 866 2896 senatus
895 2831 1042 2895 consulto
1071 2832 1104 2894 in
1132 2832 1326 2915 provinciam
1355 2854 1444 2897 suam
1466 2841 1604 2899 venerat.
1645 2833 1727 2897 llinc

361 2951 390 2998 se
397 2929 578 3013 prohibitus
599 2947 665 2992 noo
686 2928 726 2990 ad
750 2927 929 3001 Caesarem,
957 2946 997 2989 ns
1019 2927 1134 3000 iratus,
1164 2946 1230 2989 non
1252 2926 1396 3003 domum,
1417 2947 1459 2991 ne
1480 2926 1585 3002 iners,
1606 2946 1670 2990 non
1691 2927 1726 2989 in

281 3029 283 3034 ’
399 3024 539 3110 aliquam
567 3023 748 3106 regionem,
777 3041 819 3084 ne
846 3019 1059 3084 condemnare
1086 3039 1215 3084 causam
1241 3020 1345 3096 illam,
1371 3041 1468 3105 44444444
1496 3028 1624 3085 secutus
1647 3027 1726 3094 erat,

465 3411 489 3460 4.
508 3407 614 3457 dubitem
630 3402 691 3454 cod.
710 3399 874 3453 coloniensis
892 3404 1009 3454 bruteri:
1025 3417 1077 3453 sos
1094 3403 1202 3455 4444444444
1214 3403 1325 3468 (sublata
1335 3405 1550 3469 interrogatione)
1562 3407 1647 3467 (444ος
1664 3419 1727 3458 m

400 3487 507 3538 dubitem
522 3480 656 3534 Weislius
673 3480 700 3528 et
716 3477 811 3528 Belius
829 3476 863 3526 ad
880 3477 936 3528 Cio.
955 3477 989 3528 de
1007 3479 1085 3541 Legg.
1104 3491 1130 3544 p.
1143 3480 1201 3530 646.
1218 3479 1285 3530 Vide
1303 3478 1462 3542 Madvigium
1479 3481 1568 3544 opusc.
1586 3483 1660 3534 acad
1677 3483 1723 3532 444.

400 3578 427 3630 p,
446 3563 494 3614 303
511 3572 552 3624 sq.
566 3583 593 3593 -
612 3555 713 3605 uideam
729 3553 795 3614 qood
811 3555 832 3602 G
847 3578 875 3591 -
894 3553 918 3602 2.
936 3553 963 3602 io
975 3553 1135 3615 provinciam
1150 3557 1258 3603 44444444
1272 3556 1359 3617 pedem
1374 3557 1550 3617 consponereC
1565 3584 1593 3596 -
1608 3558 1726 3622 prohibiti

401 3639 497 3690 GEC:
519 3631 650 3699 prohibiti,
673 3633 701 3678 ut
715 3627 847 3691 perhibetis
863 3628 891 3677 0.
915 3627 981 3677 Vide
998 3626 1158 3690 Madvigium
1176 3629 1263 3691 Oposc.
1282 3629 1356 3681 acad.
1375 3629 1400 3690 4,
1418 3643 1444 3694 p.
1463 3629 1511 3679 499
1528 3643 1569 3695 sq.
1589 3657 1616 3668 -
1641 3631 1665 3682 3.
1683 3631 1726 3681 ic-

399 3715 470 3765 iurio
486 3714 519 3763 G:
537 3723 595 3761 4444
609 3705 706 3757 iniuria
717 3703 798 3754 CEO.
817 3702 856 3753 Cl.
873 3715 898 3766 p.
909 3701 982 3764 ⁴203,
992 3703 1016 3753 2.
1033 3728 1059 3737 -
1078 3703 1168 3752 tulistis
1178 3709 1281 3766 occepta
1296 3702 1411 3754 iniuria?
1428 3703 1559 3767 4444444441
1574 3732 1601 3742 -
1620 3706 1645 3756 d.
1659 3719 1725 3770 pro-

399 3787 544 3839 4444444.ηο
565 3811 592 3821 -
610 3779 709 3832 omittis
724 3780 759 3829 ad
774 3777 916 3840 Pompeium
932 3777 1019 3827 om.C
1041 3804 1068 3814 -
1085 3777 1110 3827 4.
1129 3782 1164 3828 est
1180 3792 1239 3841 erqo
1255 3779 1324 3840 apud
1340 3779 1407 3832 GE:
1425 3783 1460 3829 est
1475 3779 1536 3830 boec
1551 3781 1620 3842 apud
1636 3781 1671 3841 ῦς
1690 3786 1726 3832 cst

400 3863 531 3929 ergoiosc
548 3857 687 3922 44440-
707 3852 1120 3904 commemorando·
1141 3853 1317 3916 spectasses
1334 3855 1516 3906 4444446444
1532 3855 1726 3918 prottbtoseos

402 3939 436 3998 C;
453 3949 498 3987 eos
510 3933 647 3998 4444444444
656 3931 686 3982 0.
705 3929 744 3981 ci.
758 3929 831 3989 4494,
843 3929 905 3978 7.-
918 3941 1005 3993 peram
1020 3928 1109 3979 44444444
1125 3929 1186 3979 GE:
1206 3927 1295 3978 44444444
1309 3941 1395 3992 geren
1407 3928 1464 3978 0-
1481 3930 1560 3992 Atque
1575 3930 1726 3995 44444444-

401 4014 456 4063 dem
475 4023 532 4062 44444
551 4006 680 4058 mendacio
701 4006 723 4054 44
741 4005 779 4054 oia
799 4005 919 4068 44444444,
939 4018 985 4067 per
1000 4017 1040 4055 ore
1061 4005 1117 4055 licet
1132 4005 1282 4055 Priscianus
1297 4005 1390 4063 4444444,
1408 4004 1449 4065 39,
1468 4003 1530 4066 494,
1553 4003 1602 4056 sed
1618 4007 1646 4058 in
1661 4006 1723 4058 cod.

401 4087 484 4137 Paris.
502 4083 567 4135 4496
583 4082 678 4145 legitur
693 4080 732 4129 444
747 4093 804 4129 men
819 4079 948 4130 mendacio
964 4079 1076 4130 cicuitio
1091 4079 1232 4144 gloriamsi
1248 4081 1299 4130 cet.
1314 4105 1342 4116 -
1361 4079 1385 4129 9.
1402 4077 1476 4128 valtis
1486 4080 1520 4128 G:
1537 4081 1617 4132 4444444
1632 4081 1682 4133 Cli
1694 4107 1723 4118 -

401 4159 541 4225 4444444444
558 4158 591 4208 C:
608 4155 754 4220 gloriamini
764 4155 807 4215 G¹;
825 4155 934 4219 gloriari
950 4154 1005 4204 (3²ss
1019 4182 1047 4191 —
1066 4157 1105 4206 te.
1124 4155 1270 4205 tradituros.
1287 4154 1374 4204 44444444
1388 4153 1457 4204 ain
1466 4153 1584 4216 4444444444
1599 4158 1663 4218 scu,
1679 4171 1725 4222 ego

401 4241 484 4285 444444
501 4231 656 4284 Garatonius
675 4229 713 4292 (io
731 4231 921 4280 commentario
938 4228 1049 4292 inedito)
1067 4232 1095 4280 et
1110 4229 1254 4293 Madvigius
1273 4231 1374 4294 404444.
1392 4230 1467 4280 acad.
1485 4231 1511 4290 1,
1529 4243 1557 4296 p.
1575 4233 1623 4283 4449
1639 4233 1723 4298 sqq.):

401 4309 547 4368 4444444444,
566 4307 641 4356 diam
656 4305 678 4354 44
688 4331 726 4344 --
733 4303 852 4368 44444444
863 4305 951 4356 emetis.
969 4305 1024 4369 Epo
1033 4309 1118 4354 444444
1128 4305 1149 4354 0
1161 4305 1226 4368 [estis
1241 4303 1330 4355 firmat
1340 4303 1399 4354 cod.
1413 4303 1551 4355 Vindob.3
1567 4305 1722 4372 soldani.)-

401 4390 425 4435 et
440 4396 458 4432 4
474 4381 622 4445 quibudam
638 4381 703 4430 GE:
721 4385 746 4431 44
761 4379 981 4444 44444444444444.
994 4381 1020 4441 α)
1033 4381 1053 4430 0
1066 4404 1093 4414 -
1112 4381 1154 4430 44.
1172 4381 1333 4444 confluere:
1351 4379 1483 4444 4444444444
1498 4379 1548 4431 ΕΟ
1561 4405 1590 4419 -
1608 4382 1725 4434 44044-

401 4471 445 4508 sor
461 4457 524 4508 GE:
542 4456 569 4506 0.
583 4455 713 4507 0444440
733 4481 760 4490 -
779 4455 820 4506 43.
838 4455 888 4505 oiri
904 4467 958 4506 om.
977 4455 1007 4506 ΕΙ
1026 4483 1053 4492 -
1074 4453 1205 4504 Tuberonis
1221 4455 1293 4506 GM:
1311 4455 1339 4505 l..
1356 4455 1489 4506 4444444444
1504 4451 1570 4508 E‘O.
1587 4455 1725 4510 Glossema

402 4545 462 4584 esse
479 4533 565 4594 arguit
579 4531 760 4596 praenominis
777 4531 803 4581 in
821 4531 926 4595 optimis
944 4530 1022 4581 codd.
1035 4530 1152 4581 omissio.
1167 4557 1195 4566 -
1214 4529 1254 4582 44.
1269 4530 1401 4595 probarim
1416 4531 1480 4590 eE;
1498 4530 1549 4582 sed
1565 4530 1599 4583 44.
1610 4531 1726 4584 Wesen-

400 4607 468 4670 berg
484 4605 518 4656 ad
535 4617 574 4655 or.
590 4618 617 4670 p.
631 4607 716 4656 944444
732 4618 760 4670 p.
772 4605 813 4656 46.
828 4631 855 4641 -
874 4606 914 4657 ta.
927 4605 1078 4656 maliacem.
1092 4605 1111 4654 C
1126 4630 1153 4639 -
1173 4604 1213 4654 44.
1231 4606 1335 4668 queisque
1349 4606 1447 4656 istudE
1463 4605 1545 4658 solus.
1560 4629 1588 4642 -
1608 4606 1650 4658 48.
1659 4619 1726 4670 pcr-

401 4683 464 4733 tibua
479 4694 532 4732 om.
552 4679 630 4731 codd.
648 4679 796 4731 deteriores
813 4678 901 4739 moiti;
920 4678 1038 4732 deletum
1049 4678 1155 4729 videtur
1170 4678 1204 4728 ab
1223 4680 1266 4742 iis,
1285 4682 1331 4746 qui
1347 4682 1456 4744 synesin
1470 4682 1497 4732 in
1507 4679 1599 4733 verbis
1610 4695 1651 4734 444
1660 4683 1726 4745 ipsos

401 4753 436 4819 lv.
446 4758 486 4821 49)
498 4769 552 4808 non
563 4756 734 4821 agnoverunt.
745 4780 772 4789 -
784 4760 845 4804 44444
860 4755 936 4805 etism
953 4754 1013 4803 GE:
1030 4759 1139 4815 44444444
1150 4755 1226 4805 etiosa
1237 4756 1257 4806 0
1270 4781 1298 4792 -
1317 4757 1358 4806 49,
1370 4770 1411 4808 444
1424 4757 1491 4820 ipsos
1507 4757 1582 4808 Glit:
1599 4769 1643 4810 eos
1656 4758 1726 4820 ipsas

400 4833 473 4892 E¹0;
492 4845 534 4884 sos
548 4831 617 4895 44444
629 4834 715 4894 partes
732 4829 751 4880 C
772 4855 798 4867 -
822 4828 863 4880 20.
882 4835 917 4881 est
933 4841 986 4879 om.
1006 4829 1098 4889 (44444,
1120 4829 1233 4881 tortasse
1249 4829 1300 4882 alio
1316 4830 1374 4883 loeo
1391 4831 1588 4898 reponendum.
1614 4831 1725 4884 Orellius

401 4903 518 4957 malebat
541 4907 593 4958 44444
612 4911 647 4956 est
667 4905 718 4955 oiri
737 4901 797 4954 coll.
816 4903 869 4954 cio.
889 4903 923 4954 de
940 4905 1005 4969 llep.
1024 4904 1045 4966 4,
1063 4903 1107 4954 Mi:
1133 4904 1221 4968 mopsi
1243 4907 1372 4958 4444444444
1386 4907 1448 4958 44444
1463 4914 1487 4960 ct
1501 4909 1581 4960 4444444
1593 4921 1673 4973 poene
1687 4913 1727 4959 est

399 4981 458 5031 4444.
482 5007 509 5020 -
533 4982 575 5033 at.
590 4981 668 5046 possit
689 4978 786 5030 GEC:
806 4983 888 5041 posset
906 4980 967 5030 0-
985 4978 1027 5029 23.
1050 4977 1182 5030 Tuberonis
1197 4980 1301 5032 GE¹C:
1326 4981 1520 5047 reboantem
1536 4984 1591 5036 4440
1612 5012 1640 5022 -
1659 4983 1728 5046 quod

399 5056 427 5108 44
443 5059 507 5108 teuto
524 5059 544 5108 G
562 5081 589 5094 ·-
611 5056 653 5109 44.
671 5055 734 5106 Hinc
747 5055 931 5117 probibition
943 5067 1022 5117 quom
1040 5059 1136 5106 44444444
1151 5055 1229 5106 aliert
1248 5055 1329 5109 lullus
1346 5058 1499 5111 Rufinianus
1515 5059 1545 5110 de
1558 5061 1604 5126 pta.
1619 5063 1683 5110 sest.
1701 5063 1727 5109 et

401 5131 461 5183 4444.
480 5132 495 5196 5
513 5131 554 5182 34.
575 5129 1342 5183 -ae.ooocdoomom1tnflniauus.-seisttsc-
1360 5133 1592 5198 sesumam
1610 5134 1727 5199 44444444

403 5206 709 5260 esoeumauflmenc.
728 5229 756 5244 -
775 5205 1052 5270 remmompssrsc
1071 5231 1099 5244 -
1118 5206 1375 5260 erotdsszrteeto.
