4009 6159
427 593 509 660 4434
650 596 802 663 ORATIO
824 596 903 661 ruo
926 595 988 661 CN.
1009 595 1181 661 PLANCIO
1204 595 1276 661 Car.
1297 593 1394 660 XLll.
1416 588 1525 677 5404.

426 774 563 843 vestros,
592 767 728 830 inimicis
756 766 852 841 meis,
880 767 920 829 iis
949 765 1151 850 praesertim,
1183 785 1263 849 quos
1286 783 1345 847 ego
1366 744 1548 849 prorostra
1569 764 1670 828 salute
1693 783 1747 826 su-

426 864 529 946 scepi,
551 861 627 925 (lare
647 861 799 924 laetitiam
822 860 1029 944 gloriantibus
1050 880 1108 924 vos
1130 861 1192 923 iam
1208 858 1323 922 oblitos
1337 862 1398 922 mei
1414 857 1524 922 salutis
1539 859 1624 933 eius,
1647 879 1746 943 aquo

426 975 496 1018 mea
516 955 601 1019 salus
623 963 808 1018 conservata
828 960 891 1029 est,
918 954 1029 1018 hostes
1051 954 1227 1028 exstitisse;
1250 953 1348 1017 nolite
1369 954 1509 1016 animum
1531 971 1634 1016 meum
1658 951 1747 1014 debi-

424 1049 515 1112 litare
542 1069 614 1112 oum
641 1048 743 1125 luctu,
775 1059 842 1112 tum
871 1049 965 1112 etiam
991 1057 1078 1112 metu
1105 1054 1314 1111 commutatae
1335 1055 1457 1110 vestrae
1478 1046 1649 1110 voluntatis
1671 1065 1747 1127 erga

402 1155 494 1218 tme;
517 1143 609 1205 sinite
631 1161 698 1216 ma,
720 1142 808 1226 quod
829 1143 917 1207 vobis
938 1143 1036 1206 fretus
1057 1143 1132 1205 huic
1154 1162 1248 1226 saepe
1270 1141 1416 1224 promisi,
1438 1139 1470 1204 id
1486 1141 1609 1204 avobis
1625 1141 1654 1203 ei
1672 1161 1745 1224 por-

424 1236 556 1300 solvere.
600 1232 671 1298 l0l.
693 1237 818 1321 Teque,
848 1237 881 1300 C.
903 1237 1015 1313 Flave,
1042 1258 1098 1299 oro
1121 1244 1151 1298 et
1173 1237 1330 1310 obtestor,
1357 1237 1411 1321 qui
1434 1255 1576 1299 meorum
1598 1233 1746 1298 consilio

424 1351 492 1393 rum
514 1332 548 1392 iu
569 1331 737 1394 consulatu
759 1333 873 1406 socius,
895 1331 1109 1414 periculorum
1125 1331 1291 1413 particeps,
1308 1349 1412 1392 rerum
1428 1349 1506 1411 quas
1522 1329 1606 1410 gessi
1620 1327 1747 1390 adiutor

423 1423 511 1487 luisti
534 1445 649 1508 meque
671 1445 737 1487 uou
758 1423 853 1487 modo
875 1425 996 1488 salvum
1019 1443 1152 1506 semper,
1174 1423 1229 1487 scd
1252 1427 1345 1488 etiam
1359 1431 1502 1486 ornatum
1519 1419 1745 1504 llorcntemque

425 1539 495 1584 esse
517 1518 662 1592 voluisti,
683 1525 719 1580 ut
740 1517 817 1580 mihi
838 1538 896 1601 per
915 1518 975 1580 hos
998 1535 1165 1581 conserves
1186 1535 1275 1591 eum,
1297 1537 1354 1600 per
1376 1535 1468 1600 quem
1490 1535 1541 1578 me
1563 1515 1619 1578 tibi
1641 1522 1674 1576 et
1694 1513 1744 1575 his

388 1624 646 1677 reconsecratum
667 1612 767 1675 vides.
806 1612 900 1675 Plura
920 1633 961 1675 ue
982 1610 1084 1674 (licam
1114 1618 1187 1671 tuae
1214 1629 1264 1672 me
1286 1610 1381 1673 etiam
1403 1609 1549 1672 lacrimae
1568 1607 1747 1692 impediunt

425 1715 627 1790 vestraeque,
656 1706 794 1779 iudices,
815 1725 880 1767 nou
901 1705 1005 1768 solum
1027 1722 1133 1777 meae,
1156 1703 1270 1786 quihus
1293 1722 1351 1786 ego
1374 1722 1487 1784 magno
1510 1703 1543 1765 in
1565 1708 1651 1765 metu
1674 1721 1746 1763 meo

425 1801 530 1864 subito
558 1800 692 1863 inducor
720 1800 753 1862 iu
784 1818 888 1882 spem,
916 1819 972 1862 vos
994 1796 1123 1860 eosdem
1145 1798 1178 1859 iu
1199 1796 1261 1860 hoo
1284 1796 1500 1860 conservando
1521 1795 1661 1868 futuros,
1689 1795 1745 1877 qui

424 1894 548 1957 fueritis
569 1895 604 1955 iu
625 1913 692 1969 ma,
714 1894 865 1977 quoniam
887 1893 957 1956 istis
978 1892 1091 1956 restris
1113 1890 1250 1954 lacrimis
1273 1891 1313 1954 de
1327 1891 1391 1955 illis
1405 1889 1570 1965 recordor,
1593 1907 1673 1973 quas
1687 1907 1747 1970 pro

425 2010 476 2052 me
498 2008 593 2072 saepo
616 1996 647 2051 et
668 1987 800 2051 multum
822 1984 1018 2070 profudistis.

488 2270 513 2319 2.
532 2268 618 2319 oblitos
631 2279 702 2318 rurae
716 2267 803 2319 tolum
818 2267 883 2327 olus,
901 2279 919 2315 o
934 2277 985 2326 ouo
1000 2271 1149 2316 commoto
1164 2271 1213 2328 art,
1232 2265 1309 2315 hoster
1319 2265 1439 2314 mutiam
1450 2265 1545 2314 ltovius
1556 2263 1617 2314 Var.
1630 2264 1711 2313 Lectt.
1724 2265 1746 2314 ll

423 2357 452 2410 p.
471 2345 526 2395 tta.
547 2372 574 2382 -
593 2344 618 2395 3.
635 2344 711 2394 hostia
727 2344 747 2395 'l'
765 2370 793 2380 -
811 2342 837 2394 l.
855 2355 912 2392 cam
928 2343 961 2390 T:
980 2347 1033 2392 tarn
1050 2340 1099 2391 EO
1119 2369 1145 2378 -
1164 2355 1227 2405 erpo
1241 2353 1281 2390 osc
1297 2338 1409 2389 delenda
1428 2341 1521 2388 conset
1537 2340 1631 2390 Rarius
1649 2337 1666 2388 1.
1684 2337 1744 2388 1.-

424 2423 449 2471 4.
467 2433 523 2482 scpo
538 2421 557 2469 T
577 2447 603 2456 -
627 2419 651 2471 6.
669 2419 745 2469 Flava
762 2419 930 2468 Garatouius:
951 2418 1015 2481 flasco·
1032 2417 1079 2467 TE
1099 2445 1126 2455 -
1146 2419 1185 2468 to.
1204 2417 1312 2467 Pluraoa
1327 2414 1428 2464 dicum?
1447 2415 1512 2464 Tuae
1528 2413 1548 2464 E
1565 2441 1598 2451 —
1619 2414 1748 2476 iopadiaml

424 2495 444 2544 Τ
462 2521 489 2529 -
509 2493 549 2545 44.
566 2507 623 2558 repo
638 2493 658 2544 Τ
676 2519 703 2529 -
719 2493 837 2557 prodistis
852 2493 912 2542 Τ-
932 2491 1041 2554 Eaepllcs't
1058 2493 1101 2542 oli.
1120 2494 1155 2542 ll.
1176 2491 1201 2542 l.
1218 2493 1244 2544 G.
1260 2505 1309 2554 pro
1325 2488 1374 2542 aa.
1390 2491 1480 2554 planco
1497 2489 1530 2548 E;
1549 2489 1745 2552 subscriptione

424 2574 497 2622 caret
513 2571 540 2622 T.
1263 2567 1264 2572 ’
