4009 6159
396 547 479 618 tito
632 549 784 615 ORATIO
805 549 939 614 PRIDIE
963 550 1078 627 QUAM
1099 549 1141 613 IN
1162 548 1358 614 EXSILIUII
1379 548 1472 652 lIlE’I'

393 728 474 789 Nam
496 746 558 800 me,
581 742 675 808 quern
696 723 792 807 paulo
814 729 887 786 ante
908 720 1036 785 fortuna
1054 726 1198 785 erexerat
1218 719 1258 783 ad
1279 718 1426 804 gloriam,
1448 720 1499 782 cai
1520 719 1621 783 virtus
1644 738 1730 783 con-

394 820 467 883 tulit
487 819 629 892 laudem,
655 818 792 903 populus
814 816 924 880 tribuit
944 815 1116 890 honorem,
1139 813 1276 878 eundem
1299 814 1414 877 tribuni
1435 813 1523 878 furor
1545 814 1729 898 exagitatus

394 913 516 998 depulit
544 914 583 977 ad
605 912 823 976 calamitatem.
867 910 1027 986 Quoniam
1050 908 1314 973 animadvertistis
1342 906 1430 972 illam
1454 908 1729 992 conspirationem

394 1009 560 1070 conflatam
584 1008 628 1070 ita
650 1026 720 1069 esse
742 1005 939 1079 restinctum,
961 1004 1106 1067 utnulla
1128 1002 1264 1067 scintilla
1287 1011 1466 1087 compareat
1487 1002 1642 1079 incendii,
1666 1024 1726 1067 vos

371 1112 521 1182 equoque
555 1100 756 1163 tribuniciam
790 1098 904 1181 sedate
930 1098 1159 1161 temeritatem:
1193 1096 1248 1182 qui
1278 1117 1363 1160 nunc
1396 1116 1430 1160 se
1464 1096 1541 1161 mihi
1577 1098 1727 1181 iniquum

394 1194 547 1271 ostendit,
576 1215 610 1258 se
639 1195 726 1278 prius
755 1213 825 1258 esse
854 1202 994 1256 vestrum
1016 1193 1178 1277 professus
1202 1198 1251 1254 est
1270 1190 1451 1256 inimicum:
1477 1212 1518 1254 ne
1540 1191 1587 1255 rei
1609 1192 1726 1255 crude-

393 1286 464 1351 litas
495 1298 626 1373 experta
655 1291 686 1352 iu
716 1310 766 1352 me
797 1288 831 1351 in
861 1309 917 1351 vos
947 1287 1146 1350 convalescat
1174 1292 1206 1349 et
1234 1284 1393 1347 calamitas
1421 1293 1578 1349 remorata
1598 1284 1725 1368 longius

393 1392 498 1465 serpat
520 1402 556 1445 ac
578 1384 815 1467 progrediatur,
837 1388 1033 1465 praecavete.
1079 1376 1129 1443 45.
1152 1382 1243 1443 Nunc
1261 1378 1312 1441 vel
1335 1379 1422 1442 solus
1445 1378 1586 1443 delectus
1609 1379 1648 1443 ad
1670 1400 1725 1443 ca-

393 1477 565 1543 lamitatem
591 1479 642 1542 vel
668 1479 787 1562 primus
818 1479 858 1540 ad
886 1476 949 1540 tale
980 1484 1130 1539 evocatus
1152 1473 1325 1559 periculum
1348 1474 1488 1539 omniurn
1508 1475 1631 1538 animos
1651 1476 1722 1537 iure

357 1570 495 1633 redebeo
519 1591 727 1637 commovere.
765 1572 880 1635 Omnia
901 1578 976 1634 sunt
997 1573 1177 1633 immutata:
1202 1590 1312 1633 rnanus
1335 1569 1508 1652 religantur
1529 1568 1569 1632 ad
1591 1569 1720 1633 demon-

393 1666 554 1729 strandam
575 1667 741 1742 iniuriam
762 1666 872 1748 lingua
886 1665 1035 1728 inciditur
1049 1665 1089 1727 ad
1106 1664 1329 1749 deplorandam
1348 1663 1574 1739 calamitatem3
1596 1665 1719 1727 animus
1764 1680 1773 1699 ·

393 1760 607 1841 praecluditur
633 1761 673 1825 ad
703 1760 922 1845 exponendam
947 1760 992 1822 rei
1016 1759 1245 1841 indIgnitatem.
1282 1759 1497 1823 Humilitatem
1520 1760 1645 1841 generis
1665 1758 1731 1822 ob-⁰

393 1853 505 1918 iIciunt
527 1856 635 1931 nobis,
666 1856 722 1939 qui
745 1874 858 1919 novam
880 1854 1033 1916 rationem
1056 1854 1225 1929 suscitant,
1256 1857 1409 1917 maiorum
1431 1852 1581 1917 obterunt
1600 1851 1717 1915 laudes.

393 1946 456 2009 Sed
479 1948 556 2031 quid
584 1969 643 2032 ego
672 1949 763 2031 plura
792 1948 831 2011 de
860 1948 987 2010 illorum
1010 1948 1119 2011 autin
1141 1968 1192 2011 me
1215 1948 1390 2012 maledictis
1412 1947 1520 2012 autin
1542 1966 1600 2010 vos
1623 1946 1718 2009 scele-

355 2050 460 2105 rorate
481 2041 594 2125 loquar
614 2043 729 2107 factis?
753 2063 888 2127 quorum
903 2044 1030 2125 cognita
1051 2041 1235 2125 improbitas
1252 2062 1302 2105 me
1323 2049 1448 2105 tacente
1462 2042 1644 2125 coarguitur
1657 2049 1719 2104 tur-

392 2135 538 2218 pitudine
566 2138 664 2211 vitae,
692 2144 729 2199 ut
751 2137 790 2200 de
818 2137 858 2199 iis
880 2156 944 2199 nou
968 2137 1011 2198 sit
1032 2156 1162 2199 necesse
1184 2136 1328 2199 inimicos
1350 2136 1551 2219 praedicare,
1581 2134 1621 2198 de
1643 2154 1719 2220 quo·

393 2250 461 2292 rum
491 2230 610 2294 scelere
639 2250 681 2294 ne
710 2232 803 2295 amici
833 2231 962 2315 quidem
991 2237 1045 2293 aut
1073 2230 1135 2313 ipsi
1162 2238 1299 2313 possunt
1326 2246 1453 2313 negare.
1498 2226 1549 2293 lb.
1571 2232 1635 2294 Vos
1663 2248 1718 2313 ego

392 2323 533 2407 appollo,
556 2344 692 2409 quorum
716 2325 756 2387 de
777 2344 828 2388 me
850 2324 988 2388 maxima
1011 2332 1060 2387 est
1081 2331 1239 2407 potestas3
1269 2324 1353 2408 apud
1375 2344 1433 2387 vos
1455 2324 1570 2409 loquor
1592 2324 1720 2387 demea

394 2416 580 2492 calamitate,
597 2439 678 2502 qnos
692 2419 788 2482 babui
803 2438 929 2503 semper
943 2420 1144 2482 innocentiae
1160 2426 1192 2481 et
1207 2420 1332 2482 virtutis
1347 2438 1436 2482 meae
1451 2426 1558 2482 testes.
1580 2419 1648 2481 VII.
1662 2419 1719 2501 lgi-

253 2532 258 2537 ·
355 2518 446 2575 satur
474 2531 517 2574 ex
545 2514 669 2577 cIvitate
694 2514 778 2577 bene
805 2514 935 2575 meritus
963 2511 1004 2575 de
1032 2533 1066 2575 re
1088 2511 1216 2595 publica
1238 2513 1316 2575 civis
1338 2512 1542 2575 exturbatur?
1568 2512 1719 2575 innocens

392 2604 585 2690 expellitur?
619 2607 793 2671 consularis
826 2607 940 2682 bomo,
972 2626 1037 2670 non
1068 2605 1437 2697 minimisdacultatibus
1463 2627 1540 2669 usus
1563 2606 1717 2691 quondam

391 2702 581 2776 amicorum,
604 2721 689 2764 nunc
711 2702 825 2785 partim
847 2701 887 2763 ab
909 2700 1042 2775 iuvidis,
1064 2699 1178 2783 partim
1202 2700 1240 2763 ab
1263 2700 1400 2763 inimicis
1421 2702 1653 2767 clrcumventus
1675 2703 1719 2763 in-

393 2796 509 2878 digne‘l
530 2795 614 2860 Huic
636 2797 662 2859 si
684 2814 776 2879 opem
799 2816 863 2858 uon
885 2795 1021 2858 tuleritis
1045 2796 1077 2857 in
1100 2794 1243 2877 periculo
1266 2795 1395 2877 capitis,
1418 2815 1490 2869 vos,
1513 2794 1625 2869 credo,
1647 2797 1720 2859 reti-

391 2888 506 2951 nebitis
535 2897 670 2956 vestram
698 2890 889 2963 libertatem,
918 2890 973 2972 qui
1001 2908 1106 2972 neque
1136 2896 1258 2952 tantum
1279 2888 1391 2951 valetis
1413 2889 1596 2951 auctoritate
1617 2909 1719 2973 neque

355 2990 553 3047 minutorum
576 2980 750 3047 officiorum
773 2984 949 3066 impensam
971 2982 1092 3045 fecistis
1114 2982 1147 3044 ln
1169 2984 1327 3065 patriam?
1350 2981 1427 3045 Mihi
1448 2982 1583 3058 credite,
1604 2982 1666 3046 hoc
1688 2986 1719 3046 io

391 3097 457 3141 uuo
479 3077 713 3141 incommodum
736 3074 952 3140 confirmatum
968 3076 1138 3139 multorum
1158 3072 1328 3139 infirmabit
1349 3076 1600 3139 incolumitatem
1622 3087 1672 3154 et,
1694 3080 1718 3142 si

390 3172 482 3236 initio
513 3192 579 3235 uon
611 3172 672 3235 erit
704 3172 890 3245 refutatum,
925 3171 1054 3253 impune
1084 3170 1123 3233 ad
1156 3170 1295 3233 omnium
1318 3170 1490 3253 perniciem
1514 3172 1721 3237 convalescet.

392 3265 528 3329 Proinde
549 3273 603 3329 aut
623 3266 656 3328 in
678 3285 749 3328 meo
771 3264 914 3347 periculo
930 3266 1061 3327 salutern
1084 3266 1239 3345 integram
1254 3270 1412 3346 praestate
1428 3283 1644 3341 communem,
1667 3274 1721 3330 ant

391 3364 426 3425 iu
447 3362 560 3424 vestris
590 3361 652 3423 boc
681 3359 766 3425 idom
794 3367 975 3443 exspectate
1006 3358 1239 3421 Incommodum
1267 3357 1412 3420 fortunis.
1457 3352 1507 3420 I7.
1530 3360 1628 3423 Nemo
1657 3371 1720 3425 tarn

354 3453 515 3539 superdita
537 3455 740 3527 auctoritate,
764 3461 825 3516 tam
847 3453 1025 3516 facinorosa
1052 3453 1198 3516 inventus
1221 3458 1269 3514 est
1290 3452 1369 3526 vita,
1398 3452 1470 3534 qm',
1499 3472 1571 3517 cum
1594 3452 1633 3517 de
1655 3476 1721 3519 sce·

391 3551 458 3611 lere
487 3546 652 3621 fateretur,
684 3567 749 3609 nou
779 3555 884 3611 tamen
908 3547 1072 3610 sententiis
1095 3547 1183 3629 prIus
1204 3546 1344 3609 iudicum
1367 3547 1605 3610 convinceretur
1627 3570 1720 3632 quarn

393 3643 549 3728 supplicio
579 3642 790 3706 addiceretur.
835 3644 901 3725 Ego
931 3650 1061 3725 repente
1090 3642 1121 3704 vi
1150 3640 1319 3704 tribunicia
1348 3648 1511 3723 correptus
1540 3660 1605 3704 non
1628 3644 1720 3707 modo

393 3736 546 3819 loquendi
569 3735 666 3799 libere
687 3736 721 3797 in
742 3735 879 3810 iudicio,
903 3734 960 3799 sed
982 3756 1022 3798 ne
1046 3734 1242 3799 consistendi
1264 3733 1392 3818 quidem
1415 3736 1449 3798 iu
1472 3734 1597 3800 olvitate
1619 3737 1720 3801 babeo

393 3837 591 3915 potestatem.
626 3829 747 3893 Eiicior
768 3850 833 3892 nou
855 3829 958 3893 solum
980 3831 1048 3893 sine
1070 3835 1162 3905 teste,
1184 3828 1253 3892 siue
1275 3829 1391 3903 iudice,
1413 3828 1470 3892 sed
1493 3828 1560 3893 siue
1580 3831 1721 3909 crimiue,

460 4065 484 4115 4.
500 4064 586 4126 paullo
603 4064 663 4114 0-
684 4064 725 4112 cai
742 4076 805 4113 noe:
824 4076 878 4113 om.
892 4064 940 4114 Co
954 4089 980 4099 -
999 4064 1103 4113 44444444
1118 4062 1218 4113 laudem
1235 4064 1269 4113 C:
1289 4062 1379 4113 ontulit
1394 4064 1428 4113 ad
1444 4062 1543 4113 laudm
1555 4064 1575 4115 0
1589 4092 1616 4103 -
1633 4068 1659 4117 2.
1672 4044 1724 4131 po-

390 4141 458 4204 pulis
472 4140 492 4191 E
510 4166 536 4176 -
557 4140 581 4189 3.
594 4139 713 4202 quoniam
725 4138 759 4187 C:
777 4139 811 4187 El
827 4137 945 4199 quoniam
962 4138 1023 4187 0-
1043 4138 1185 4188 advertistis
1197 4138 1238 4188 ES
1255 4164 1281 4174 -
1301 4136 1325 4189 4.
1339 4143 1485 4201 compareat
1500 4142 1533 4190 P:
1551 4148 1679 4206 conparat
1694 4146 1722 4194 (3¹

393 4217 453 4274 Es:
471 4219 625 4279 compareret
641 4212 672 4265 G²
685 4239 712 4248 -
731 4214 755 4262 b.
774 4212 930 4262 tribunitiam
947 4214 1012 4262 G-
1028 4226 1094 4261 nunc
1112 4213 1144 4262 E:
1163 4226 1214 4263 nou
1230 4208 1267 4277 (ἦ)
1285 4214 1358 4264 PGS
1380 4238 1407 4249 -
1426 4214 1486 4263 nribi
1503 4214 1596 4266 inicum
1613 4220 1645 4276 1²3
1663 4220 1724 4269 mibi

394 4292 522 4341 Inimicum
538 4291 596 4352 G0;
614 4290 743 4340 inimicrrm
758 4288 819 4337 mibi
835 4290 877 4338 Es
895 4315 922 4324 -
941 4288 965 4337 6.
982 4300 1009 4337 aa
1029 4288 1060 4337 E:
1086 4289 1128 4338 sed
1146 4289 1219 4338 PGS
1233 4312 1260 4324 -
1283 4289 1356 4350 prius
1372 4301 1422 4339 ossa
1438 4294 1548 4339 ucstmrm
1563 4291 1597 4342 C:
1615 4298 1724 4343 oestrum

392 4368 466 4431 prius
481 4367 561 4417 44440
575 4392 602 4401 -
621 4366 646 4416 7.
664 4364 823 4416 conualescat
838 4364 978 4413 calamitas.
998 4368 1021 4413 at
1036 4368 1165 4413 renouata
1182 4364 1201 4413 C
1217 4390 1243 4401 -·
1263 4364 1287 4414 8.
1306 4378 1337 4413 aa
1355 4364 1388 4415 C:
1408 4369 1482 4426 amna
1499 4366 1560 4415 0-
1579 4368 1685 4431 4444444444
1702 4371 1721 4419 C

397 4467 424 4478 -
438 4442 463 4492 9.
475 4446 593 4492 moratu
603 4440 638 4492 C:
656 4446 759 4491 cccmus
770 4441 790 4490 0
803 4465 830 4474 -
851 4441 890 4489 40.
904 4438 991 4489 debebo
1009 4441 1027 4489 Ρ
1039 4464 1066 4475 -
1084 4440 1226 4504 religantur
1242 4440 1276 4489 ad
1293 4440 1511 4490 demonstrandam
1523 4442 1556 4492 C:
1578 4443 1611 4492 ad
1622 4443 1724 4493 demam
1738 4484 1750 4503 .,

394 4517 527 4566 strandum
542 4516 683 4579 reliquatur
699 4517 719 4566 0
738 4540 765 4551 -
785 4516 825 4565 44.
844 4516 944 4564 animus
962 4514 995 4564 C:
1015 4516 1103 4564 anima
1120 4516 1139 4565 0
1160 4543 1187 4555 -
1207 4516 1245 4567 44.
1264 4516 1460 4580 iadipnationam
1477 4520 1497 4568 G
1513 4545 1539 4555 ·-
1558 4522 1655 4584 penult
1670 4521 1724 4572 obi·

395 4593 464 4642 ciunt
479 4590 548 4641 nobit
563 4586 689 4649 P²GES;
711 4604 790 4655 panae
812 4589 918 4640 obisiunt
937 4588 1026 4639 rIsobis
1047 4590 1075 4641 1³¹
1093 4618 1121 4647 ,-
1147 4591 1186 4641 43.
1205 4592 1332 4641 matarum
1350 4592 1383 4642 C:
1406 4598 1499 4643 4444444
1513 4596 1639 4646 maiorum
1655 4597 1675 4645 0
1694 4622 1721 4635 ·-

396 4666 509 4717 obterant
525 4666 545 4717 C
565 4692 592 4703 -
614 4666 655 4717 44.
672 4666 700 4715 in
715 4679 755 4715 nra
776 4680 825 4728 pro
840 4666 979 4716 4444444444
996 4667 1031 4725 C,
1055 4666 1103 4717 sed
1122 4666 1147 4715 in
1164 4669 1183 4717 P
1202 4681 1250 4730 pro
1266 4664 1360 4717 liueola
1378 4668 1508 4720 subducta
1525 4669 1669 4722 delendum
1686 4673 1724 4723 si-

397 4742 543 4805 gnificatur.
557 4766 584 4775 -
604 4741 644 4790 45.
663 4742 751 4804 aquila
762 4742 782 4789 G
794 4765 822 4775 -
841 4741 995 4802 turpitudine
1012 4741 1101 4791 GES:
1120 4742 1278 4805 turpitudone
1294 4742 1339 4803 P¹·,
1355 4746 1529 4807 turpitudoqua
1545 4748 1574 4797 1²¹
1587 4772 1614 4784 —
1634 4748 1725 4799 rona

397 4816 460 4873 PG;
478 4815 526 4876 bijr
541 4815 558 4863 S
577 4840 603 4851 -
623 4815 664 4865 44.
681 4816 790 4865 minimis
805 4815 966 4879 summatibus
981 4829 1040 4865 usus
1057 4818 1182 4879 quondam
1200 4818 1235 4868 C:
1254 4818 1415 4881 [normalibus
1430 4833 1489 4869 usus
1504 4824 1631 4882 quondam
1646 4825 1723 4873 mini-

397 4891 481 4941 mtsO
500 4916 527 4926 -
546 4890 587 4940 22.
606 4890 745 4940 amicorum
762 4890 796 4942 C:
819 4892 959 4942 amIcorum
978 4893 1115 4943 multorum
1133 4896 1260 4957 pracsidio
1279 4898 1389 4946 munitus
1405 4896 1425 4944 0
1443 4923 1470 4932 -
1494 4898 1593 4961 indiam
1611 4899 1643 4947 C:
1670 4903 1724 4962 apat

397 4965 534 5029 iadi9n00
553 4990 580 5000 -
606 4964 647 5017 il.
665 4971 763 5016 matum
782 4968 815 5018 P:
842 4972 915 5017 tanta
935 4968 1041 5024 Geso
1065 4995 1091 5006 -
1113 4970 1155 5019 25.
1173 4970 1302 5032 iapensam
1319 4972 1366 5021 PG
1394 4998 1421 5007 -
1446 4972 1538 5035 fecistis
1553 4985 1617 5023 nos:
1643 4974 1724 5023 aistis

400 5041 541 5105 (superscr.
559 5038 607 5090 lilt.
624 5056 642 5105 p
658 5052 674 5090 a
690 5054 771 5091 manu
788 5042 852 5105 sec.)
872 5043 903 5102 P;
923 5044 1005 5107 optatis
1022 5044 1135 5095 GESO.
1155 5044 1194 5095 Cf.
1213 5060 1238 5110 p.
1260 5045 1332 5107 4443,
1352 5046 1391 5097 43.
1408 5072 1434 5082 -
1453 5047 1494 5097 tt.
1510 5048 1642 5110 pernitiem
1658 5050 1679 5097 G
1694 5074 1721 5083 -

399 5115 440 5166 29.
457 5116 485 5166 in
499 5117 591 5167 nostris
606 5118 623 5167 S
641 5142 669 5155 ·-
687 5122 814 5179 4444444444
829 5118 1011 5169 incommodum
1028 5120 1060 5170 C:
1079 5119 1262 5173 Incommodum
1278 5128 1419 5185 mrpectata
1435 5122 1454 5172 0
1475 5148 1502 5157 -
1521 5122 1562 5174 30.
1580 5123 1724 5187 facinorosa

400 5193 435 5242 1³:
451 5191 597 5254 factrmosa
612 5192 716 5243 GESO
734 5218 762 5228 -
784 5192 825 5244 34.
843 5196 920 5245 uictor
936 5195 955 5246 C
974 5222 1001 5231 -
1021 5196 1101 5247 iudica
1118 5196 1151 5245 C:
1170 5195 1250 5245 indice
1266 5196 1286 5247 0
1305 5222 1331 5233 -
1350 5199 1392 5248 sed
1408 5198 1460 5247 rina
1475 5198 1593 5261 crimina,
1611 5198 1663 5249 sina
1678 5211 1724 5249 aa·

401 5272 516 5319 montom
532 5281 594 5320 nos:
611 5269 664 5319 sine
679 5268 791 5319 crimine.
808 5269 860 5320 aine
876 5276 1021 5321 accasatmc
1038 5272 1072 5332 ῦς
1090 5272 1143 5321 sine
1158 5271 1275 5335 erimine,
1293 5272 1335 5323 sed
1349 5272 1402 5325 atne
1417 5276 1563 5325 sarmatam
1580 5273 1608 5323 0.
