4009 6159
734 492 1023 565 essen-vm.
1048 493 1263 581 §ste-re.
1602 496 1659 565 rer

337 663 454 731 virtute
475 662 576 729 fuisse
598 668 631 729 et
651 663 721 729 sine
743 664 901 742 doctrina,
932 673 1064 732 naturas
1084 668 1186 751 ipsius
1207 668 1316 733 babitu
1337 690 1436 756 prope
1458 670 1587 747 divino,
1608 690 1667 756 per

336 780 372 827 se
393 760 484 842 ipsos
512 766 545 825 et
572 759 752 824 moderatos
773 766 938 842 etgraves
960 761 1118 825 exstitisse
1139 762 1251 825 fateor.
1291 762 1395 829 Etiam
1415 763 1494 827 illud
1515 763 1667 849 adiungo,

335 853 466 938 saepius
486 853 528 917 ad
549 853 676 919 laudem
697 858 793 937 atque
814 854 962 918 virtutem
983 862 1129 919 naturam
1150 856 1219 919 sine
1243 855 1385 922 doctrina
1401 877 1497 942 quam
1518 858 1588 922 sine
1609 879 1667 923 na·

335 955 407 1011 tura
427 947 566 1013 valuisse
588 946 774 1011 doctrinam.
809 948 912 1032 Atque
931 947 1092 1031 idemtego
1105 948 1168 1011 boe
1182 948 1357 1025 contendo,
1380 972 1451 1015 cum
1465 952 1507 1016 ad
1521 957 1665 1015 naturam

336 1041 484 1105 eximiam
506 1047 538 1105 et
558 1042 714 1106 illustrem
736 1041 904 1133 accesserit
924 1042 1004 1106 ratio
1021 1044 1177 1127 quaedam
1199 1042 1472 1128 conformatioque
1491 1032 1690 1138 docuinasls
1760 1058 1847 1146 ,ὦ

334 1142 403 1201 tum
428 1134 510 1199 illud
531 1136 638 1199 nescio
661 1133 739 1219 quid
765 1134 962 1218 praeclarum
984 1156 1022 1200 ac
1044 1136 1204 1219 singulare
1226 1137 1328 1202 solere
1350 1140 1520 1202 exsistere:
1550 1133 1601 1201 lo.
1624 1159 1667 1203 ex

334 1228 397 1295 boc
420 1248 490 1293 esse
507 1228 593 1295 bunc
613 1248 763 1305 numero,
794 1248 890 1310 quem
903 1235 1010 1312 patres
1031 1231 1132 1293 nostri
1146 1231 1310 1308 videmnt,
1332 1230 1475 1295 divinum
1494 1231 1666 1312 bominem,
1729 1266 1737 1296 =.
1800 1238 1832 1325 ts

333 1321 534 1400 libicanum3
561 1342 603 1386 ex
622 1321 685 1387 boc
708 1321 743 1386 C.
767 1321 925 1398 Laelium,
950 1324 987 1387 1..
1009 1324 1156 1399 Furium,
1177 1323 1447 1389 moderatissimos
1467 1323 1613 1415 homines
1635 1333 1668 1390 et
1719 1311 1737 1456 j

335 1418 642 1491 continentissimos;
665 1434 706 1478 ex
726 1414 788 1479 boc
808 1415 1017 1480 fortissimum
1039 1420 1142 1506 vinna
1163 1425 1196 1481 et
1216 1418 1281 1482 illis
1302 1418 1499 1501 temporibus
1521 1417 1668 1485 doctissi·
1705 1463 1716 1484 ,»

334 1530 440 1587 mum,
462 1513 504 1576 Μ.
528 1510 680 1575 Catonem
701 1508 793 1572 illum
815 1528 940 1601 sepem3
963 1511 1019 1594 qui
1042 1510 1201 1594 prolecto,
1223 1511 1252 1576 si
1273 1511 1355 1575 nibil
1368 1510 1409 1576 ad
1431 1512 1719 1595 percipiendamros

334 1605 566 1690 colendamque
585 1604 736 1668 virtutem
755 1603 870 1668 litteris
892 1603 1133 1680 adiuvarentur,
1155 1625 1330 1690 numquam
1351 1626 1386 1669 se
1409 1605 1450 1669 ad
1469 1624 1579 1670 earum
1601 1611 1668 1672 stu-

335 1698 424 1763 dium
453 1697 671 1763 oontulissent.
715 1695 810 1772 Quod
835 1697 864 1760 si
894 1716 960 1760 non
980 1697 1034 1762 hic
1054 1705 1159 1763 tantus
1179 1700 1299 1765 tructus
1322 1699 1558 1775 ostenderetur,
1586 1707 1619 1765 et
1639 1701 1667 1764 si

335 1814 378 1857 ex
396 1792 449 1857 bis
470 1790 584 1857 studiis
606 1789 774 1855 delectatio
803 1789 870 1855 sola
894 1797 1071 1874 peteretur,
1100 1800 1224 1869 umen,
1251 1800 1288 1858 ut
1308 1794 1438 1877 opinor,
1468 1790 1550 1857 bane
1570 1794 1668 1858 animi
1791 1807 1793 1810 ·

334 1886 553 1953 remissionem
579 1884 838 1951 humanissimam
867 1904 904 1949 ac
932 1886 1186 1951 liberalissimam
1215 1888 1408 1951 iudicaretis.
1443 1887 1523 1950 Nam
1543 1892 1666 1951 ceterae

334 1999 441 2063 neque
470 1985 645 2064 temporum
673 1984 747 2042 sunt
767 1998 875 2064 neque
897 1986 1034 2045 aetatum
1056 1982 1198 2045 omnium
1220 2000 1327 2066 neque
1347 1980 1509 2057 locorum
1535 1987 1569 2047 at
1586 1981 1703 2057 baccis

333 2073 441 2139 studia
462 2072 709 2137 adolescentiam
731 2071 836 2149 alunt,
867 2080 1064 2138 senectutem
1086 2075 1261 2151 oblectant,
1290 2075 1447 2141 secundas
1466 2094 1520 2139 res
1540 2080 1666 2151 ornant,

332 2166 476 2231 adversis
497 2165 677 2250 perfugium
699 2185 735 2230 ac
756 2166 904 2231 solatium
922 2167 1090 2252 praebent,
1113 2168 1272 2233 delectant
1286 2169 1387 2245 domi,
1408 2189 1474 2234 non
1489 2168 1668 2254 inpediunt

332 2259 430 2337 toris,
452 2266 641 2344 pernoctant
661 2260 846 2337 nobiscum,
867 2262 1122 2346 peregrinantur,
1143 2262 1344 2329 nustioantur.

418 2354 502 2419 Vlll.
525 2350 576 2417 t7.
600 2353 694 2429 Quod
726 2354 753 2418 si
781 2355 846 2437 ipsi
874 2355 954 2420 baec
982 2375 1089 2439 neque
1114 2357 1270 2439 attingere
1297 2375 1403 2442 neque
1433 2377 1532 2423 sensu
1555 2363 1665 2423 nostm

334 2454 461 2537 guntaro
482 2467 669 2533 possemus,
690 2453 796 2512 tamen
818 2468 856 2513 aa
877 2449 985 2515 mirari
1008 2448 1211 2526 deberemus,
1233 2450 1328 2517 etiam
1350 2472 1423 2516 cnm
1442 2452 1479 2515 in
1492 2451 1564 2517 aliis
1577 2452 1704 2531 ride-20

332 2562 450 2610 remus.
489 2541 571 2619 Quis
599 2546 743 2606 nostrum
764 2548 829 2605 tam
850 2542 958 2607 animo
979 2545 1098 2627 agresti
1118 2563 1156 2608 ac
1177 2544 1256 2609 duro
1278 2544 1352 2621 brit,
1379 2551 1416 2610 ut
1436 2545 1542 2614 lloscii
1563 2552 1665 2611 morte

334 2659 439 2724 nuper
459 2655 525 2701 non
548 2639 820 2701 commoveretur?
843 2636 900 2721 qui
922 2643 1094 2703 comesset
1114 2657 1215 2702 senex
1229 2646 1388 2715 mortuus,
1409 2646 1516 2705 tamen
1536 2646 1666 2725 propter

333 2732 542 2799 excellentem
571 2736 672 2795 artem
700 2748 738 2793 ae
758 2737 956 2796 venustatem
978 2732 1144 2798 ridebatur
1164 2734 1294 2798 omnino
1315 2733 1398 2799 mori
1418 2754 1486 2799 non
1506 2733 1664 2799 debuisse.

331 2830 417 2911 Ergo
443 2824 499 2889 ille
527 2824 670 2907 corporis
699 2830 789 2889 motu
814 2830 936 2888 tantum
956 2844 1099 2891 amorem
1120 2826 1181 2891 sibi
1202 2828 1388 2893 conciliarat
1407 2848 1428 2893 a
1447 2827 1541 2893 nobis
1562 2828 1665 2892 omni·

332 2924 409 2989 bus:
431 2939 490 2985 nos
513 2918 692 2983 animorum
713 2918 914 2983 incredibiles
936 2927 1041 2984 motus
1063 2920 1322 3005 celeritatemque
1342 2922 1543 3005 ingeniorum
1563 2923 1701 3007 negti-2,

332 3017 465 3101 gemnst
508 3008 559 3074 l8.
589 3011 745 3087 Quotiens
778 3032 838 3095 ego
868 3012 953 3079 bunc
973 3014 1121 3079 Archiam
1142 3014 1223 3091 vidi,
1257 3015 1396 3091 iudices,
1428 3047 1470 3064 -
1490 3023 1562 3081 utar
1577 3016 1663 3081 enim

331 3115 438 3175 vestra
464 3106 677 3189 benignitate,
706 3108 857 3190 quoniam
886 3126 937 3171 me
968 3109 1001 3171 in
1029 3108 1093 3171 boo
1117 3127 1200 3173 novo
1221 3126 1338 3191 genere
1359 3107 1486 3174 dicendi
1505 3115 1571 3175 tam
1593 3108 1664 3173 dili·

332 3210 444 3289 genter
475 3199 657 3275 attenditis,
678 3232 720 3247 -
749 3200 895 3283 quotiens
923 3220 982 3285 ego
1011 3200 1096 3265 bunc
1116 3201 1199 3276 vidi,
1232 3222 1304 3265 cnm
1325 3201 1463 3267 litteram
1485 3203 1665 3287 scripsisset

331 3297 467 3371 nullam,
488 3313 640 3377 magnum
661 3312 829 3357 numerum
851 3294 1043 3377 optimorum
1056 3314 1206 3361 versuum
1227 3295 1268 3359 de
1288 3296 1328 3360 iis
1350 3297 1430 3381 ipsis
1447 3297 1558 3373 rebus,
1580 3318 1663 3383 quae

331 3398 401 3457 tum
422 3393 609 3473 agerentur,
632 3388 738 3451 dicere
761 3408 802 3451 ex
823 3389 982 3471 temporel
1006 3389 1153 3473 quotiens
1174 3395 1358 3454 revocatum
1380 3390 1514 3455 eandem
1532 3410 1601 3455 rem
1615 3391 1701 3470 ‹li-³,

333 3504 404 3550 cere
425 3483 625 3549 commutatis
647 3481 753 3547 verbis
775 3490 872 3567 atque
893 3483 1074 3547 sententiisl
1098 3482 1189 3559 Quae
1209 3503 1285 3548 vero
1303 3490 1447 3551 accurate
1461 3485 1663 3571 cogitateque

331 3579 527 3665 scripsisset,
556 3596 595 3641 ea
622 3576 669 3640 sic
689 3575 755 3641 vidi
776 3577 919 3661 probari,
949 3583 985 3641 ut
1006 3575 1047 3641 ad
1067 3584 1211 3642 veterum
1233 3578 1423 3661 scriptorum
1444 3579 1571 3645 laudem
1591 3600 1664 3663 per-

331 3674 463 3738 veniret.
498 3671 593 3735 Hunc
615 3690 675 3754 ego
696 3689 762 3734 non
784 3671 937 3755 diligam?
958 3691 1023 3735 non
1045 3671 1203 3737 admirer?
1224 3691 1290 3736 non
1311 3672 1397 3737 omni
1416 3674 1539 3739 ratione
1554 3674 1664 3739 defen·

397 3849 422 3900 4.
439 3848 516 3913 (obse
537 3847 590 3899 eine
609 3845 765 3899 docuisset
783 3850 892 3898 semeae
909 3847 1073 3900 Schuetzins.
1093 3872 1121 3885 -
1145 3852 1256 3899 saturae
1271 3848 1460 3910 quw-ees
1475 3850 1592 3901 dcem
1607 3864 1662 3904 om.

332 3926 380 3979 ΕΡ
396 3951 425 3961 -
443 3922 558 3975 mutuo
574 3924 636 3973 G-
654 3921 1036 3984 {reconsecratum
1052 3924 1138 3974 omP
1157 3921 1223 3973 -4,
1241 3922 1287 3971 boc
1304 3923 1370 3973 GE:
1388 3935 1442 3974 om.
1460 3924 1552 3975 ceteri.
1573 3950 1601 3962 -
1618 3938 1665 3975 eo·

330 4001 465 4051 toroG—
483 4000 508 4050 b.
527 3999 630 4050 etGE:
648 3997 1532 4063 atquelLO-iolustremG-orotioP-coattnuottoqued—
1551 3998 1577 4051 6.
1595 4001 1665 4051 emei-

330 4079 395 4127 stere
409 4072 518 4125 solerel.
532 4100 560 4110 -
578 4072 603 4123 7.
615 4072 690 4135 tusc]
709 4073 778 4123 -Aut
793 4071 853 4124 dele
864 4074 910 4125 aut
925 4074 996 4125 illum
1007 4072 1149 4125 substitue.
1167 4076 1218 4124 Pro
1231 4072 1303 4124 cael.
1317 4086 1341 4124 c.
1354 4074 1386 4124 47
1399 4074 1424 4139 (5
1434 4074 1489 4139 ³⁹l=
1506 4076 1550 4126 Ec
1564 4076 1666 4142 borge-

329 4163 390 4203 eere
404 4150 462 4201 illos
474 4148 551 4213 subu
565 4148 678 4201 arbitror
688 4148 814 4211 comedes,
826 4148 962 4212 Fabricios,
977 4149 1073 4200 Ourios
1092 4149 1179 4213 etque
1195 4147 1230 4198 ita
1242 4160 1352 4212 semper
1362 4148 1397 4199 de
1414 4149 1530 4214 andqnis
1547 4151 1575 4201 et
1589 4164 1666 4202 mor-

331 4226 409 4277 tuis.»
425 4225 518 4275 Gerar.
537 4224 590 4275 Sed
601 4224 662 4276 vide
678 4222 811 4277 Halmium
821 4224 857 4277 ad
871 4226 898 4276 h.
909 4224 928 4276 l.
941 4226 969 4275 in
980 4225 1023 4275 ed.
1035 4225 1106 4289 Lips.
1121 4251 1150 4262 -
1167 4224 1193 4275 8.
1212 4224 1395 4287 amonicali
1410 4248 1441 4261 -
1456 4225 1667 4279 moderatam

332 4301 423 4353 GEP:
440 4299 690 4351 modestissimosdl.
703 4325 730 4335 -
751 4301 792 4350 40.
809 4302 845 4351 ll.
865 4313 919 4351 om.
932 4300 1022 4351 GEA.
1046 4301 1212 4351 praenomen
1228 4297 1385 4364 absorptum
1402 4312 1418 4349 a
1434 4300 1607 4365 praecedenti
1623 4300 1667 4353 lit-

331 4375 388 4426 tera
414 4372 517 4425 addidit
533 4374 562 4427 C.
581 4374 740 4441 Stephanus.
773 4373 811 4426 cl.
830 4388 857 4440 p.
876 4373 946 4426 Sulla
963 4375 978 4439 ξ
996 4374 1043 4425 23:
1066 4375 1103 4426 u.
1120 4373 1159 4424 illi
1175 4374 1265 4426 catoni
1280 4374 1341 4425 sest
1360 4387 1386 4440 p.
1405 4372 1511 4426 Plancio
1534 4374 1612 4439 5²⁰²
1636 4379 1667 4429 de

330 4448 546 4501 uouemus.
568 4447 827 4513 Verr.lib.11§5:
849 4448 942 4501 den.
961 4449 1022 4501 Coto
1038 4446 1152 4511 Sapiens.
1173 4474 1201 4483 -
1225 4450 1266 4499 44.
1285 4461 1333 4511 qao
1354 4460 1409 4500 om.
1428 4450 1507 4501 GEP
1530 4450 1667 4515 (colerdose

330 4536 381 4591 pro
397 4521 558 4588 glossemate
575 4522 660 4574 babet
674 4524 879 4585 Mommsenius3
897 4528 973 4587 atque
988 4524 1116 4575 coendum
1126 4524 1278 4589 suspicetur
1288 4520 1427 4587 Halmius.)
1440 4541 1469 4560 —
1487 4525 1668 4579 obrem

330 4597 437 4652 Tollius.
463 4598 518 4650 Sed
534 4597 596 4651 vide
613 4598 784 4651 Garatonium
801 4598 836 4651 ad
853 4612 892 4650 or.
911 4610 937 4663 p.
957 4599 1042 4650 Sestio
1059 4611 1084 4649 c.
1103 4598 1143 4650 67.
1160 4611 1188 4664 p.
1206 4598 1264 4650 374.
1289 4624 1317 4635 -
1340 4598 1381 4650 43.
1400 4599 1486 4651 coest
1499 4602 1668 4662 esurientem

331 4674 478 4739 Naugerius
494 4674 522 4727 in
539 4673 583 4726 ed.
602 4674 752 4725 Victoriana
770 4675 812 4738 (ex
828 4676 897 4725 coni.
915 4676 976 4725 Laz.
993 4673 1128 4725 Bonamici
1144 4675 1213 4725 teste
1231 4673 1368 4738 Grutero):
1389 4676 1630 4731 madrasiam
1646 4681 1667 4729 G

331 4750 424 4809 EPA3
442 4748 524 4799 asini
540 4749 711 4801 odovacrem
727 4760 789 4799 cum
807 4736 918 4801 Grutdro
935 4750 955 4801 0
973 4776 1000 4785 -
1024 4751 1064 4800 43.
1083 4755 1111 4800 ot
1127 4750 1220 4801 GEP:
1239 4763 1294 4802 om.
1313 4750 1405 4802 celest
1424 4750 1463 4804 Gi.
1482 4750 1517 4804 de
1533 4753 1598 4817 imp.
1617 4752 1665 4805 Cn.

331 4825 452 4890 Pompeii
471 4824 486 4889 ἓ
504 4826 544 4877 lb.
565 4852 593 4865 -
613 4826 653 4877 46.
672 4825 838 4877 odolescm
853 4826 874 4877 E
895 4852 920 4863 -
940 4825 1013 4875 olum
1027 4825 1193 4888 Hervagius:
1217 4830 1297 4890 aptast
1313 4825 1437 4886 cerm
1458 4832 1554 4879 oum
1570 4824 1668 4879 Guliel-

330 4900 411 4951 mius.
435 4898 475 4951 Cl.
487 4899 559 4951 Brut.
577 4899 593 4965 fi
611 4900 668 4951 lae.
690 4928 717 4937 -
737 4901 777 4952 47.
793 4900 940 4966 profugium
957 4901 1015 4965 (per
1032 4899 1230 4966 compendium)
1248 4902 1270 4950 G
1282 4929 1310 4939 -
1328 4902 1457 4965 aspectent
1467 4904 1489 4954 d
1501 4930 1530 4941 -
1547 4904 1589 4955 et.
1608 4902 1669 4965 οὐκ

331 4975 418 5026 minu
434 4979 489 5025 mm
504 4975 599 5039 agrati
615 4978 639 5025 et
654 4974 720 5025 deco
735 4974 797 5038 soit,
814 4979 844 5025 ut
859 4976 931 5027 ltosoi
946 4980 1026 5027 morte
1041 4990 1092 5027 ooo
1106 4983 1248 5028 meroem
1259 4976 1314 5042 (sic)
1326 4977 1344 5028 S
1358 5004 1386 5015 -
1403 4979 1490 5031 mirso
1506 4983 1559 5029 tom
1573 4979 1669 5043 westi

330 5052 377 5102 st.
395 5078 424 5089 -
442 5052 483 5103 33.
502 5050 555 5117 nos]
572 5050 616 5101 loos
632 5051 783 5112 Ernestiue;
810 5050 860 5102 sed
875 5050 936 5103 vide
954 5049 1096 5104 Halmium.
1116 5080 1145 5090 -
1166 5053 1322 5118 sequestros
1337 5054 1359 5103 G
1377 5079 1405 5089 -
1422 5054 1464 5106 26.
1483 5052 1599 5117 Quotiens
1616 5054 1667 5105 Gn

331 5124 468 5192 lubiqnetz
487 5128 582 5189 polias
596 5126 676 5179 alo
695 5154 723 5164 -
741 5126 865 5177 arabim
881 5126 942 5177 Ε-
961 5126 1003 5178 29.
1021 5126 1060 5192 iis]
1077 5126 1115 5178 bis
1131 5128 1253 5180 GEA—
1272 5126 1314 5177 344.
1332 5127 1444 5189 qootim
1459 5142 1504 5196 eqo
1519 5135 1667 5183 reuocatae

331 5202 353 5253 G
372 5228 401 5241 ··
420 5201 462 5256 32.
475 5202 619 5267 remetire
635 5202 726 5255 GEP:
742 5201 901 5268 peueciroot
916 5202 996 5254 elo
1015 5228 1042 5239 -
1060 5202 1101 5255 33.
1120 5203 1174 5269 eqo]
1191 5216 1236 5270 eqo
1251 5216 1312 5256 uero
1327 5205 1356 5255 P.
