4009 6159
766 647 840 714 cn.
862 649 1017 712 x-xu.
1045 645 1092 732 ss
1113 643 1284 717 ern-ec..
1451 647 1462 666 ’
1593 641 1676 710 rore

352 839 448 906 quem
470 818 522 882 hic
545 818 624 882 ordo
643 819 835 883 assentiente
858 819 949 883 ltalia
968 819 1153 902 cunctisque
1174 817 1320 900 gentibus
1343 823 1597 882 conservatorem
1619 840 1676 903 pa·

351 914 430 978 triae
452 913 615 988 iudicarat,
637 913 725 993 nullo
747 913 877 989 iudicio,
899 913 988 977 nulla
1011 912 1091 996 lege,
1112 912 1202 976 nullo
1223 931 1312 976 more
1328 911 1455 976 servitio
1470 920 1566 997 atque
1580 916 1675 978 armis
1797 912 1815 946 '³

349 1006 535 1092 pelleretur,
564 1028 627 1072 non
650 1008 751 1071 dicam
773 1007 894 1070 auxilio
917 1013 1039 1081 vestro,
1068 1005 1155 1090 quod
1176 1025 1249 1069 vere
1271 1005 1347 1069 licet
1367 1003 1490 1081 dicere,
1512 1007 1569 1071 sed
1592 1017 1675 1072 certe

349 1100 495 1164 silentio:
516 1108 582 1164 tunr
597 1103 716 1165 Romae
730 1099 830 1163 fuisse
845 1100 991 1164 consules
1008 1101 1176 1184 quisquam
1191 1099 1406 1163 existimabit?
1428 1095 1478 1163 24.
1502 1099 1565 1177 Qui
1579 1102 1676 1166 latro·

349 1214 406 1257 nes
428 1195 535 1278 igitur,
556 1195 583 1257 si
605 1196 736 1279 quidem
750 1214 807 1258 vos
827 1195 996 1258 consules?
1064 1195 1074 1256 i
1089 1193 1276 1277 praedones,
1292 1195 1348 1277 qui
1364 1191 1483 1268 hostes,
1498 1197 1554 1277 qui
1568 1196 1699 1279 prodi-s

276 1359 284 1370 ³
349 1295 449 1362 tores,
469 1288 525 1371 qui
540 1288 664 1371 tyranni
679 1287 946 1352 nominabuntur?
969 1289 1024 1350 Xl.
1073 1307 1189 1370 agnum
1203 1306 1320 1350 nomen
1335 1295 1396 1362 est,
1411 1307 1526 1377 magna
1542 1290 1675 1373 species,
1739 1309 1785 1410 p
1826 1290 1844 1363 3

349 1401 462 1464 magna
480 1380 626 1466 dignitas,
648 1401 761 1465 magna
781 1383 928 1445 maiestas
943 1373 1104 1474 consulis)
1123 1360 1188 1443 hon
1207 1401 1243 1443 ca
1265 1382 1336 1443 iunt
1356 1375 1519 1464 angustiae
1540 1385 1676 1467 pectoris
1720 1353 1746 1394 κ
1776 1369 1780 1376 ’

349 1471 505 1570 tui,(non
531 1475 642 1564 reoip—it
670 1476 780 1540 levitas
801 1477 878 1552 ista,
908 1495 973 1539 non
996 1483 1118 1559 egestas
1140 1403 1264 1572 animig
1277 1458 1349 1570 pron
1370 1475 1535 1539 infirmitas
1556 1477 1677 1560 ingenii
1734 1546 1750 1562 Ι
1770 1492 1859 1558 ,ta-,⁴1³

350 1570 501 1644 sustinet,
529 1589 593 1634 non
615 1561 914 1668 insolentia)rerum
936 1563 1289 1656 secundarum(tantam
1311 1567 1500 1660 personam)
1521 1576 1585 1633 tam
1606 1590 1677 1652 gra·
1733 1563 1848 1660 ‘',32

348 1683 430 1740 vem,
445 1671 508 1728 tam
523 1684 675 1729 severam.
698 1665 841 1747 Seplasia
862 1685 913 1729 me
934 1664 1075 1737 hercule,
1096 1668 1132 1725 ut
1155 1661 1216 1725 dici
1231 1661 1407 1738 audiebam,
1429 1670 1461 1726 te
1483 1669 1519 1726 ut
1539 1663 1714 1747 primumto

349 1758 510 1842 adspexit,
543 1759 737 1844 Campanum
767 1759 929 1823 consulem
957 1756 1145 1842 repudiavit.
1195 1757 1347 1821 Audierat
1366 1757 1480 1822 Decios
1500 1758 1622 1843 Magios
1645 1765 1678 1821 et

350 1851 390 1916 de
409 1853 534 1936 'Taurea
562 1853 618 1916 illo
641 1853 778 1919 Vibellio
806 1851 928 1938 aliquid
956 1858 1138 1933 acceperat:
1171 1851 1205 1914 iu
1228 1851 1344 1935 quibus
1366 1853 1394 1914 si
1416 1851 1591 1918 moderatio
1612 1853 1676 1928 illa,

350 1965 432 2029 quae
459 1947 493 2009 in
521 1947 639 2010 nostris
667 1947 748 2010 solet
775 1967 844 2011 esse
876 1948 1076 2022 consulibus,
1109 1947 1277 2023 nonfuit,
1310 1955 1342 2012 at
1371 1949 1431 2012 luit
1452 1968 1586 2033 pompa,
1618 1946 1678 2009 luit

350 2040 492 2124 species,
525 2040 586 2103 luit
612 2041 756 2104 incessus
778 2043 889 2106 saltem
913 2041 1056 2124 Seplasia
1078 2041 1192 2123 dignus
1215 2048 1247 2105 et
1269 2042 1386 2127 Capua.
1429 2041 1481 2107 25.
1508 2041 1677 2106 Gabinium

352 2132 490 2218 denique
519 2135 547 2198 si
576 2135 731 2199 vidissent
753 2137 952 2200 duumvirum
975 2135 1073 2199 vestri
1095 2134 1142 2198 illi
1165 2137 1383 2219 unguentarii,
1416 2137 1510 2201 citius
1532 2136 1716 2220 agnetis-rt

351 2235 431 2292 sent.
454 2209 572 2321 <Erant
602 2229 649 2293 illi
679 2231 798 2315 compti
827 2229 931 2315 capilli
961 2237 993 2293 et
1008 2221 1188 2328 §uadentes
1221 2230 1441 2295 cincinnorum
1451 2223 1615 2330 (fimbriae
1647 2221 1698 2306 et)

350 2317 485 2386 {luentes
500 2313 905 2424 fp'ulsataequespuccae,
928 2323 1049 2480 dippae
1067 2315 1270 2424 Capua,)sed
1291 2326 1347 2390 illa
1367 2334 1483 2392 vetere.
1505 2328 1587 2390 llam
1599 2324 1679 2412 haec
1758 2285 1840 2380 ἦ

351 2415 496 2500 quidem,
531 2435 614 2500 quae
647 2435 734 2480 nunc
767 2423 833 2492 est,
866 2416 956 2500 splen
980 2417 1193 2482 rdissimorum
1223 2419 1404 2495 hominum,
1436 2419 1680 2484 fortissimorum

351 2512 507 2586 virorum,
536 2512 727 2594 optimorum
750 2510 864 2574 civium
886 2512 1030 2596 mihique
1052 2513 1315 2577 amicissimorum
1337 2512 1543 2579 multitudine
1564 2511 1681 2576 redun-

352 2604 422 2682 dut;
456 2625 591 2689 quorum
616 2604 742 2689 Capuae
764 2614 795 2670 te
817 2614 1048 2688 praetextatum
1070 2626 1164 2670 neruo
1186 2607 1348 2693 adspexit,
1379 2609 1434 2693 qui
1455 2628 1520 2671 non
1542 2607 1717 2690 gemeretto

352 2696 510 2761 desiderio
533 2698 611 2773 mei,
641 2697 733 2763 cuius
756 2698 892 2762 consilio
915 2720 987 2764 cum
1010 2701 1190 2765 universam
1211 2722 1279 2766 reru
1300 2703 1477 2789 publicam,
1504 2710 1572 2765 tum
1593 2699 1681 2763 illam

352 2793 452 2875 ipsam
483 2792 594 2856 urbem
624 2794 832 2857 meminerant
855 2813 925 2857 esse
947 2801 1112 2859 servatam.
1155 2797 1206 2859 lile
1227 2797 1373 2861 inaurata
1394 2801 1497 2863 statua
1518 2796 1682 2873 donarant,

353 2905 403 2947 me
425 2893 594 2972 patronum
611 2907 709 2950 unum
729 2886 941 2964 adsciverant,
963 2907 982 2952 a
1002 2910 1054 2952 me
1073 2887 1239 2953 rehabere
1258 2891 1366 2968 vitam,
1388 2889 1550 2969 44444444,
1564 2891 1681 2956 liberos

353 2981 600 3058 arbitrabantur3
633 3002 683 3044 me
714 2988 745 3045 et
770 2989 969 3065 praesentem
997 2992 1107 3048 contra
1127 2983 1325 3047 latrocinium
1345 2992 1435 3048 tuum
1457 2987 1525 3050 suis
1547 2985 1682 3050 decretis

355 3075 531 3161 legatisque
553 3075 776 3151 defenderant,
810 3081 842 3138 et
871 3076 1033 3142 absentem
1055 3077 1200 3161 principe
1223 3078 1279 3141 Cu.
1300 3078 1450 3162 Pompeio
1472 3079 1628 3144 referente
1651 3087 1719 3143 etro

355 3166 394 3231 de
426 3189 558 3254 corpore
586 3171 633 3232 rei
662 3169 807 3252 publicae
844 3177 970 3234 tuorum
1002 3172 1157 3235 scelerum
1186 3171 1251 3235 tela
1279 3171 1455 3237 revellente
1485 3181 1681 3239 revocarant.

354 3259 405 3326 46.
427 3264 477 3326 An
498 3269 563 3327 tum
587 3283 656 3327 eras
679 3263 807 3338 consul,
831 3285 902 3328 cum
923 3265 957 3327 iu
978 3263 1102 3328 Palatio
1124 3284 1196 3327 mea
1217 3265 1330 3329 domus
1351 3265 1496 3343 ardebat,
1519 3287 1584 3331 non
1607 3289 1682 3332 casu

354 3356 480 3441 aliquo,
513 3357 569 3420 sed
596 3356 722 3440 ignibus
744 3356 867 3421 iniectis
888 3359 1058 3442 instigante
1088 3359 1147 3421 tei
1179 3357 1313 3442 Ecquod
1341 3360 1374 3422 in
1400 3360 1460 3425 hac
1481 3362 1559 3426 urbe
1581 3363 1682 3426 maius

354 3475 505 3538 umquam
534 3454 715 3517 incendium
743 3453 820 3529 fuit,
853 3455 903 3518 cui
930 3474 995 3517 non
1023 3452 1136 3516 consul
1165 3452 1371 3517 subvenerit?
1417 3457 1458 3520 lt
1479 3464 1514 3521 tu
1535 3458 1590 3522 illo
1611 3458 1681 3543 ipso

354 3555 497 3632 tempore
526 3549 611 3632 apud
640 3568 766 3612 socrum
797 3557 884 3613 tuam
910 3567 1009 3633 prope
1038 3566 1058 3610 a
1085 3545 1164 3610 meis
1193 3546 1343 3624 aedibus,
1377 3550 1469 3614 cuius
1491 3552 1620 3615 domum
1642 3551 1719 3615 adeo

355 3660 458 3706 meam
487 3641 737 3706 exhauriendam
764 3639 976 3726 patefeceras,
1010 3640 1142 3705 sedebas
1172 3661 1235 3705 nou
1264 3643 1454 3721 exstinctor,
1487 3645 1544 3710 sed
1572 3653 1683 3711 auctor

354 3736 509 3813 incendii,
538 3745 570 3800 et
597 3735 746 3800 ardentes
768 3735 853 3800 iaces
876 3737 968 3800 furiis
995 3735 1157 3800 Clodianis
1179 3754 1280 3821 paene
1301 3735 1371 3819 ipse
1393 3740 1504 3804 consul
1525 3741 1683 3806 ministra·

355 3829 421 3896 bas.
463 3831 535 3895 ΧΠ.
556 3831 606 3896 An
626 3849 702 3896 vero
723 3830 848 3915 reliquo
869 3838 1013 3917 tempore
1034 3830 1197 3896 consulem
1219 3837 1252 3894 te
1269 3831 1439 3917 quisquam
1457 3834 1574 3899 duxit?
1596 3835 1684 3920 quis·

363 3993 565 4003 m-.
608 3995 613 3999 .
678 3994 719 3999 .—
766 3995 769 4000 .
829 3995 910 4000 .......
977 3994 1084 4000 ......-

420 4074 445 4126 3.
463 4077 531 4126 certo
551 4074 568 4124 S
586 4098 614 4109 -·
637 4073 661 4124 a.
678 4086 766 4124 4444444
784 4073 905 4124 4444444444
925 4073 945 4124 E
963 4098 991 4110 -
1018 4073 1060 4124 40.
1078 4073 1391 4138 Septostourepadtoott
1411 4073 1530 4127 habeti
1547 4078 1683 4133 44444444

355 4162 383 4215 p.
401 4147 449 4200 340
466 4145 564 4208 bineli..
588 4145 639 4198 ssd
661 4147 746 4199 codex
767 4148 837 4199 Festi
858 4149 956 4213 partim
978 4149 1006 4199 in
1022 4146 1072 4199 lae.
1091 4173 1121 4186 -
1142 4149 1262 4209 4444444444
1278 4150 1298 4200 0
1316 4173 1345 4187 -
1370 4150 1426 4200 0044
1442 4151 1462 4201 Ε
1481 4173 1509 4186 -
1527 4151 1568 4202 44.
1585 4156 1685 4217 osmer

356 4224 449 4277 rosus
470 4225 498 4275 44
516 4221 580 4276 mei.
599 4247 627 4260 -·
649 4223 752 4286 044444,
775 4222 875 4288 Hegio·
897 4223 931 4285 0,
953 4222 1003 4275 sed
1023 4223 1117 4275 vitium
1140 4221 1312 4276 dhdncflonis
1329 4236 1398 4275 corr.
1416 4225 1444 4275 in
1464 4223 1599 4279 onomast.
1616 4227 1682 4291 ,Tuli

355 4313 384 4366 p.
401 4298 459 4351 344.
481 4323 507 4336 -
530 4299 571 4350 ts.
591 4298 691 4349 4444444
711 4297 731 4348 Ε
750 4323 779 4335 -
806 4296 955 4350 4044444404
979 4295 1538 4360 4440444441;44444404444;444444044’00.
1571 4301 1685 4352 40440444

354 4373 438 4426 habet
453 4373 514 4425 cod.
531 4373 666 4424 Puteanus
681 4371 746 4424 Livii
762 4371 853 4434 xliiii,
872 4372 888 4424 8
905 4373 932 4422 et
949 4369 994 4436 46,
1013 4373 1106 4435 xxvi,
1124 4373 1171 4436 44,
1188 4373 1349 4424 Nazerianus
1365 4373 1392 4423 iu
1407 4373 1541 4426 renconis
1558 4375 1620 4427 bivii
1636 4375 1681 4428 lib.

355 4449 401 4510 ⁴23
419 4445 523 4500 4444444444
538 4449 680 4500 bernensis
697 4446 793 4498 Valerii
809 4447 915 4500 Maximi
933 4447 979 4511 lli,
996 4448 1026 4510 4,
1044 4447 1101 4499 Exi.
1120 4449 1145 4499 4.
1164 4446 1202 4499 cl.
1221 4449 1299 4513 impr.
1311 4449 1395 4500 inser.
1407 4449 1489 4514 Nesp.
1504 4448 1546 4500 ed.
1559 4450 1683 4503 llomms.

355 4539 382 4576 n.
400 4523 479 4588 3448,
497 4522 543 4576 ubl
560 4525 602 4576 est
617 4536 716 4576 nomen
732 4524 759 4575 in
776 4521 850 4576 titulo
868 4523 1006 4588 Campano
1023 4525 1051 4573 et
1066 4536 1093 4574 n.
1111 4522 1169 4574 844.
1194 4523 1281 4574 Etiam
1297 4535 1378 4587 supra
1394 4535 1422 4587 p.
1440 4521 1502 4586 636,
1520 4522 1552 4575 44
1573 4524 1685 4577 40044044

356 4597 529 4652 scribendum
546 4599 611 4650 crat.
633 4623 660 4636 -
680 4597 720 4650 43.
739 4603 767 4649 44
782 4598 831 4663 (stit
845 4611 900 4649 om.
913 4597 934 4649 E
949 4596 1031 4650 solus.
1050 4624 1078 4636 -
1097 4598 1138 4648 46.
1154 4599 1234 4663 fibros
1249 4597 1422 4648 domm
1436 4599 1563 4650 4444444444
1576 4599 1683 4652 Servius

356 4677 419 4729 citat
435 4675 470 4730 ad
486 4675 566 4742 Verg.
585 4678 679 4741 Georg.
697 4677 720 4738 l,
740 4675 797 4726 440.
812 4703 840 4713 -
858 4675 899 4726 44.
914 4675 1078 4738 4404444444
1094 4673 1184 4736 codd,
1202 4675 1232 4724 ut
1242 4671 1356 4736 videtur,
1375 4685 1470 4725 omnes
1487 4675 1515 4725 et
1531 4673 1593 4725 edd.
1606 4678 1681 4727 vett:

353 4757 542 4816 44444444444444
559 4749 603 4803 sd.
620 4751 722 4802 Iuntina
739 4752 767 4802 44
784 4752 817 4811 0;
842 4750 902 4802 tort.
917 4749 1171 4814 mmuwoue,
1189 4749 1219 4799 ut
1235 4750 1277 4800 est
1293 4749 1321 4800 in
1336 4747 1419 4800 Plauti
1436 4750 1514 4800 Troo.
1531 4750 1568 4812 11,
1586 4750 1616 4812 2,
1634 4751 1680 4802 35:

354 4828 650 4893 0444444444444444444
668 4853 696 4865 -
715 4827 754 4878 40.
773 4825 899 4878 hominum
916 4823 1105 4876 om.Esolus.
1125 4851 1153 4861 -
1171 4825 1213 4876 nt.
1231 4823 1491 4876 4444444444ήοῖ-
1508 4822 1550 4874 ii.
1568 4827 1685 4878 4444444044-

355 4904 408 4954 rint
424 4903 500 4956 4οΡ
518 4928 546 4940 -
566 4904 693 4954 4444444444
708 4901 787 4953 Eos
804 4905 831 4953 et
846 4901 1006 4962 Arusianus,
1024 4900 1070 4964 qui
1087 4900 1163 4951 444444
1177 4912 1205 4964 p.
1222 4899 1272 4951 222
1287 4899 1524 4961 4444--04444444444,
1543 4901 1571 4950 44
1586 4899 1682 4952 deinde

314 4979 316 4986 ’
355 4992 382 5044 p.
400 4977 463 5030 233:
487 4975 811 5030 occumberemus·
827 5002 855 5014 —
877 4975 919 5028 23.
937 4989 963 5026 ss
979 4988 1033 5027 om.
1051 4977 1130 5027 4444.
1148 5000 1176 5011 -
1198 4971 1240 5028 il.
1257 4973 1444 5040 4444144403
1462 4999 1491 5012 -
1509 4975 1550 5025 ne.
1569 4974 1684 5040 04444444-

354 5059 416 5106 mot
431 5049 457 5107 il
470 5080 498 5092 -
513 5054 639 5118 4444444444
655 5055 752 5115 Garat,
767 5053 882 5117 4444444444
896 5051 988 5103 civim
1005 5048 1096 5112 Orelli,
1112 5051 1226 5115 uterque
1237 5047 1317 5102 mele.
1331 5075 1358 5087 -
1376 5049 1419 5101 26.
1435 5055 1587 5101 4444444444
1603 5051 1683 5102 lem·

355 5129 450 5182 hinne:
466 5135 618 5182 mecam
634 5128 684 5182 CO
702 5154 730 5166 —
748 5130 790 5182 27.
808 5135 862 5182 444444
878 5129 915 5181 C:
934 5131 962 5178 444
977 5127 998 5178 0
1012 5151 1039 5163 -
1057 5125 1100 5178 28.
1117 5126 1208 5187 4444444
1224 5125 1243 5175 C
1262 5127 1290 5176 et
1305 5125 1384 5177 codd.
1400 5125 1520 5187 44444444,
1538 5126 1584 5189 qul
1600 5123 1683 5175 habet

356 5205 459 5268 nequod
468 5230 484 5242 -
494 5231 510 5243 ·
519 5205 620 5258 4404444
632 5231 660 5245 -
677 5205 719 5256 40.
730 5205 871 5257 tremitum
885 5216 998 5266 4444444444
1009 5199 1069 5253 4441.
1081 5199 1174 5254 Ambr.
1186 5201 1303 5253 Asconii.
1315 5229 1343 5239 -
1354 5202 1408 5265 tpso
1419 5213 1473 5252 om.
1484 5201 1506 5251 G
1518 5226 1545 5237 -
1558 5199 1600 5252 30.
1612 5206 1683 5252 44444444

357 5279 417 5332 1³-
527 5279 850 5334 4444444444444444-
868 5278 1046 5332 4644444444
1064 5277 1381 5332 4444444434Μο-
1399 5274 1683 5330 eumeces

361 5381 390 5396 -
441 5393 448 5410 .
466 5357 541 5412 044444
555 5355 600 5412 ed.
612 5355 679 5411 Ven.
692 5353 769 5410 44444
788 5355 855 5409 dixit
870 5355 900 5409 0.
