4009 6159
419 542 504 609 libb
822 546 975 614 ORATIO
996 548 1222 616 PHILIPPICA
1241 553 1326 617 xlv.

418 718 573 783 civilibus.
618 718 697 783 Nam
729 718 807 782 mibi
836 720 959 784 consuli
992 722 1182 806 supplicatio
1211 722 1308 786 uallis
1335 723 1430 788 armis
1458 725 1591 808 sumptis
1612 745 1683 791 uon
1707 724 1754 791 ob

416 812 545 876 caedem
566 811 721 887 bostium,
743 814 799 878 sed
822 814 863 876 ob
885 817 1155 881 conservationem
1179 817 1293 881 civium
1317 837 1400 881 noro
1416 824 1449 882 et
1468 818 1610 883 inaudito
1625 838 1754 903 genere

415 905 542 971 decreta
563 914 621 970 est
657 907 761 982 Quam
783 908 824 972 ob
846 928 913 971 rem
935 916 989 973 aut
1010 911 1198 994 supplicatio
1219 930 1253 973 re
1274 911 1401 995 publica
1422 912 1635 996 pulcherrime
1652 920 1754 995 gesta

414 1001 647 1085 postulantibus
669 1001 784 1065 nonde
805 1003 1047 1087 imperatoribus
1070 1004 1255 1088 deneganda
1277 1013 1343 1079 est,
1366 1007 1452 1089 quod
1474 1014 1599 1089 praeter
1619 1009 1656 1071 A.
1683 1007 1755 1069 Ga·

391 1095 535 1159 obinium
564 1096 697 1177 contigit
724 1097 858 1170 nemini,
887 1105 944 1160 aut
971 1098 1203 1181 supplicatione
1232 1099 1433 1164 decernenda
1462 1101 1569 1165 hostes
1597 1121 1672 1177 eos,
1707 1100 1753 1163 de

413 1190 529 1272 quibus
550 1188 738 1264 decernitis,
764 1188 911 1254 iudicetis
932 1211 1063 1255 necesse
1086 1200 1143 1255 eat.
1186 1194 1241 1255 DL
1264 1193 1357 1269 Quod
1380 1213 1454 1277 ergo
1476 1194 1530 1257 ille
1551 1216 1604 1271 re,
1624 1195 1657 1258 id
1682 1214 1752 1277 ego

413 1284 509 1347 etiam
530 1283 646 1358 verbo,
667 1303 739 1347 cum
761 1284 967 1368 imperatores
989 1306 1045 1349 eos
1068 1285 1213 1369 appello:
1235 1287 1296 1351 boc
1318 1287 1390 1370 ipso
1405 1290 1533 1353 nomiae
1548 1296 1581 1353 et
1595 1308 1661 1363 eos,
1685 1288 1752 1371 qui

412 1379 476 1443 iam
505 1375 620 1440 devicti
649 1384 736 1452 sunt,
768 1384 800 1440 et
826 1398 899 1453 eos,
929 1381 982 1462 qui
1009 1388 1197 1462 supersunt,
1227 1381 1335 1445 bootes
1358 1381 1479 1457 iudico,
1510 1402 1582 1446 cnm
1604 1383 1751 1445 victores

411 1471 539 1556 appello
560 1473 775 1555 imperatores.
818 1468 869 1534 25.
892 1471 1082 1547 Quomodo
1105 1474 1188 1537 enim
1204 1475 1310 1557 potins
1325 1477 1458 1539 Pansam
1473 1477 1657 1559 appellem?
1680 1477 1748 1539 etsi

373 1566 508 1630 ttbabet
526 1565 657 1629 honoris
678 1584 794 1628 noman
817 1566 1015 1649 amplissimi.
1050 1568 1121 1642 Quo
1136 1568 1297 1632 Hirtium?
1318 1570 1376 1632 Est
1395 1570 1449 1632 ille
1471 1569 1602 1653 quidem
1616 1570 1747 1641 consul,

411 1659 469 1725 sed
498 1660 632 1723 altarum
659 1679 775 1723 nornen
796 1657 942 1723 beneficii
964 1661 1074 1744 populi
1097 1662 1230 1725 Romani
1251 1670 1314 1737 est,
1342 1663 1475 1727 alterum
1497 1664 1619 1726 virtutis
1640 1672 1746 1747 atque

412 1754 570 1818 victorinon
607 1752 716 1829 Ouidi
745 1753 928 1827 Gaesarem,
957 1755 1088 1818 deorum
1118 1753 1272 1821 beneficio
1293 1756 1339 1820 rei
1360 1757 1506 1839 publicae
1528 1765 1745 1840 procreatum,

412 1850 595 1913 dubitemne
616 1847 776 1930 appellare
797 1848 1041 1930 imperatorem?
1063 1849 1117 1933 qui
1140 1851 1261 1932 primus
1278 1851 1406 1915 Antonii
1427 1851 1595 1915 immanem
1618 1856 1651 1913 et
1671 1850 1746 1915 ioc-

410 1944 486 2009 dam
507 1942 725 2007 crudelitatem
746 1960 811 2004 non
832 1941 935 2005 solum
957 1963 977 2006 a
996 1942 1115 2024 iugulis
1136 1945 1268 2017 nostris,
1296 1946 1352 2008 sed
1375 1944 1470 2009 etiam
1493 1965 1512 2008 a
1533 1944 1684 2009 membris
1708 1954 1744 2007 et

373 2038 585 2103 carimeribus
606 2036 728 2099 avertit.
764 2035 862 2099 Unius
884 2043 988 2099 autem
1011 2036 1073 2099 diei
1087 2045 1166 2119 quot
1188 2046 1218 2100 et
1233 2046 1370 2121 quantae
1384 2040 1532 2111 virtutes,
1554 2038 1588 2103 di
1609 2042 1744 2104 immor-

411 2132 506 2207 tales,
526 2128 673 2194 luerunt!
716 2126 767 2191 26.
789 2130 938 2213 Princeps
960 2130 1045 2193 enim
1067 2131 1208 2195 omnium
1222 2133 1323 2195 Pausa
1339 2132 1452 2215 proelii
1468 2132 1606 2197 faciendi
1619 2142 1650 2197 et
1664 2154 1741 2197 com

410 2226 550 2290 Antonio
578 2223 767 2305 conligendi
796 2222 875 2287 fuit:
905 2224 1018 2307 dignus
1039 2225 1213 2306 imperator
1234 2225 1358 2307 legione
1379 2227 1506 2299 llartia,
1537 2227 1630 2310 digna
1652 2226 1741 2310 legio

409 2321 610 2403 imperatore.
648 2318 744 2381 Cuius
766 2318 794 2381 ai
815 2310 1001 2381 acerrimum
1024 2318 1175 2401 impetum
1190 2318 1338 2383 cohibere
1356 2322 1458 2383 Pansa
1479 2321 1648 2403 potuisset,
1670 2340 1738 2383 uno

410 2415 533 2499 proelio
555 2412 698 2478 confecta
727 2432 780 2476 res
801 2421 894 2496 esset.
930 2412 992 2475 Sed
1016 2432 1086 2475 cum
1109 2412 1260 2477 libertatis
1282 2414 1373 2477 avida
1394 2414 1477 2497 legio
1497 2415 1679 2478 effrenatius
1702 2415 1739 2477 in
1833 2488 1836 2493 Ι

371 2510 509 2573 ”aciem
530 2508 670 2571 bustim
692 2506 857 2589 irrupisset
877 2508 1010 2590 ipseque
1033 2506 1066 2569 io
1088 2506 1196 2590 primis
1220 2508 1320 2571 Pansa
1342 2515 1508 2592 pugnaret,
1535 2507 1658 2571 duobus
1680 2528 1738 2592 pe-

409 2603 556 2668 riculosis
578 2601 760 2666 vulneribus
783 2601 920 2683 acceptis
941 2600 1083 2664 sublatus
1105 2621 1124 2662 e
1145 2599 1267 2683 proelio
1288 2603 1335 2665 rei
1357 2601 1502 2685 publicae
1516 2603 1611 2665 vitam
1632 2622 1736 2665 reser-

409 2698 503 2762 varit.
543 2698 612 2779 ligo
638 2715 714 2758 vero
742 2695 827 2757 bunc
857 2714 920 2758 non
943 2694 1044 2757 solum
1066 2694 1303 2777 imperatorem,
1332 2695 1388 2759 sed
1410 2695 1505 2759 etiam
1527 2696 1734 2759 clarissimam

408 2791 629 2875 imperatorem
657 2788 780 2853 indico:
806 2789 863 2872 qui
893 2808 965 2851 cum
992 2796 1048 2851 aut
1076 2796 1176 2851 morte
1198 2794 1252 2851 aut
1272 2789 1403 2853 victoria
1426 2810 1459 2852 se
1481 2790 1733 2855 satisfacturum

408 2886 455 2949 rei
485 2884 628 2969 publicae
656 2882 896 2966 spopondisset,
922 2881 1056 2945 alterum
1084 2880 1176 2956 iecit,
1207 2882 1336 2947 alterius
1366 2882 1397 2945 di
1424 2884 1616 2947 immortales
1638 2904 1732 2949 omen

370 2978 568 3043 itarertantl
611 2978 652 3040 ll.
674 2974 725 3039 27.
747 2976 832 3051 Quid
862 2976 963 3039 dicam
993 2974 1032 3039 de
1060 2975 1183 3039 Hirtio?
1213 2976 1267 3059 qui
1296 2996 1331 3040 re
1352 2976 1458 3041 audita
1481 2998 1498 3041 a
1521 2980 1630 3041 castris
1652 2978 1732 3041 duas

407 3074 549 3157 legiones
570 3071 684 3137 eduxit
704 3069 882 3135 incredibili
902 3069 1008 3133 studio
1030 3076 1126 3152 atque
1141 3070 1271 3144 virtute,
1293 3078 1435 3154 quartam
1457 3069 1558 3145 illam,
1582 3091 1663 3153 qaae
1681 3092 1732 3135 re·

406 3168 482 3233 licto
503 3167 643 3231 Antonio
665 3187 700 3230 se
721 3165 798 3228 olim
820 3184 892 3227 cum
913 3164 1024 3227 ldartia
1045 3164 1168 3245 legione
1190 3164 1367 3238 coniunxit,
1390 3172 1422 3228 et
1444 3166 1624 3248 septimam,
1646 3186 1729 3249 quae

406 3262 577 3326 constituta
605 3280 646 3324 ex
672 3258 828 3323 romnis
858 3258 965 3323 docuit
993 3258 1054 3321 boc
1081 3257 1202 3340 proelio
1229 3258 1381 3323 militibus
1408 3259 1466 3333 iis,
1498 3260 1557 3341 qui
1587 3259 1730 3323 Caesaris

405 3354 560 3421 beneficia
579 3360 772 3427 serrassent,
794 3360 923 3416 senatum
945 3352 1118 3435 populique
1140 3350 1273 3417 Romani
1296 3372 1400 3417 carum
1422 3372 1537 3417 nomen
1557 3374 1639 3417 esse.
1671 3354 1728 3417 His

368 3451 519 3534 ”viginti
540 3448 737 3521 cohortibus,
758 3447 848 3510 nullo
869 3445 1174 3529 equitatu,'llirtius
1196 3446 1265 3528 lpse
1287 3446 1424 3528 aquilam
1439 3452 1570 3529 quartae
1591 3446 1726 3529 legioms

405 3564 479 3608 cum
506 3543 653 3617 inferret,
682 3561 747 3625 qua
771 3541 891 3604 nullius
917 3539 1128 3622 pulchriorem
1157 3541 1294 3622 speciem
1319 3540 1517 3622 imperatoris
1538 3540 1726 3622 accepimus,

406 3657 478 3701 cum
503 3637 601 3700 tribus
630 3636 759 3701 Antonii
787 3634 964 3717 legionibus
992 3634 1201 3717 equitatuque
1224 3634 1365 3696 conllixit
1384 3632 1557 3717 hostesque
1578 3632 1725 3709 nefarios,

469 3905 615 3969 ⁴.me
630 3905 709 3955 emt
726 3930 754 3941 -
772 3904 797 3955 3.
815 3903 935 3966 supplicio
951 3915 1008 3952 a—
1026 3916 1050 3953 r.
1065 3915 1093 3964 p.
1109 3902 1192 3966 putata
1210 3906 1280 3966 gesto
1297 3904 1323 3951 t:
1343 3901 1373 3952 ob
1389 3916 1412 3951 r.
1428 3915 1456 3964 p.
1472 3902 1556 3964 poet
1573 3908 1654 3966 gertus
1670 3918 1722 3963 av;

404 3982 539 4055 obruta)
560 3994 586 4043 p.
607 3976 837 4042 putcb.geatoab;
862 3977 1278 4042 obreup.putct.gcstum0;
1299 3978 1725 4041 emunctoriorum-

402 4057 524 4107 ctarra'me
539 4056 564 4114 4;
586 4053 621 4106 ct.
639 4068 666 4119 p.
684 4053 748 4115 603,
766 4054 807 4104 00.
828 4078 855 4089 -
873 4052 898 4105 l.
914 4054 1007 4103 coorta
1023 4052 1124 4103 abtv:
1141 4053 1232 4103 matria
1247 4054 1284 4103 io
1303 4078 1331 4091 -
1349 4051 1540 4116 inspectoribus
1555 4056 1603 4104 tv:
1621 4049 1680 4118 ἰωῇ.
1696 4069 1723 4117 p.

403 4148 445 4198 ab
464 4150 560 4209 (ortum
577 4160 610 4198 ex
626 4146 785 4211 compendio
800 4124 877 4209 enp'i.
896 4145 930 4197 ct.
943 4145 977 4195 ad
989 4159 1015 4196 v.
1029 4146 1044 4196 7
1062 4147 1090 4196 et
1105 4159 1131 4210 p.
1145 4145 1218 4208 4407,
1231 4145 1285 4208 “lt
1303 4146 1494 4209 imperatoribus
1505 4146 1605 4209 patoes
1620 4148 1644 4207 i;
1663 4148 1722 4211 bap.

389 4228 594 4288 putrescentes.
614 4222 712 4274 ocum
729 4223 811 4272 oxon.
829 4234 846 4270 v
865 4248 892 4258 -
910 4220 939 4271 A.
959 4224 982 4271 t:
1007 4233 1038 4270 ao
1055 4220 1112 4279 ab;
1136 4232 1190 4271 om.
1209 4222 1272 4271 4ιο
1291 4246 1316 4256 -
1336 4220 1438 4284 gotium
1454 4232 1471 4269 r
1490 4244 1517 4257 -
1536 4223 1561 4271 o.
1578 4223 1724 4285 mppttcutto

401 4304 438 4350 est
453 4297 499 4347 di
518 4324 545 4334 -
563 4296 932 4360 deracau-'tostae--qet
947 4300 1078 4359 ιιιρσνιιιιιι
1095 4295 1172 4346 οιιι.4
1191 4321 1218 4332 -
1237 4294 1350 4344 6.ctiom
1366 4308 1411 4359 eqo
1428 4308 1484 4345 a-
1503 4292 1600 4357 timia
1616 4310 1722 4359 paors

404 4401 432 4412 -
445 4375 469 4425 8.
482 4373 525 4436 qut
540 4386 615 4437 napea·
630 4376 679 4423 t-
693 4370 776 4421 vei-ba
788 4385 844 4421 nom
854 4398 891 4411 ··
900 4372 1064 4434 imperotores
1074 4370 1193 4421 Ferrario
1205 4380 1238 4419 ex
1255 4368 1413 4432 glossemate
1430 4369 1532 4419 adiecta
1549 4370 1721 4428 videbantur:

401 4447 546 4499 detondere
569 4450 680 4498 conatus
696 4448 738 4498 est
753 4446 888 4510 Wopkens
904 4447 930 4496 io
948 4444 1019 4496 lectt.
1038 4444 1103 4496 Tull.
1122 4447 1145 4507 4,
1164 4445 1192 4506 o,
1214 4458 1241 4509 p.
1260 4444 1300 4495 00.
1321 4470 1349 4483 -
1374 4444 1398 4494 0.
1417 4456 1466 4508 quo
1481 4457 1523 4495 mo
1539 4457 1598 4509 erqo
1611 4446 1696 4508 portur
1711 4448 1721 4493 t

402 4550 430 4560 -
449 4524 490 4574 tt.
507 4536 596 4574 nomm
611 4522 689 4585 oorpt.
707 4523 777 4573 mei:
797 4522 873 4585 ompt.
891 4534 980 4572 nemea
996 4522 1017 4571 Ο
1036 4547 1062 4559 -
1083 4532 1132 4584 quo
1148 4520 1220 4571 modo
1237 4521 1305 4570 coni.
1323 4523 1353 4571 Α.
1372 4521 1532 4593 bogusssaus
1552 4546 1579 4557 -
1596 4520 1696 4582 bwctm
1711 4522 1723 4570 t

1020 4600 1034 4637 o

403 4643 657 4697 -ootcobns'tlai
681 4669 710 4679 -
733 4643 816 4706 etp.
833 4648 911 4694 r-cat
930 4646 980 4693 tv:
1004 4657 1048 4705 pp.
1066 4658 1090 4693 r.
1108 4641 1190 4700 eatb;
1214 4638 1316 4705 pepp.
1334 4645 1411 4693 r.cat
1432 4655 1462 4701 ας
1489 4646 1525 4692 ert
1542 4656 1576 4704 .p.
1593 4657 1617 4693 r.
1636 4642 1719 4693 io·-

400 4722 441 4773 ti.
459 4718 576 4782 bosom
592 4719 603 4767 t
619 4742 647 4754 -
670 4717 710 4767 40.
727 4717 827 4767 amoos
842 4730 860 4766 v
881 4718 1057 4781 postcudet.
1076 4714 1158 4767 babet
1175 4740 1202 4753 -
1226 4716 1352 4765 tamenab
1368 4727 1398 4775 a;
1420 4716 1529 4766 mancae
1545 4717 1556 4764 t
1575 4742 1601 4753 -
1622 4716 1661 4767 44.
1679 4716 1721 4766 aad

398 4797 452 4847 toro
472 4794 491 4843 b
514 4818 542 4829 -
568 4793 609 4842 40.
630 4790 731 4855 euertit]
759 4791 802 4841 bic
823 4790 914 4843 delicit
934 4795 957 4855 t,
985 4792 1116 4857 sequente
1137 4792 1309 4855 quaternione
1331 4794 1391 4841 octo
1414 4789 1535 4841 loliorum
1564 4789 1718 4855 dependam

398 4865 1240 4929 coemere,ssoarpunet.-qoooeoquortoea-otv:
1260 4866 1372 4917 dito-
1392 4866 1656 4929 ti.cootla'eodta-
1675 4866 1721 4915 aot

398 4946 495 4997 savoa
508 4941 654 4995 delendum
671 4944 717 4991 aut
731 4942 813 4992 Poura
831 4945 890 5005 post
905 4943 1055 5004 maore
1070 4940 1223 4993 addendum
1240 4940 1380 4991 videbatur
1397 4940 1528 4999 Ferrario;
1546 4942 1575 4991 at
1590 4954 1615 4990 v.
1631 4941 1718 4991 Garat.

397 5019 433 5070 ad
449 5020 476 5071 4ι.
495 5017 512 5069 l.
531 5041 560 5055 -
579 5017 619 5067 48,
636 5018 720 5067 Puera
735 5018 802 5068 mei:
820 5020 908 5069 om.0
926 5042 954 5055 —
973 5019 1014 5069 40.
1031 5030 1072 5069 rea
1088 5028 1142 5067 om.
1160 5030 1177 5067 v
1196 5042 1223 5053 -
1242 5017 1283 5067 20.
1301 5017 1434 5079 osupum
1450 5029 1480 5071 a:
1498 5014 1671 5079 tumeat>
1690 5040 1717 5050 -

395 5091 692 5159 pemmo-Ita]
709 5105 823 5143 oav-
841 5092 1050 5144 rcacaumdtbi:
1068 5090 1339 5143 saecutus-Il.
1358 5092 1430 5141 dtr:
1449 5090 1568 5141 dito-
1586 5089 1721 5152 aequae-

397 5168 685 5221 turaestaatttoma-
704 5166 1427 5219 aa.aoemo:tuoo-mstoooom.a-sobv
1445 5190 1472 5203 -
1494 5164 1535 5217 30.
1554 5164 1717 5229 tagioaa'v-

398 5242 439 5295 04.
457 5258 509 5308 quo
523 5243 581 5296 bv:
599 5243 661 5305 m
679 5242 723 5295 ai.
