4009 6159
808 991 917 1116 444
942 974 1045 1090 dat

707 1209 752 1300 4.
777 1209 920 1301 mnu
946 1208 1176 1302 nonacris

407 1420 1049 1512 PR00.RAB1R10
1095 1403 1475 1510 P⁸0STUMO

735 1630 886 1695 oatrro
908 1632 962 1694 44
984 1631 1155 1694 inurens

812 1827 855 1877 EX
872 1827 1072 1878 RECENSlONE

692 1986 921 2046 GAROLI
957 1986 1198 2046 usnam

862 2215 1031 2228 ἀι-...-

725 2399 908 2461 NOTARUM
930 2399 1169 2460 Exralcnrlo.

324 2571 349 2590 =
367 2545 453 2597 codex
469 2543 636 2596 Monacensis
653 2543 760 2593 4444444
777 2556 851 2593 num.
869 2542 900 2592 68
917 2541 1094 2593 bibliothecae
1112 2541 1247 2606 quondam
1264 2538 1421 2592 electoralis.

324 2639 349 2657 =
368 2619 453 2671 codex
470 2617 604 2683 quondam
621 2615 841 2681 salisburgensis,
860 2630 931 2668 nunc
948 2619 1113 2668 Monacensis
1130 2618 1185 2668 Lat.
1204 2630 1277 2668 num.
1296 2616 1385 2668 rarat.

324 2756 349 2774 ==
367 2739 452 2791 codex
468 2738 681 2792 vindobonensis
704 2741 822 2804 signatus
842 2691 918 2840 ᾗ·
941 2741 1022 2804 inum.
1040 2740 1085 2790 xv
1102 2740 1128 2790 in
1145 2737 1291 2790 lindlicbsri
1308 2737 1443 2803 catalogo).

326 2916 351 2934 =
370 2870 455 2949 codex
471 2897 683 2951 vindobonensis
705 2902 822 2965 signatus
842 2855 953 2989 3141]-
980 2900 1065 2963 (num.
1084 2897 1141 2948 44414
1161 2897 1232 2963 apud
1254 2897 1348 2962 lindi).
1383 2899 1527 2963 Utrumque
1550 2900 1610 2952 dili-

366 3004 460 3066 genter
476 3001 585 3053 contulit
600 3004 730 3054 Amanum
747 3004 860 3054 Lnnwro.

326 3110 351 3129 =
369 3085 474 3137 ESUV
490 3089 547 3138 sive
564 3086 671 3138 codices
687 3085 825 3151 diligenter
841 3085 937 3139 collati.

326 3177 352 3196 =
369 3162 454 3212 codex
469 3160 611 3212 Alexandri
628 3161 760 3223 Gloriarii,
779 3175 832 3226 quo
849 3176 914 3214 usus
931 3163 1121 3221 astuciarum
1139 3173 1165 3211 v.
1179 3159 1235 3210 eius
1255 3159 1390 3210 Variacum
1405 3159 1546 3214 Lectionum
1563 3163 1608 3217 lib.

368 3237 450 3299 444444,
469 3249 527 3302 cap.
545 3239 571 3288 e.
602 3237 678 3287 44444
700 3237 836 3301 codicem,
860 3239 905 3302 qui
928 3250 991 3289 curn
1013 3236 1120 3300 reliquis
1142 3233 1216 3286 libris
1233 3248 1301 3300 quos
1317 3237 1435 3286 Muretus
1454 3237 1611 3301 possederat

369 3312 395 3362 in
411 3310 601 3362 bibliothecam
618 3310 719 3380 collegii
736 3314 846 3364 Romani
862 3313 996 3378 pervenit,
1016 3314 1089 3364 (4444.
1109 3313 1234 3361 4444444444
1252 3309 1375 3371 44444444,
1400 3313 1475 3363 cuius
1492 3311 1610 3364 collatio-

370 3400 431 3438 nem
454 3400 503 3438 nos
524 3401 557 3438 ex
574 3389 632 3440 eius
651 3387 771 3448 scbedis,
795 3401 864 3453 qnae
881 3389 907 3438 in
924 3386 1083 3439 bibliotheca
1101 3385 1207 3452 publica
1223 3387 1414 3438 Rauennatium
1431 3391 1609 3450 asservantur,

368 3463 517 3528 petivimus,
536 3475 603 3527 quas
620 3464 646 3513 in
663 3465 782 3514 nostrum
799 3477 878 3514 usum
889 3463 980 3526 Tycha
993 3463 1183 3514 Mommsenius
1195 3460 1344 3526 descripsit.
1370 3463 1399 3512 ln
1411 3461 1497 3513 isdem
1509 3466 1612 3514 exstem

368 3537 551 3588 adnotationes
563 3550 629 3601 quas
640 3539 763 3588 Garatoni
780 3538 814 3589 de
830 3539 881 3588 bac
892 3540 1021 3598 emtione,
1038 3537 1111 3602 prius
1124 3550 1203 3600 quam
1215 3537 1434 3588 commentarium
1452 3540 1611 3602 perpetuum

369 3611 542 3674 elaborasset,
560 3613 769 3678 conscripsemt;
786 3615 807 3664 is
825 3615 905 3676 enim,
925 3626 987 3664 cnm
1005 3611 1140 3678 Neapolim
1157 3612 1192 3662 ad
1203 3609 1374 3676 bibliopolam
1386 3609 1540 3662 Porcellium
1553 3613 1611 3664 mit·

367 3689 477 3750 teretur,
495 3689 523 3738 in
540 3687 632 3738 ttinere
650 3687 772 3753 deperiit,
790 3691 819 3739 nt
835 3691 893 3753 ipse
911 3689 1026 3740 narravit
1042 3690 1069 3740 in
1081 3687 1153 3740 aas
1168 3687 1281 3738 4444444444
1296 3687 1330 3738 od
1340 3687 1503 3738 Phocicum
1518 3689 1612 3754 papi

369 3763 412 3814 ed.
431 3764 531 3814 Bonan.

287 3840 455 3905 CHSTW
473 3856 499 3876 =
517 3839 624 3892 codices
641 3841 812 3892 oxonienses.

287 3930 305 3967 v
327 3931 353 3950 =
371 3916 451 3967 editio
468 3915 570 3967 Veneta
586 3929 611 3967 a.
630 3915 702 3968 4444.
773 3936 785 3979 ς

288 4005 305 4042 4
329 4007 355 4027 ==
372 3990 452 4042 editio
467 3992 630 4044 ascensiana
646 4005 671 4042 a.
689 3992 762 4043 4444.

287 4067 307 4118 b
328 4083 355 4105 ε·
373 4067 453 4119 editio
474 4065 632 4119 basileensis
653 4081 678 4118 a.
697 4067 761 4119 teas
781 4067 838 4119 4444
856 4065 1053 4122 Cratandriana.
1088 4065 1141 4120 llas
1162 4067 1218 4120 tras
1239 4063 1369 4120 editiones
1391 4069 1419 4120 et
1438 4066 1545 4121 codices
1566 4067 1612 4122 Es

371 4145 419 4210 ipsi
437 4143 613 4195 excussimus.

290 4218 310 4268 0
328 4237 354 4257 =
372 4217 452 4269 editio
469 4216 599 4269 Orelliana
615 4219 696 4283 prior.

291 4291 356 4344 ciat.
375 4309 401 4330 ε
419 4291 504 4343 codex
524 4290 644 4343 Herculis
665 4291 780 4355 Cietani,
803 4307 836 4344 ex
858 4307 911 4360 quo
933 4296 1051 4347 lluretus
1067 4294 1101 4345 ad
1119 4295 1266 4358 marginem
1283 4291 1398 4360 exempli
1415 4295 1456 4346 sui
1471 4295 1614 4348 4444444444

371 4367 471 4433 aliquot
486 4365 612 4419 lectiones
629 4367 783 4433 adscripsit,
808 4369 879 4420 unde
896 4382 942 4422 eas
959 4371 1081 4421 Garatoni
1097 4371 1219 4435 sumpsit.
1246 4369 1299 4420 Sed
1315 4369 1438 4421 videatur
1454 4369 1505 4422 bas
1520 4369 1614 4422 lectio-

371 4457 420 4495 nes
441 4442 584 4509 pleraeque
607 4443 774 4495 coniecturae
797 4458 857 4497 esse
878 4445 949 4497 docti
972 4445 1086 4496 bominis
1107 4443 1178 4508 ltali,
1201 4459 1252 4496 nec
1268 4445 1399 4497 maiorem
1416 4445 1497 4497 tidem
1514 4443 1615 4500 babent

372 4530 454 4584 quam
470 4516 596 4569 lectiones
607 4531 674 4583 quae
690 4519 854 4580 Hotomanus
869 4533 901 4572 ex
917 4519 1117 4586 pervetustolt),
1135 4522 1166 4570 ut
1181 4521 1226 4582 att,
1244 4519 1336 4570 codice
1352 4518 1468 4583 protulit.
1495 4520 1548 4571 lies
1558 4522 1615 4584 qui-

371 4593 434 4645 dem
450 4593 508 4644 sine
525 4591 578 4643 ullo
595 4606 675 4644 curae
696 4597 802 4645 nostrae
823 4595 983 4647 (lenimento
1005 4595 1218 4660 praetermittere
1239 4595 1406 4659 poteramus,
1431 4593 1481 4646 nist
1500 4593 1615 4646 Klotzius

371 4669 412 4720 his
433 4667 508 4720 vanis
531 4670 689 4720 commentis
710 4671 811 4721 4444444
833 4669 914 4721 tidem
930 4669 1084 4732 habuisset,
1108 4673 1138 4720 ut
1154 4682 1248 4721 omnes
1265 4667 1392 4720 lectiones
1414 4669 1490 4720 istius
1506 4669 1614 4734 codicis,

371 4757 452 4808 quem
469 4743 503 4794 ab
521 4744 580 4809 ipso
596 4743 744 4795 4444444444
760 4745 852 4796 lictum
868 4748 1001 4811 putamus,
1021 4745 1048 4795 in
1061 4743 1206 4795 verborum
1224 4747 1377 4796 contextum
1393 4745 1548 4808 recepisset.

355 4827 509 4881 Universum
533 4826 677 4879 lectionum
699 4827 904 4895 discrepantiam
924 4829 1049 4881 dedimus
1071 4842 1104 4880 ex
1120 4828 1268 4892 ESllllO,
1295 4829 1360 4878 item
1375 4839 1470 4880 omnes
1485 4826 1615 4880 lectiones

290 4917 357 4969 ques
382 4903 505 4954 Gamtoui
526 4916 559 4954 ex
580 4905 602 4954 G
622 4903 772 4969 exscripsit,
798 4903 912 4957 selectos
935 4918 968 4956 ex
988 4903 1058 4956 vab
1081 4905 1108 4954 et
1124 4915 1157 4954 ex
1173 4903 1252 4955 codd.
1270 4903 1476 4966 oxoniensibus,
1500 4915 1615 4967 qnorum

291 4991 375 5042 nnnc,
392 4989 455 5029 cum
471 4979 596 5042 quattuor
610 4977 706 5029 saltem
721 4979 829 5031 codices
846 4979 986 5045 diligenter
1001 4978 1110 5030 collutos
1126 4978 1283 5042 babeamus,
1303 4975 1390 5030 nullus
1407 4976 1462 5028 tere
1480 4977 1534 5028 iam
1549 4989 1615 5028 usus

292 5059 341 5106 est.
360 5081 387 5090 -
406 5055 445 5105 De
463 5053 581 5104 44444444
597 5052 764 5105 emendanda
781 5056 880 5120 optime
903 5055 1001 5107 meruit
1016 5053 1128 5105 ,4444444
1143 5053 1278 5116 haimos,
1300 5054 1345 5117 qui
1367 5065 1428 5104 eam
1449 5050 1532 5104 edidit
1548 5051 1615 5102 Cra-

292 5131 384 5181 coviae
406 5142 430 5180 4.
449 5128 513 5180 raes
528 5129 555 5179 in
571 5127 611 5190 t.;
632 5127 681 5180 sed
702 5129 774 5181 bona
793 5144 857 5196 pars
878 5131 936 5183 elus
957 5129 1174 5183 emendationum
1196 5129 1223 5180 in
1244 5128 1347 5180 Graeui
1366 5127 1559 5182 commentario
1579 5123 1615 5175 ad

294 5204 411 5256 44444444
426 5215 512 5269 usque
529 5205 645 5257 aetatem
661 5204 780 5271 44444444
796 5206 886 5258 iacuit.

851 5345 1056 5364 w
