4009 6159
685 609 759 676 cu.
780 609 1046 677 xxv-xxvii.
1072 609 1118 696 44
1141 609 1285 678 44-44.
1561 607 1642 675 4444

321 801 416 865 quam
436 780 599 845 bominem
619 781 739 844 homini
760 781 912 845 cariorem
933 781 1146 866 fuissequam
1161 791 1192 846 te
1208 783 1285 859 sibi,
1306 783 1429 847 nullum
1444 803 1478 847 se
1493 802 1642 865 umquam

318 874 496 958 periculum
527 895 585 958 pro
615 883 670 938 tua
699 874 852 957 dignitate
873 874 1009 958 fugisse,
1037 897 1107 939 cum
1128 877 1198 959 ipsa
1218 877 1273 941 illa
1296 878 1476 941 taeterrima
1497 883 1586 961 peste
1609 896 1643 940 se

320 969 506 1052 saepissime
524 990 582 1054 pru
604 977 658 1033 tua
673 969 773 1051 gloria
788 970 998 1044 contendisse,
1016 970 1206 1033 tribunatum
1222 991 1313 1034 suum
1328 970 1368 1034 ad
1384 971 1515 1034 salutem
1530 989 1643 1044 meam,

319 1082 402 1147 quae
429 1062 486 1126 tibi
515 1064 675 1126 carissima
701 1063 827 1136 luisset,
864 1062 1004 1127 consiliis
1035 1065 1098 1126 tuis
1127 1062 1350 1146 qubematum,
1384 1083 1418 1126 se
1440 1083 1459 1125 a
1481 1071 1511 1126 te
1532 1071 1644 1147 postea

319 1155 484 1220 defensum
512 1158 545 1220 in
573 1157 715 1240 periculo
738 1157 869 1239 capitis,
899 1157 1040 1220 adiutum
1061 1159 1093 1219 in
1116 1157 1268 1241 petitione
1290 1165 1474 1240 praeturae,
1506 1156 1587 1220 duos
1609 1166 1667 1220 seb

318 1249 434 1312 babere
455 1269 582 1334 semper
603 1250 809 1314 amicissimos
831 1271 993 1334 sperasse,
1022 1259 1054 1314 te
1082 1253 1138 1314 tuo
1165 1247 1335 1325 beneficio,
1367 1271 1417 1312 me
1440 1269 1509 1313 suo.
1554 1248 1644 1324 Quae

319 1343 346 1406 si
372 1363 438 1406 non
466 1344 628 1427 probaret,
662 1344 689 1406 si
719 1343 775 1405 tibi
803 1344 846 1408 ita
873 1345 999 1430 penitus
1021 1345 1210 1409 inhaesisset
1231 1346 1293 1409 ista
1314 1345 1465 1428 suspicio,
1498 1341 1586 1406 nullo
1609 1347 1646 1404 ut

320 1437 413 1502 evelli
434 1436 530 1500 modo
551 1433 726 1525 posset,(si
749 1437 886 1522 denique
907 1438 998 1501 Italia
1020 1458 1039 1501 a
1061 1438 1194 1512 dilectu,
1217 1438 1293 1502 urbs
1316 1437 1355 1501 ab
1378 1435 1563 1522 armis)sine
1586 1435 1644 1498 Mi·-

319 1530 403 1592 lonis
423 1530 513 1594 clade
524 1526 707 1614 (numquam
728 1521 1107 1620 ess-etconquieturadne
1123 1532 1146 1611 †
1160 1531 1220 1594 iste
1234 1531 1319 1593 baud
1335 1531 1482 1593 dubitans
1498 1530 1645 1592 cessisset

318 1624 434 1708 patria,
463 1625 508 1698 is,
531 1626 586 1708 qui
607 1627 652 1687 ita
673 1632 766 1688 natus
788 1633 837 1687 est
859 1626 957 1688 etita
978 1627 1161 1700 consuevit3
1191 1632 1235 1699 te,
1266 1625 1396 1706 blegne,
1424 1632 1529 1689 tamen
1557 1631 1681 1686 ante-tc

320 1724 470 1792 staretur,
493 1718 579 1801 quod
600 1738 685 1782 nunc
708 1719 801 1781 etiam
823 1717 908 1782 facit.
952 1719 1066 1781 xxvi.
1088 1715 1139 1781 69.
1162 1719 1258 1794 Vide,
1281 1739 1375 1802 quam
1398 1719 1439 1782 sit
1459 1717 1643 1783 rennuitae

320 1812 615 1896 commutabilisque
636 1813 734 1888 ratio,
757 1832 852 1895 quam
873 1831 953 1895 vaga
975 1812 1190 1897 volubilisque
1211 1811 1353 1886 fortuna,
1375 1818 1512 1895 quantae
1533 1808 1644 1874 infide·

319 1908 424 1970 litates
445 1905 481 1968 in
502 1906 630 1980 amicis,
653 1927 747 1991 quam
770 1906 810 1970 ad
831 1915 957 1988 tempus
978 1912 1071 1988 aptae
1093 1905 1326 1979 simulationes,
1349 1914 1486 1988 quantae
1507 1905 1540 1968 in
1562 1905 1645 1987 peri-

217 2072 225 2084 ,
319 2001 398 2065 culis
419 2001 513 2084 fugae
538 2001 772 2083 proximorum,
802 2007 939 2084 quantae
960 2000 1153 2062 timiditates.
1197 2000 1283 2073 Erit,
1314 2000 1374 2062 erit
1402 1998 1480 2061 illud
1502 1997 1643 2082 prolecto

318 2102 445 2178 tempus
474 2102 507 2158 et
528 2092 692 2156 illucescet
711 2092 884 2176 aliquando
905 2093 961 2154 ille
983 2092 1068 2166 dies,
1102 2113 1173 2157 cum
1195 2101 1229 2155 tu
1251 2091 1457 2167 salutaribus,
1485 2099 1521 2155 ut
1542 2107 1681 2176 spero,sc

319 2189 413 2253 rebus
434 2189 515 2262 tuis,
545 2186 601 2250 sed
623 2186 756 2251 fortasse
778 2195 866 2250 motu
889 2187 996 2270 aliquo
1019 2189 1233 2251 communium
1255 2195 1449 2270 temporum,
1472 2185 1526 2269 qui
1548 2203 1645 2269 quam

319 2282 429 2346 crebro
458 2280 580 2346 accidat
607 2281 730 2364 experti
758 2281 839 2345 seire
867 2279 1035 2355 debemus,
1066 2289 1098 2344 et
1124 2282 1307 2345 amicissimi
1335 2279 1590 2344 benevolentiam
1613 2285 1646 2342 et

319 2375 496 2461 gravissimi
528 2374 665 2438 bominis
696 2373 792 2437 tidem
821 2376 974 2438 etunius
1003 2382 1076 2457 post
1104 2375 1250 2439 homines
1278 2382 1370 2439 natos
1399 2373 1563 2437 fortissimi
1585 2371 1645 2436 riri

319 2468 570 2553 magnitudinem
603 2469 699 2531 animi
732 2469 902 2532 desideres.
945 2467 998 2530 70.
1022 2470 1220 2552 Quamquam
1251 2470 1323 2552 quis
1353 2468 1414 2530 hoc
1436 2464 1558 2542 credat,
1588 2465 1644 2528 Cn.

320 2563 523 2648 Pompeium,
545 2563 624 2626 iuris
645 2563 778 2646 publici,
801 2564 898 2626 moris
920 2563 1092 2638 maiorum,
1124 2562 1171 2626 rei
1193 2561 1332 2646 denique
1353 2561 1499 2644 publicae
1520 2561 1681 2644 peritis-so

320 2658 452 2731 simum,
474 2677 547 2719 curn
569 2664 698 2719 senatus
719 2658 749 2719 ei
772 2657 980 2731 commiserit,
1008 2664 1044 2719 ut
1064 2656 1185 2720 videret
1206 2677 1247 2719 ne
1269 2656 1344 2741 quid
1367 2675 1418 2718 res
1444 2641 1646 2738 publica‘de-

319 2751 458 2816 trimenti
480 2757 624 2835 caperet,
646 2771 711 2836 quo
732 2770 796 2814 uno
819 2751 977 2814 versiculo
1000 2752 1075 2814 satis
1094 2753 1203 2814 armati
1219 2771 1342 2833 semper
1357 2749 1504 2814 consules
1518 2748 1647 2811 luerunt

321 2846 416 2910 etiam
437 2843 534 2906 nullis
556 2844 652 2906 armis
673 2844 771 2920 datis,
793 2846 878 2908 bunc
900 2845 1057 2919 exercitu,
1079 2845 1164 2908 hunc
1186 2845 1303 2908 dilectu
1321 2844 1394 2908 dato
1416 2843 1569 2906 iudicium
1592 2861 1647 2904 ex-

320 2945 532 3023 spectaturum
552 2937 652 3000 fuisse
674 2939 708 3000 in
730 2939 798 3002 eius
822 2939 962 3001 consiliis
983 2939 1196 3013 vindicandis,
1223 2939 1279 3021 qui
1300 2939 1332 3002 ri
1352 2936 1468 3000 iudicia
1496 2937 1566 3019 ipsa
1586 2935 1647 2998 tol·

320 3035 425 3098 lereti
448 3033 531 3096 Satis
552 3030 726 3095 iudicatum
748 3042 797 3096 est
817 3053 836 3095 a
857 3033 1022 3116 Pompeio,
1046 3033 1136 3108 satis,
1159 3033 1238 3096 salso
1260 3033 1322 3096 ista
1342 3030 1479 3094 conferri
1501 3030 1535 3092 in
1555 3027 1683 3094 Milo-at

322 3149 413 3202 nem,
435 3127 490 3210 qui
512 3126 613 3207 legem
636 3125 724 3200 tulit,
746 3146 825 3209 qua,
847 3133 883 3190 ut
902 3129 1094 3208 egerenda,
1115 3127 1265 3189 Milonem
1279 3126 1400 3189 absolvi
1415 3145 1434 3188 a
1447 3122 1537 3187 vobis
1553 3141 1648 3205 opor·

321 3229 418 3296 teret,
446 3229 483 3285 ut
504 3239 615 3284 omnes
637 3219 845 3296 confitentur,
872 3221 991 3284 liceret.
1035 3215 1086 3282 7l.
1110 3219 1203 3296 Quod
1224 3240 1301 3285 vero
1323 3221 1356 3281 in
1377 3219 1435 3281 illo
1456 3217 1529 3281 loco
1551 3221 1646 3300 atque

320 3316 384 3378 illis
405 3315 603 3399 publicorum
624 3315 852 3396 praesidiorum
876 3315 976 3397 copiis
998 3314 1206 3378 circumfusus
1229 3315 1333 3388 sedet,
1355 3313 1431 3377 satis
1452 3311 1592 3375 declarat
1613 3328 1647 3374 se

320 3431 386 3474 non
414 3416 566 3472 terrorem
592 3408 709 3471 inferre
737 3408 828 3471 vobis
850 3442 891 3455 -
914 3408 992 3492 quid
1018 3410 1101 3472 enim
1124 3410 1227 3471 minus
1250 3407 1305 3472 illo
1327 3407 1457 3490 dignum
1479 3425 1573 3488 quam
1595 3423 1648 3467 co·

320 3523 404 3588 gere,
426 3511 462 3567 ut
483 3522 539 3566 vos
561 3523 632 3565 eum
655 3502 881 3576 condemnetis,
903 3503 936 3564 iu
958 3521 1052 3585 quem
1075 3503 1214 3565 animum
1230 3502 1395 3566 advertere
1416 3501 1485 3582 ipse
1508 3508 1540 3562 et
1561 3513 1685 3562 moreto

321 3599 476 3662 maiorum
511 3605 543 3659 et
574 3611 632 3660 suo
666 3597 734 3658 iure
767 3597 899 3678 posset?
924 3629 978 3670 —-,
1012 3595 1067 3657 sed
1096 3595 1254 3681 praesidio
1284 3615 1371 3671 esso,
1404 3601 1439 3656 ut
1465 3593 1648 3677 intelligatis

322 3700 431 3757 contra
456 3691 636 3757 hesternam
667 3689 755 3753 illam
777 3689 954 3753 contionem
977 3689 1073 3752 licere
1094 3689 1185 3753 vobis
1207 3687 1292 3773 quod
1314 3689 1459 3753 sentiatis
1479 3687 1579 3751 libere
1600 3686 1649 3749 iu·

322 3787 438 3852 dicare.
1558 3846 1563 3856 ,

406 3883 537 3947 XXVII.
560 3879 611 3944 72.
642 3883 708 3944 Nec
733 3899 809 3943 vero
831 3899 897 3954 me,
925 3878 1060 3954 iudices,
1092 3878 1279 3944 Clodianum
1302 3879 1420 3942 crimen
1443 3882 1562 3950 movet,
1589 3893 1649 3936 nec

322 3986 385 4043 44444
407 3996 478 4041 sum
499 3975 629 4040 demens
650 3984 780 4059 tamque
799 3974 894 4038 vestri
917 3993 1031 4036 sensus
1047 3975 1175 4056 ignarus
1190 3980 1284 4057 atque
1299 3987 1436 4056 expers,
1450 3977 1487 4034 ut
1500 3969 1686 4044 nesciamus

386 4261 412 4311 2.
429 4260 624 4324 iduipscE-
642 4258 772 4309 4444444444
788 4257 881 4308 TESO
902 4282 928 4292 -
945 4253 1155 4318 4444444414-
1172 4250 1551 4317 praeturaclprcceiiaeE-
1570 4250 1649 4300 444-

321 4338 499 4388 rsdissats-
522 4336 547 4387 8.
565 4336 655 4386 4444444
673 4335 735 4385 TE:
760 4333 853 4384 44444444
878 4331 923 4382 SO
948 4357 975 4366 -
1001 4332 1026 4381 9.
1044 4329 1180 4380 aeTES:
1204 4327 1299 4378 44440.
1323 4327 1437 4378 somnes
1462 4324 1521 4375 libri
1542 4327 1649 4376 veteres

321 4411 423 4463 habeut
442 4413 511 4463 hanc
526 4409 684 4476 particulam
700 4410 758 4460 siue
775 4407 939 4473 diphthongo
955 4406 1107 4469 scriptam.»
1128 4403 1262 4452 issaram.
1279 4426 1306 4436 —
1324 4401 1435 4462 44414444
1450 4411 1520 4451 unus
1536 4413 1552 4450 e
1569 4399 1648 4451 codd.

322 4485 567 4550 Lagomarsiuiauia.
581 4510 608 4521 -
624 4486 700 4546 baud]
711 4490 758 4535 aut
773 4485 819 4535 TE
839 4509 866 4520 -
884 4483 925 4532 44.
941 4481 1010 4530 Vides
1026 4479 1077 4531 ΕΗ
1096 4505 1123 4514 -
1143 4478 1183 4528 43.
1202 4477 1322 4526 4444444444
1338 4477 1399 4526 E-
1419 4474 1459 4526 tt.
1478 4475 1534 4524 Erit
1550 4479 1574 4524 44
1588 4475 1651 4525 iilud

322 4564 385 4613 Τ-
401 4559 458 4610 Erit
472 4559 514 4609 4444
529 4564 605 4630 atquo
625 4559 745 4609 4444444444
761 4558 813 4607 dias
827 4555 907 4607 lulius
924 4554 1076 4605 Rufinianus
1099 4553 1129 4601 dc
1147 4553 1191 4615 pty.
1208 4555 1269 4600 saut
1287 4556 1311 4601 st
1326 4551 1385 4600 cicc.
1405 4549 1419 4614 5
1437 4550 1477 4599 tr.
1498 4573 1526 4583 —
1550 4549 1591 4598 tb.
1609 4548 1651 4599 4444

322 4635 458 4697 4444444444
474 4635 494 4684 E
507 4632 595 4697 (solus)
610 4661 637 4672 -
655 4633 842 4684 adubritcttbus
858 4633 892 4691 T;
910 4628 1051 4681 salubribus
1062 4625 1230 4684 Garatonius3
1249 4625 1410 4676 incolumibus
1421 4623 1574 4676 Wundcrus
1589 4624 1648 4673 Vua.

322 4711 397 4761 44444.
415 4723 441 4773 p.
461 4709 588 4760 cmvr.
607 4707 646 4759 Ci.
665 4709 731 4772 Epp.
749 4706 785 4758 ad
800 4709 852 4758 4444.
871 4706 917 4766 ili,
934 4705 974 4765 44,
992 4701 1023 4753 l:
1044 4707 1068 4753 44
1083 4701 1144 4752 baec
1157 4701 1259 4764 4444444444
1274 4705 1331 4750 aaut
1346 4705 1370 4750 44
1385 4699 1430 4748 uu
1445 4713 1497 4749 44444
1512 4699 1647 4750 4444444444.

324 4811 353 4824 ·-
372 4785 412 4834 46.
430 4784 515 4846 cipue
531 4785 558 4832 44
574 4785 742 4833 emmunim
757 4783 803 4833 TE
822 4809 849 4818 -
868 4786 1007 4843 uosposum
1022 4777 1087 4827 TE:
1106 4782 1245 4839 4444444444
1260 4775 1397 4826 immutatis
1413 4774 1468 4824 80.
1486 4773 1650 4824 4444444444-

322 4859 417 4911 derum
440 4857 794 4922 Var.Lactt.p.LXXllV11.
815 4882 842 4892 -
869 4856 913 4919 qui
933 4867 1011 4915 quum
1027 4854 1060 4902 S:
1088 4852 1221 4914 quicquum
1243 4851 1291 4901 TE
1319 4875 1344 4886 -
1371 4849 1411 4904 st.
1431 4848 1558 4912 acpepcrti
1579 4851 1599 4901 E
1620 4873 1645 4885 -

321 4936 384 4985 scire
400 4933 587 4984 debmusuTE:
605 4933 717 4983 (4444444444
732 4933 795 4983 scira
811 4933 897 4982 80-
917 4927 1235 4979 beniuolentiasnTES—
1255 4927 1294 4976 49.
1309 4926 1433 4976 desim
1448 4923 1482 4982 E;
1501 4921 1650 4972 desiderabis

321 5009 426 5062 Bakius.
441 5033 469 5043 -
487 5007 529 5058 20.
544 5009 752 5071 peritissimorum
768 5008 788 5057 T
805 5033 833 5044 -
851 5008 892 5057 at.
909 5007 935 5055 44
950 5005 1038 5054 cml*
1056 5030 1083 5040 -
1102 5002 1144 5053 23.
1162 5001 1250 5052 dilectu
1266 5001 1331 5052 TE:
1350 4999 1444 5050 44444444
1460 4997 1505 5047 SO
1525 5022 1552 5033 -
1570 4994 1650 5046 ibai

322 5084 356 5134 C:
375 5081 414 5132 cst
430 5082 505 5132 TES
523 5107 552 5118 -
569 5083 611 5133 28.
628 5081 714 5146 copiis]
733 5082 859 5144 cmpusT
877 5105 904 5116 -
923 5080 965 5130 29.
983 5080 1044 5141 quid
1059 5077 1307 5139 44444--44444444444
1323 5087 1373 5126 csse
1389 5073 1472 5123 habet
1487 5074 1549 5122 Α-
1567 5072 1651 5122 4444444

320 5159 364 5208 itio
380 5158 476 5208 TEA:
493 5156 635 5207 4444444444
650 5157 696 5207 SO
715 5183 743 5192 -
762 5156 803 5205 344.
821 5154 1072 5212 ccndmmaotisT-
1090 5157 1177 5202 44444
1192 5153 1278 5201 omi
1293 5176 1321 5187 -
1338 5150 1452 5199 44444444
1468 5147 1598 5197 4444444444
1613 5147 1648 5197 Ε;

321 5233 588 5292 meduntam
615 5231 813 5281 mmmducrtm
834 5230 927 5279 SO-
952 5227 1166 5292 3⁴.scd]etTA
1188 5252 1215 5263 -
1241 5225 1388 5276 444444-
1415 5220 1646 5286 4444444444-

321 5308 362 5359 34.
379 5307 451 5360 444444
466 5304 844 5361 emmeramensem
859 5304 930 5354 444444
945 5304 1001 5354 SO.
